2362 3796
122 151 188 216 252
275 152 431 205 SOHOLIA
448 153 488 204 IN
506 151 782 204 ELEMENTORUM
798 150 937 201 LIBRUM
951 150 987 202 11.

120 293 141 379 ἡ
167 291 204 360 δὲ
228 299 294 359 BA
321 290 483 377 μονάδων
507 298 542 378 ιγ
567 291 623 358 καὶ
649 289 687 359 τὸ
716 288 772 357 ἀπ’
799 287 902 376 αὐτῆς
923 287 1138 373 τετράγωνον

121 397 283 485 μονάδων
297 389 374 486 ’ρ-ξθ.
410 396 431 484 ἡ
456 397 493 466 δὲ
512 403 582 464 ΑΓ
600 396 761 484 μονάδων
778 389 804 464 δ
823 396 879 463 καὶ
901 395 940 464 τὸ
960 393 1017 462 ἀπ’
1035 392 1140 480 αὐτῆς

121 505 330 596 τετράγωνον
359 510 399 576 ιζ’.
444 506 485 573 τά
513 497 576 573 οὖν
604 502 841 591 συναμφότερα
872 504 1065 591 τετράγωνα
1097 500 1138 569 τά

122 609 186 679 ἀπὸ
205 615 264 698 τῆς
282 619 349 678 ΒΑ
366 611 422 678 καὶ
440 615 510 677 ΑΓ
529 607 602 696 ἤτοι
620 608 660 678 τὰ
680 601 819 694 ρξθκαὶ
839 615 872 681 ιξ
894 616 1047 695 γίνονται
1065 613 1139 698 ρπε.

86 723 205 793 εὲστω
240 717 277 785 δὲ
304 714 325 803 ἡ
349 725 420 783 ΑΔ
447 716 606 803 μονάδων
632 728 663 782 ε·
700 715 784 785 ὥστε
813 715 850 785 τὸ
884 717 937 796 δὶς
969 713 1033 784 ὑπὸ
1068 721 1136 784 τόν

122 830 197 910 ΓΑ,
222 834 254 891 Α
260 833 293 891 Δ
319 829 445 910 γίνεται
474 829 509 910 μ
551 824 700 910 τετράκις
726 822 790 909 γάρ
818 824 915 891 πέντε
945 822 1001 890 καὶ
1034 813 1139 900 αὖθις

120 929 270 1017 τετράκις
294 957 310 997 ε
333 957 365 1016 μ
417 926 568 1015 ὑπερέχει
597 919 660 995 οὖν
687 926 725 996 τὸ
754 925 820 997 ἀπὸ
848 933 907 1016 τῆς
934 934 1002 996 ΒΓ
1027 926 1138 1014 τετρά-

122 1140 243 1227 γόνων
272 1138 381 1208 όντων
409 1164 470 1229 ρπε
499 1136 676 1225 μονάσιμ.
726 1143 756 1206 ει’
786 1137 851 1228 γὰρ
881 1139 1132 1226 προσθήσεις
1114 1166 1139 1226 μ

71 1273 104 1322 10
121 1260 192 1324 τοις
214 1270 284 1333 ρπε,
306 1252 458 1369 γίνονται
482 1264 547 1312 σκε.
583 1246 639 1312 καὶ
661 1248 764 1313 ταῦτα
787 1272 848 1331 μεν
871 1244 912 1313 τὰ
932 1273 994 1313 του
978 1243 1137 1332 ἀμβλυ-

122 1358 258 1439 γωνίου.

192 1462 242 1526 82.
275 1455 357 1525 Τό’
338 1455 403 1524 απδ
419 1461 478 1543 τῆς
491 1462 560 1524 ΒΓ
572 1468 631 1544 τῆς
645 1455 887 1588 ὑποτεινούσης
899 1456 961 1546 τὴν
976 1456 1139 1545 ἀμβλεῖαν

123 1570 253 1650 γωνίαν
276 1561 559 1692 ἀναγραφόμενον
581 1564 793 1653 τετράγωνον
796 1562 1055 1650 μονάδων-
1000 1583 1071 1633 σκε·
1110 1569 1140 1632 ἴε

123 1670 188 1758 γὰρ
212 1669 232 1757 ἡ
256 1670 428 1757 πλευρά’
411 1697 455 1756 ην
481 1671 654 1758 μονάδων
691 1671 978 1750 πεντεκαιδεκάκις
1003 1669 1070 1760 γάρ
1099 1668 1139 1738 τά

72 1802 105 1851 15
125 1783 155 1845 ι“ε
178 1799 243 1846 σκε
289 1775 326 1846 τὸ
356 1774 440 1844 δὲ’
421 1775 486 1844 απὸ
513 1787 573 1863 τῆς
596 1782 657 1844 ΓΑ
681 1769 702 1843 δ
729 1776 889 1863 μονάδων
917 1775 1030 1845 οὐσῶν
1059 1773 1138 1845 ἀνα-

93 1884 354 2013 γραφόμενον
372 1883 588 2010 τετράγωνον
616 1881 775 1969 μονάδων
808 1888 862 1953 ι’ξ·
894 1883 1044 1971 τετράκις
1075 1882 1141 2012 γὰρ

123 1989 165 2058 τὰ
189 1983 216 2057 δ
236 2010 276 2062 ις.
321 1991 360 2058 τὸ
390 1986 473 2056 δὲ’
455 1987 519 2054 απὸ
543 1989 607 2075 τῆς
629 1987 742 2056 BA'
724 1988 1005 2076 ἀναγραφόμενον
1028 1988 1139 2077 τετρά-

124 2122 238 2182 γωνον
253 2093 413 2181 μονάδων
428 2091 540 2161 οόσων
555 2119 589 2178 ιγ
604 2095 762 2179 μονάδων
777 2100 855 2183 ρξθ
874 2093 1141 2181 τρισκαιδεκάκις

124 2201 189 2287 γάρ
208 2199 248 2268 τά
268 2228 302 2287 ιγ
273 2206 389 2287 ρξθ.
425 2198 626 2286 μιγνόμεναι
645 2190 709 2267 οὖν
727 2203 812 2267 αἱ
782 2223 813 2272 ις
838 2203 982 2287 μονάδες
999 2201 1141 2268 καὶθ
1074 2203 1141 2287 ρξθ

72 2333 107 2382 20
124 2333 193 2374 των
210 2297 235 2392 β
250 2309 403 2391 πλευρων
420 2330 490 2372 των
508 2309 735 2390 περιεχουσῶν
751 2303 814 2392 τὴν
829 2302 991 2393 ἀμβλεῖαν
1010 2311 1141 2392 γωνίαν

126 2409 384 2497 ἀναβιβάζονται
408 2414 455 2489 εἰς
477 2409 712 2496 μονάδας
651 2434 719 2497 ρπε.
766 2415 797 2477 εἰ
823 2416 908 2497 γοῦν
933 2411 1142 2498 προσθήσεις

125 2516 248 2596 ταύτας
270 2516 328 2596 τὰς
351 2515 501 2603 μονάδας
523 2514 607 2602 πρὸς
628 2514 693 2595 τὰς·
708 2518 890 2603 γινομένας
912 2515 978 2586 ὑπὸ
1000 2522 1062 2586 τοῦ
1087 2519 1141 2598 δὶς

126 2614 383 2711 λαμβανομένου
413 2619 628 2708 ὀρθογωνίου
659 2619 725 2690 ὑπὸ
756 2626 825 2690 τόν
860 2629 940 2709 ΓΑ,
970 2632 1057 2709 ΑΔ,
1089 2629 1141 2710 γί-

126 2757 243 2799 νονται
263 2735 329 2797 σ’κε.
366 2729 451 2796 ὥστε
473 2725 518 2814 μὴ
541 2729 816 2814 προστιθεμένων
837 2729 968 2797 τούτων
990 2733 1059 2799 τῶν
1083 2756 1140 2817 μο-

74 2861 108 2911 25
127 2837 243 2906 νάδων
276 2835 388 2923 μεῖζόν
420 2834 489 2901 ἐστι
519 2832 557 2902 τὸ
589 2832 801 2919 τετράγωνον
834 2833 872 2902 τὸ
900 2832 965 2904 ἀπὸ
993 2839 1053 2922 τῆς
1077 2842 1142 2904 ΓΒ

125 2948 194 3012 τῶν
222 2940 287 3011 ἀπὸ
316 2945 384 3011 τῶν
408 2946 468 3008 ΓΑ
499 2939 554 3007 καὶ
578 2947 643 3006 ΑΒ
673 2940 894 3026 τετραγώνων
921 2944 967 3032 τῷ
996 2942 1048 3022 δὶς
1072 2938 1141 3010 ὑπὸ

126 3061 195 3118 τῶν
219 3056 288 3134 ΓΑ,
311 3055 383 3114 ΑΔ
406 3044 512 3133 ἤγουν
535 3058 607 3124 ταῖς
630 3051 653 3130 μ
676 3043 830 3130 μονάσιν.

198 3181 240 3229 82.
260 3173 298 3241 q⁸.

199 3288 223 3336 6.
243 3280 309 3351 ΑΔ]
328 3281 381 3333 ΑΕ
399 3277 458 3345 Vq.
517 3281 542 3332 9.
562 3270 676 3346 μονάσι]
695 3271 836 3347 μονδνφ.
902 3282 945 3332 17.
964 3276 1027 3365 τῆς]
1045 3275 1142 3346 ταῦο.

164 3358 206 3408 19.
225 3351 290 3421 καί]
311 3349 392 3403 scrib.
411 3347 461 3401 nal
479 3343 522 3401 αῖ.
581 3352 624 3401 21.
643 3348 868 3417 προσθείσειςφ.
931 3353 974 3401 22
992 3347 1056 3419 τας]
1077 3350 1145 3418 (pr)

128 3440 182 3476 om.
202 3439 228 3489 q
300 3420 384 3490 πρός]
405 3434 495 3486 comp.
515 3417 708 3504 ochummq.
781 3424 825 3473 23.
844 3417 912 3490 τῶν]
930 3419 1025 3487 τῆςο.
1095 3423 1143 3474 27.

120 3491 195 3562 τῶν]
211 3492 304 3560 τῇςο
380 3510 438 3546 των
454 3509 476 3561 μ
494 3484 675 3562 μονάδωνο.
