2362 3796
299 86 329 141 ο
362 157 637 210 ELEMENTORUM
654 161 764 211 LIBER
781 162 839 212 XV.
1063 158 1106 222 47

93 301 206 384 itaque
233 303 378 365 ΗΘΚΛ
410 300 603 384 quadratum
636 304 695 366 est.
748 302 819 366 fieri
847 307 956 367 autem
988 308 1107 387 potest,

91 408 266 471 utcontra
289 407 331 472 ab
354 405 451 471 initio
474 407 583 490 posita
607 410 773 471 sumentes
797 411 830 470 ct
851 410 1027 490 parallelas
1053 411 1106 474 du·

92 515 204 577 centes
222 516 311 597 MN,
325 511 400 591 ΝΞ,
414 512 485 596 ΞΟ,
501 516 579 577 ΟΜ
593 513 747 577 ducamus
765 516 842 596 ΗΘ,
856 515 929 595 ΘΛ,
943 518 1019 601 ΛΚ,
1034 516 1110 579 ΚΗ

49 607 51 610 ’
93 620 129 681 et
158 620 302 683 ΗΘΚΛ
334 618 527 703 quadratum
561 619 770 684 declaremus.
778 618 801 703 ¹)
853 619 919 682 iam
952 620 980 684 si
1007 621 1106 685 etiam

93 722 295 805 reliquorum
312 724 553 809 triangulorum
573 729 685 790 centra
700 724 933 808 sumpserimus
948 729 981 788 et
995 725 1107 791 eodem

92 827 191 893 modo
212 833 319 895 rectas
343 830 538 914 duxerimus,
560 833 686 916 reliqua
710 831 871 916 quadrata
891 852 960 895 esse
979 830 1108 896 demon·

93 934 272 1000 strabimus
315 940 347 1001 et
382 937 417 1001 in
453 938 528 1003 dato
567 939 719 1005 octaedro
757 938 875 1003 cubum
913 937 1107 1020 inscriptum

90 1039 294 1107 habebimus.
871 1055 876 1065 '

160 1233 205 1298 In
245 1235 375 1303 datum
416 1239 677 1304 icosaedrum
715 1219 1013 1306 dodecaedrum
1050 1239 1105 1303 in·

94 1340 273 1408 scribere.

160 1442 305 1512 Ponatur
329 1454 549 1536 pentagonum
573 1448 765 1535 icosaedri2)
790 1453 960 1514 ΑΒΓΔΕ
985 1455 1019 1515 et
1045 1451 1104 1515 cir·

93 1551 240 1616 culorum
263 1554 384 1620 circum
407 1556 588 1640 triangulos
612 1559 720 1638 AZE,
743 1558 852 1637 AZB,
875 1559 978 1634 ΒΖΓ,
1001 1559 1105 1639 ΖΓΔ,

316 1715 351 1770 Α
625 1663 740 1722 ΔΖΕ
789 1660 1105 1743 circumscriptorum

238 1782 440 1929 A*
627 1767 737 1827 centra
761 1767 803 1846 H,
827 1767 864 1845 Θ,
882 1767 923 1847 Κ,
941 1769 981 1846 Λ,
1003 1769 1051 1848 Μ,
1074 1770 1107 1830 et

207 1879 235 1933 Ν
443 1861 473 1922 Ξ
626 1869 785 1934 ducantur
811 1872 892 1953 ΗΘ,
919 1873 997 1953 ΘΚ,
1028 1874 1106 1953 ΚΛ,

133 1931 443 2158 ΔΡ,
626 1979 711 2059 ΛΜ,
724 1979 810 2040 ΜΗ.
830 1975 1105 2040 etrursusductae

275 1976 291 2021 o

253 2033 424 2213 “a
552 2048 575 2099 Ε
626 2086 701 2166 ΖΗ,
717 2084 787 2166 ΖΘ,
805 2085 873 2145 ΖΚ
887 2081 1106 2165 producantur

130 2090 444 2360 ’,ῥ’
626 2189 667 2253 ad
688 2188 725 2272 Ξ,
747 2192 791 2272 Ν,
816 2191 851 2252 0.
894 2189 1006 2273 itaque
1030 2193 1105 2273 EA,

137 2314 159 2370 o
223 2224 389 2437 «ὁ
625 2299 699 2378 ΑΒ,
722 2297 789 2359 ΒΓ
807 2295 935 2378 punctis
957 2293 993 2379 Ξ,
1013 2298 1057 2379 Ν,
1077 2298 1106 2358 0

171 2302 281 2558 ν
625 2402 659 2465 in
691 2401 784 2465 binas
813 2405 921 2486 partes
953 2402 1104 2486 aequales

579 2541 580 2544 ¹
625 2507 817 2574 diuidentur.
863 2511 896 2571 et

652 2613 1073 2686 ΝΞεΝΟεΗΘεΘΚ.

99 2716 206 2800 itaque
234 2721 331 2785 etiam
360 2724 433 2785 ΘΗ
443 2749 484 2773 =
500 2723 573 2784 ΘΚ.
624 2719 773 2784 similiter
801 2718 1105 2800 demonstrabimus,

100 2822 197 2887 etiam
209 2826 333 2911 reliqua
345 2826 451 2891 latera
464 2827 641 2911 pentagoni
655 2827 847 2889 ΗΘΚΛΜ
860 2822 1008 2907 aequalia
1025 2842 1104 2885 esse.

97 2929 183 3012 dico,
214 2929 300 2994 idem
326 2933 578 3016 aequiangulum
606 2953 685 2996 esse.
735 2951 811 2993 nam
840 2928 994 3012 quoniam
1023 2926 1105 2990 duae

95 3034 177 3119 ΝΞ,
200 3038 239 3099 N
242 3037 271 3098 0
293 3035 414 3103 duabus
439 3043 519 3121 ΗΘ,
541 3040 610 3101 ΘΚ
636 3034 813 3120 parallelae
836 3038 926 3114 sunt,
955 3034 1104 3119 aequales

166 3212 193 3281 1)
213 3211 285 3278 Quid
303 3213 374 3265 haec
394 3211 448 3266 sibi
461 3211 560 3278 uelint,
579 3209 685 3274 nesci03
705 3207 797 3263 εἰπεῖν
811 3209 970 3277 corruptum
985 3207 1103 3264 uidetur.

167 3285 194 3352 2)
213 3283 247 3337 Η.
272 3299 296 3336 e.
319 3283 512 3351 pentagonum
540 3298 557 3335 a
580 3279 694 3335 basibus
722 3279 927 3350 triangulorum
955 3281 1059 3335 circum
1083 3285 1104 3334 Z

97 3352 232 3408 uerticem
250 3350 387 3407 icosaedri
402 3351 559 3419 positorum
574 3349 710 3405 effectum.
740 3350 876 3420 expositio
892 3351 1105 3407 constructionis

92 3423 148 3490 hic,
167 3425 199 3477 ut
219 3438 330 3491 semper
348 3420 407 3473 fere
425 3421 456 3474 in
468 3421 541 3474 libro
558 3421 619 3488 XV,
638 3421 713 3476 iusto
727 3421 839 3476 breuior
853 3424 905 3492 est,
927 3421 999 3478 sicut
1012 3419 1104 3475 multo

96 3491 187 3563 magis
206 3493 293 3549 etiam
311 3491 462 3560 pleraeque
482 3491 733 3549 demonstrationes
751 3491 837 3560 ipsae.
