2362 3796
86 162 152 227 296
245 163 401 216 senoni
421 163 461 215 m
478 162 753 214 ELEMENTORUM
770 162 910 215 mmm
922 162 956 216 v,

88 305 272 389 λαιοτέροις
286 301 438 390 εὑρήσεις
452 309 605 389 βιβλίοις,
623 301 687 388 τὴν
705 303 870 370 σύνθεσιν
883 300 1011 388 ταύτην
1026 322 1110 370 συν-

88 411 184 476 θέντι
202 411 381 494 λέγει·.καὶ
399 408 464 496 γάρ
484 412 521 477 έν
540 423 610 488 τοῖς
628 411 741 497 ῥητοῖς
758 402 822 476 οὐκ
845 407 953 488 ἀλλος
976 400 1070 493 λέγει
1088 404 1110 495 ἢ

89 517 260 582 συνθέντι.
298 512 420 601 ὁμοίως
444 515 559 583 δὲκαὶ
582 513 603 601 ἡ
628 519 801 603 διαίρεσις·
824 521 872 594 εἰς
893 513 958 601 γάρ
981 513 1110 600 λόγους

86 612 280 707 διαιρεῖται,
303 618 324 707 ἡ
348 620 386 688 δὲ
410 624 560 689 ἐνταῦθα
583 623 745 706 διαίρεσις
767 624 922 707 μεγεθῶν
945 623 1054 689 έστιν·
1087 618 1108 707 ἡ

54 753 71 802 5
89 727 153 814 γὰρ
172 725 319 813 ὑπεροχὴ
338 730 407 794 τῶν
425 725 624 814 ἡγουμένων
638 732 811 814 μερίζεται.
840 723 905 794 ἀπὸ
924 730 987 796 τοῦ
1004 723 1109 815 ἡγου-

89 837 194 920 μένου
217 833 255 901 di
278 831 388 900 εἷπον·
429 833 486 899 καὶ
514 833 566 899 έττὶ
593 830 717 900 τούτου
743 834 832 917 λέγει
859 831 1024 918 διελόντι,
1052 833 1109 899 κοιλ

90 938 335 1025 ἀναστρέψαντι
366 939 403 1007 δὲ
431 938 602 1018 ὡσαύτως·
638 935 841 1025 ἀναστρέφει
867 937 934 1026 γὰρ
961 937 1109 1007 ἐπὶτῶν

90 1046 269 1131 ἑπομένων.

486 1137 542 1200 Ad
567 1136 636 1200 def.
662 1137 712 1202 17.

40 1282 74 1331 10
158 1260 210 1325 37.
241 1254 374 1340 Ἰστέον,
398 1255 443 1335 ὡς
461 1257 498 1324 τὸ
520 1253 564 1323 δι’
587 1265 663 1324 λ’σου
682 1257 734 1324 έτιλ
754 1261 905 1344 συνεχῶν
924 1255 981 1323 καὶ
999 1256 1111 1342 μόνον

92 1360 285 1447 ἀναλογιῶν
310 1363 409 1429 ἐστιν.
1072 1384 1078 1391 ·

487 1559 543 1623 Ad
569 1581 673 1643 prop.
696 1559 722 1625 I.

161 1686 214 1750 38.
224 1679 399 1749 Ἔστωσαν
414 1679 477 1748 δύο
493 1681 618 1766 μεγέθη
633 1681 696 1747 δύο
707 1684 863 1767 μεγεθῶν
873 1681 1114 1759 ίσάιιιςτιολλα·

96 1787 235 1873 πλάσια,
268 1785 375 1872 ἤγουν
409 1784 495 1854 όιιτώ
522 1787 578 1853 καὶ
607 1789 640 1866 ἓξ
663 1789 748 1870 πρὸς
769 1786 913 1872 τέσσαρα
940 1787 998 1853 καὶ
1021 1793 1113 1873 τρία·

43 1918 75 1967 15
94 1895 192 1980 λέγω,
216 1891 278 1977 ότι,
302 1891 509 1961 ὁσαττλάσιόν
532 1891 662 1960 ἐστιτὰ
688 1889 773 1960 ὀκτά
796 1891 880 1980 πρὸς
902 1893 942 1960 τὰ
965 1893 1115 1980 τέσσαρα

95 1997 116 2087 ἢ
135 1999 175 2067 τὰ
195 2002 228 2080 ἓξ
247 1996 330 2085 πρὸς
345 1997 385 2066 τὰ
399 2004 487 2085 τρία·
513 1998 578 2065 εἰσὶ
592 1996 630 2064 δὲ
645 1997 816 2065 διπλάσια·
839 1996 1114 2066 τοσαυταπλάοιά

97 2107 165 2173 ἐστι
180 2104 289 2172 καὶτὰ
305 2104 541 2191 συναμφότερα
555 2105 828 2191 συναμφοτέρων.
847 2102 947 2191 ηγάρ
956 2104 1015 2171 καὶ
1029 2109 1050 2175 ξ
1063 2109 1115 2191 ῖθ,

95 2203 118 2278 θ
140 2211 195 2277 καὶ
218 2216 294 2296 τρία
318 2203 345 2290 ξ·
372 2209 543 2277 θιττλάσια·
568 2208 630 2278 όσα
649 2198 714 2296 γάρ
733 2214 798 2278 εἰσι
821 2212 946 2297 μεγέθη
966 2212 1004 2278 έν
1023 2214 1114 2302 τῷη

97 2326 154 2383 ἴσα
180 2326 226 2407 τῷ
254 2317 411 2411 τέσσαρα·
451 2317 516 2383 εἰσὶ
544 2317 581 2385 δὲ
610 2316 685 2385 δύο·
722 2316 868 2385 τοσαῦτά
891 2321 955 2384 εἰσι
983 2318 1115 2404 μεγέθη

45 2447 81 2496 20
98 2423 154 2489 καὶ
178 2425 214 2489 ἐν
238 2425 283 2512 τῷ
309 2427 328 2493 ξ
350 2430 406 2488 ἴσα
429 2426 473 2513 τῷ
497 2429 581 2510 τρία.

67 2548 69 2552 ’
166 2531 217 2594 39.
254 2526 323 2593 Διά
347 2525 408 2614 τὴν
431 2527 552 2614 κοινὴν
580 2533 730 2596 έννοιαν·
767 2527 828 2597 έάν
851 2537 908 2595 λσα
931 2535 1027 2608 ἴσοις.
1074 2528 1116 2597 τὸ

98 2633 163 2720 γὰρ
188 2640 262 2700 AH
287 2642 362 2701 λ’σον
386 2630 429 2702 όν
450 2645 496 2725 τῷ
520 2641 553 2700 Ε
576 2636 764 2722 προσετέθη
787 2638 833 2726 τῷ
857 2641 919 2702 ΓΘ
947 2641 1008 2724 ἴσςο
1038 2633 1118 2703 όντι

97 2745 143 2833 τῷ
169 2748 210 2827 Ζ,
238 2747 297 2808 καί
317 2743 386 2808 έστι
413 2741 453 2808 τὰ
483 2741 544 2818 όλα
570 2749 635 2810 λ’σα.
681 2739 766 2827 ὁμοῦ
790 2739 856 2825 ἀρα
878 2739 916 2808 τὸ
939 2747 1027 2826 AH,
1051 2746 1118 2809 ΓΘ

100 2848 186 2935 ὁμοῦ
208 2861 279 2927 τοῖς
302 2854 342 2932 Ε,
361 2854 388 2913 Ζ
413 2856 468 2914 λσα
492 2850 586 2914 εἰσίν.
628 2845 786 2926 ὡσαύτως
807 2847 863 2914 καὶ
885 2845 926 2914 τὰ
945 2853 1026 2932 ΗΒ,
1045 2854 1118 2914 ΘΔ

45 2977 80 3027 25
100 2963 155 3021 λὀα
178 2969 248 3033 τοῖς
270 2961 315 3038 Ε,
340 2960 376 3020 Ζ.
421 2950 485 3020 όσα
507 2950 573 3039 ἀρα
597 2952 687 3019 ἐστὶν
711 2954 747 3020 έν
770 2951 863 3041 μόνφ
891 2956 937 3044 τῷ
961 2959 1028 3020 AB
1056 2962 1118 3022 ι’σα

98 3065 143 3150 τῷ
168 3069 213 3145 Ε,
242 3063 388 3128 τοσαῦτα
410 3058 467 3126 καὶ
490 3061 526 3126 έν
549 3057 751 3146 ἀμφοτέροις
773 3072 844 3138 τοῖς
866 3066 943 3146 ΑΒ,
966 3064 1030 3127 ΓΔ
1058 3068 1118 3128 ἴσα

99 3181 312 3190 ——--———

173 3226 213 3274 37.
233 3219 280 3273 V³.
354 3224 396 3273 38.
415 3217 442 3272 b.
516 3222 558 3273 39.
578 3219 603 3270 Α
616 3216 733 3287 (Coisl.)‚
752 3217 856 3273 similia
873 3218 914 3275 θ’.

174 3368 196 3415 1.
217 3356 357 3430 εὑρήσεις]
374 3343 453 3428 εὑρόό
471 3360 507 3426 Ρ,
534 3350 591 3426 εὗρ’
606 3356 643 3424 Β,
663 3353 757 3427 εὕροις
774 3359 866 3414 FVat.
955 3366 981 3415 θ.
1000 3358 1043 3425 εἷς
1061 3360 1120 3432 γὰρ

101 3429 182 3499 λόγος
200 3431 292 3485 Fvat.
350 3437 373 3487 7.
393 3426 566 3499 ἀναστρέψει
585 3427 616 3483 Β.
672 3429 727 3499 γάρ
743 3462 774 3469 -
791 3436 816 3485 8.
837 3425 998 3503 ἑπομένων]
1014 3448 1070 3488 om.
1085 3432 1120 3487 P.

131 3508 156 3557 8.
179 3498 343 3574 έτομένιον]
362 3501 458 3575 μένων
477 3504 545 3574 posi
559 3501 616 3556 iac.
635 3505 652 3555 ἵ)
668 3500 727 3554 iiii.
742 3499 841 3556 Nix.
