2362 3796
58 120 123 183 112
210 119 368 173 SCHOLIA
384 121 424 173 IN
441 118 717 171 ELEMENTORUM
734 120 873 172 LIBRUM
886 121 909 172 1.

57 259 144 329 ὅθεν
166 260 222 327 καί
246 260 407 346 αἰτήματα
428 267 611 328 καλοῦνται
634 256 679 338 οός
702 257 885 345 αἰτούμενα
912 260 968 328 καί
993 264 1076 351 χρή-

57 371 156 447 ζοντα
179 362 386 447 ἀποδείξεως.

127 475 178 542 ll.
199 470 247 539 Τά
263 469 347 540 αύτά
361 470 531 558 ἀξιώματα
545 476 727 540 καλοῦνται
741 471 798 538 καὶ
807 475 920 541 κοιναί
930 478 1075 563 ἔννοιαι,

57 577 169 646 κοιναὶ
192 577 254 665 μὲν
277 583 421 663 ἔννοιαι,
453 577 541 646 καθὸ
570 577 669 646 κοινόι
697 575 856 665 ἅπαντες,
888 576 935 660 οός
958 585 1075 668 ἔχουσι

17 710 38 762 6
57 682 141 772 πρὸς
162 683 203 752 τὰ
225 683 402 771 πράγματα
426 686 462 751 οἰ
477 687 625 751 τοιοῦτοι
642 682 751 770 λόγοι,
775 683 883 764 οὕτως
899 685 956 752 καί
974 684 1074 758 αύτοί

57 791 133 878 περὶ
161 788 273 859 αὐτῶν
308 794 541 875 διανοοῦνται,
573 787 743 876 ἀξιώματα
777 791 829 877 δέ,
861 790 985 860 καθότι
1012 790 1072 862 ἀν·

58 901 261 977 αποόείκτως
291 895 530 982 λαμβανόμενα
562 891 628 963 ύπὸ
665 894 802 964 πόντων
839 893 945 978 οὕτως
982 903 1073 988 ἔχειν
1180 929 1181 994 3

56 1001 242 1088 ἀξιοῦνται,
265 1002 320 1070 καί
343 1006 582 1089 όιαμφισβητεϊ
601 1000 686 1088 πρὸς
708 1005 814 1070 ταῦτα
837 999 958 1085 ούόείς.

125 1113 176 1177 12.
211 1107 256 1176 Τό
280 1112 415 1191 πρῶτον
437 1112 505 1176 τῶν
529 1106 721 1194 αἰτημάτων
745 1106 911 1195 ἑπόμενόν
934 1110 1005 1178 ἐστι
1022 1123 1069 1204 τῷ

2 1240 39 1292 10
58 1213 158 1304 ῥύσιν
181 1211 268 1281 εἰναι
286 1218 347 1281 τοῦ
366 1217 506 1299 σημείου
523 1211 585 1302 τήν
603 1212 760 1302 γραμμήν
779 1214 835 1282 καὶ
849 1213 911 1302 τήν
929 1213 1068 1301 εύθεταν
1180 1241 1181 1244 ’

56 1319 112 1388 καί
141 1316 384 1406 ἀπαρίχκλιτον
412 1319 521 1408 ῥύσιν.
565 1319 750 1408 νοήσαντες
777 1312 842 1389 οὖν
868 1319 907 1390 τὸ
930 1333 1065 1409 σημεῖον
1180 1329 1181 1388 J

56 1424 260 1510 κινούμενον
293 1423 356 1512 τὴν
389 1423 520 1513 ὁμαλήν
552 1428 609 1495 καί
642 1429 818 1513 ἐλαχίστην
849 1432 985 1514 κίνησιν
1016 1427 1070 1496 ἐπὶ

56 1529 204 1619 θάτερον
223 1543 362 1618 σημεῖον
381 1531 642 1619 καταντήσομεν,
665 1532 721 1600 καὶ
739 1530 929 1620 τὸπρῶτον
946 1540 1070 1621 αἰτημα

55 1639 195 1728 χίχονεν
226 1636 328 1707 οὐδὲν
355 1644 509 1708 ποικίλον
537 1635 633 1726 ήμῶν
656 1638 932 1725 ἐπινενοηκότων.
978 1643 1010 1708 εἰ
1032 1639 1070 1708 δὲ

2 1769 37 1821 15
59 1749 190 1833 διττῆς
217 1743 353 1825 εὐθείας
380 1750 505 1837 σημείῳ
535 1745 799 1832 περατουμένης,
828 1741 989 1826 ὡσαύτως
1015 1772 1070 1814 νο-

55 1850 196 1940 ήσαιμεν
219 1851 257 1920 τὸ
275 1853 376 1940 πέρας
395 1850 497 1939 αύτής
515 1854 717 1938 κινούμενον
735 1850 799 1937 τήν
816 1853 993 1939 ἐλαχίστην
1011 1851 1068 1919 καὶ

56 1954 186 2045 ὁμαλὴν
208 1963 351 2044 κίνησιν.
397 1962 488 2025 ἔσται
512 1955 548 2025 τό
574 1954 733 2045 δεύτερον
757 1965 879 2044 αἰτημα
901 1954 1067 2041 κομισθὲν

57 2061 122 2131 ἀπὸ
142 2059 335 2150 εὐμηχάνου
352 2062 408 2130 καὶ
422 2062 529 2149 ἁπλῆς
543 2065 708 2150 ἐπιβολῆς.
745 2066 776 2131 εἰ
790 2061 822 2128 δ’
839 2053 884 2131 αύ
897 2062 1067 2149 μένουσαν

58 2168 119 2255 μὲν
142 2166 205 2254 τήν
227 2168 479 2256 πεπερασμένην
502 2166 642 2236 εὐθεῖαν
664 2167 747 2237 κατὰ
771 2167 931 2257 θάτερον,
953 2193 1068 2237 κινου-

20 2300 37 2348 ο
58 2274 164 2360 μένην
188 2270 225 2339 δὲ
248 2273 323 2360 περὶ
345 2272 382 2341 τό
402 2273 517 2360 μόνον,
540 2273 622 2341 κατὰ
640 2271 678 2342 τὸ
696 2271 818 2342 λοιπὸν
836 2273 874 2341 τὸ
891 2278 1007 2361 τρίτον
1024 2269 1068 2343 ἀν

56 2387 106 2465 εἰη
131 2377 281 2464 γεγονός·
305 2379 445 2466 κέντρον
463 2377 525 2465 μὲν
543 2377 606 2468 γὰρ
626 2385 717 2449 ἔσται
735 2379 772 2448 τὸ
793 2380 897 2467 μόνον
916 2393 1068 2467 σημεῖον,

55 2483 220 2569 διάστημα
249 2483 286 2551 δί
313 2481 333 2570 ἡ
363 2482 490 2553 εύθεία.
540 2483 602 2572 ὅση
630 2483 695 2573 γὰρ
723 2481 766 2554 ἀν
794 2483 879 2573 αὕτη
906 2485 1068 2575 τνγχάνη,

54 2593 218 2659 τοσοῦτον
242 2595 334 2658 ἔσται
355 2590 393 2660 τὸ
416 2588 593 2679 ἀπόστημα
616 2603 677 2660 τοῦ
695 2594 837 2679 κέντρον
854 2590 940 2679 πρὸς
956 2591 1067 2660 πάντα

53 2696 94 2765 τὰ
116 2698 199 2786 μέρη
223 2702 281 2786 τής
304 2703 523 2787 περιφερείας.

6 2917 35 2968 ὀ
373 2896 429 2961 Ad
452 2897 692 2980 postulatum
715 2896 745 2997 ή.

123 3022 171 3086 13.
215 3025 326 3085 Πᾶσαι
355 3017 416 3104 μὲν
449 3020 487 3084 αἰ
517 3015 619 3105 ὀρθαὶ
651 3022 772 3102 γωνίαι
804 3024 875 3084 ἰσαι
906 3013 1067 3104 ἀλλήλαις

53 3127 150 3208 εἰσίν,
174 3120 215 3192 ού
238 3125 306 3211 μήν
328 3122 349 3210 ἡ
374 3128 413 3212 τῇ
438 3121 525 3211 ὀρθῇ
550 3130 605 3208 ίση
629 3121 761 3202 πάντως
783 3122 839 3189 καί
862 3117 947 3209 αύτή
975 3121 1067 3210 ὀρθή

52 3251 265 3261 *—

126 3305 167 3352 11.
187 3299 278 3368 νην).
353 3305 394 3355 12.
414 3299 443 3354 P.
519 3303 560 3354 13.
579 3297 608 3352 P.

52 3408 266 3418 -—-——-

124 3462 149 3512 9.
168 3458 219 3528 τῷ]
239 3458 294 3512 τῶν
314 3458 343 3513 P.
415 3462 458 3512 21.
479 3453 601 3525 γεγονώς
619 3456 649 3513 Ρ.
