2332 3818
183 162 339 216 SOHOLIA
356 164 396 214 IN
413 161 687 214 ELEIIENTORUM
704 161 844 213 LIBRUM
856 161 931 212 XIII.
998 155 1064 221 669

121 307 172 372 56.
210 305 280 371 Καὶ
303 303 372 371 ἐπεὶ
396 301 566 388 ἑξαγώνου
588 328 619 389 p.
639 304 714 387 306,
740 304 793 384 18]
819 309 874 385 ἴση
898 297 962 384 γὰρ
986 299 1065 365 ὑπό-

50 437 155 479 κειται
178 414 217 498 τῇ
243 411 278 477 ἐκ
300 413 361 478 τοῦ
383 411 526 492 κέντρου
548 412 610 476 τοῦ
632 407 766 475 κύκλου.

119 521 171 584 57.
206 514 295 583 Ἐπεὶ
323 516 457 584 δέδοται
485 514 505 601 ἡ
530 523 602 582 ΠΕ
627 523 682 600 ἴση
708 516 747 601 τῇ
773 515 808 581 έκ
830 516 891 580 τοῦ
914 512 1065 596 κέντρου,

51 621 224 708 ἑξαγώνου
265 623 331 711 ἄρα
372 621 441 689 έστλ
482 618 608 706 πλευρὰ
645 618 702 686 διὰ
743 619 888 705 πόρισμα
924 620 986 684 τοῦ
1024 614 1066 683 ιε’

51 733 113 797 τοῦ
137 728 180 795 δ’.
1103 751 1119 798 5

120 839 172 904 58.
205 835 274 902 Καὶ
291 831 329 902 τὸ
346 840 458 920 μεῖζον
477 835 598 919 p.310,
615 835 669 916 16]
689 860 710 918 νγ
730 831 794 918 γὰρ
812 837 883 899 ΦΧ
896 827 1067 914 ἑξαγώνου

54 942 125 1010 ἐστὶ
148 941 292 1030 πλευρά,
319 937 340 1025 ἡ
364 939 402 1008 δὲ
425 946 493 1007 ΧΩ
521 937 730 1024 δεκαγώνου,
758 942 877 1024 μείζων
902 936 939 1004 δὲ
962 935 983 1022 ἡ
1007 939 1068 1003 τοῦ

54 1045 227 1133 ἑξαγώνου
249 1057 308 1132 τῆς
330 1050 392 1113 τοῦ
416 1045 619 1130 δεκαγώνου.
786 1074 789 1081 ’

122 1154 174 1220 59.
202 1151 274 1238 ’Ίση
300 1150 337 1219 δὲ
360 1152 381 1238 ἡ
406 1151 467 1239 μὲν
490 1157 562 1218 ΩΦ
584 1176 615 1238 p.
638 1153 713 1236 310,
736 1152 793 1233 25]
818 1147 925 1217 έπειδδ
954 1148 975 1234 ἡ
1000 1153 1072 1214 ΩΧ

53 1258 111 1326 καὶ
129 1257 151 1344 ἡ
169 1265 246 1326 ΦΨ
267 1266 337 1325 ἶσαι
355 1261 435 1326 εἰσί·
461 1255 657 1342 δεκαγώνου
675 1257 739 1344 γάρ
762 1259 827 1323 εἰσι
849 1255 989 1342 πλευραὶ
1007 1259 1068 1322 τοῦ
1089 1280 1122 1328 1ο

55 1368 104 1443 εἰς
126 1363 186 1432 τὸν
210 1363 315 1432 αὐτὸν
337 1367 463 1433 κύκλον
486 1364 756 1450 έγγραφομένον·
779 1359 876 1448 κοινὴ
896 1361 934 1430 δὲ
952 1359 972 1448 ἡ
993 1367 1069 1446 ΦΧ,

54 1470 77 1555 ἡ
102 1476 174 1538 ΩΦ
197 1468 262 1555 ἄρα
285 1480 340 1556 ἴση
365 1471 434 1538 έστλ
456 1472 496 1558 τῇ
520 1477 551 1536 Χ
561 1476 602 1536 Ψ.

125 1579 176 1643 60.
210 1573 409 1664 Ἀμφότεροι
432 1574 497 1664 γὰρ
521 1575 716 1661 δεκαγώνου
738 1585 800 1643 τοῦ
823 1580 869 1655 εἰς
887 1573 947 1643 τὸν
965 1571 1069 1642 αὐτὸν

55 1680 182 1749 κύκλον
206 1683 476 1769 ἐγγραφομένου,
509 1680 606 1767 κοινὴ
635 1680 672 1748 δὲ
699 1678 720 1767 ἡ
747 1688 829 1749 ΦΧ·
865 1679 886 1767 ἡ
910 1687 982 1749 ΩΦ
1004 1678 1070 1763 ἄρα

55 1793 96 1876 τῇ
121 1795 155 1854 Χ
161 1794 199 1854 Ψ
218 1790 308 1856 ἐστιν
332 1795 396 1873 ἴση.
1092 1809 1125 1859 ιε

127 1896 179 1962 61.
213 1892 471 1964 Πενταπλάσιον
485 1891 551 1980 ἄρα
570 1895 642 1960 ἐστί
657 1896 778 1979 μ.312,
794 1895 848 1976 15]
870 1893 939 1960 ἐπεὶ
957 1915 1072 1960 πεντα-

58 1998 204 2067 πλάσιόν
229 2001 298 2066 έστι
320 1996 358 2066 τὸ
382 1997 445 2066 ἀπὸ
470 2003 528 2084 τῆς
546 1998 629 2066 ΩΑ’
649 2002 709 2066 τοῦ
733 1996 798 2066 ιἰπὸ
818 2001 876 2084 τῆς
889 1996 980 2083 M,
1004 2003 1072 2065 ἔστι

60 2107 98 2174 δὲ
120 2110 179 2192 τῆς
202 2108 285 2174 ΩΑ’
310 2109 409 2192 διπλῆ
433 2105 561 2192 ἡΩΨ,
583 2108 642 2190 τῆς
666 2105 703 2172 δὲ
726 2104 806 2173 ΧΑ’
832 2109 931 2190 διπλῆ
953 2102 973 2189 ἡ
994 2112 1072 2187 ΧΦ,

61 2213 119 2280 καὶ
142 2210 179 2279 τὸ
204 2210 269 2280 ἀπὸ
293 2215 351 2298 τῆς
371 2219 454 2280 ΩΨ
471 2210 538 2297 ἄρα
560 2210 807 2280 πενταπλάσιόν
832 2214 900 2279 ἐστι
922 2214 984 2279 τοῦ
1007 2207 1072 2279 ιἰπό

58 2325 119 2406 τῆς
135 2327 212 2387 ΧΦ.
250 2323 281 2387 εἰ
297 2318 361 2405 γὰρ
379 2318 417 2387 τὸ
442 2314 507 2385 ἀπὸ
531 2322 589 2404 τῆς
612 2315 718 2404 διπλῆς
736 2316 984 2387 πενταπλάσιόν
1005 2320 1073 2386 ἐστι
1092 2342 1127 2391 20

59 2430 123 2495 τοῦ
154 2424 219 2494 ἀπὸ
247 2428 306 2512 τῆς
332 2425 455 2510 διπλῆς,
488 2425 544 2492 καὶ
571 2422 609 2493 τὸ
636 2422 701 2492 ἀπὸ
728 2435 788 2511 τῆς
817 2428 934 2510 διπλῆς
958 2448 1073 2493 πεντα·

59 2531 204 2599 πλαίσιον
228 2536 319 2598 ἔσται
342 2535 403 2599 τοῦ
427 2527 491 2598 ἀπὸ
515 2534 573 2617 τῆς
596 2533 726 2617 διπλῆς·
756 2526 830 2598 οἷον
860 2535 891 2597 εἰ
912 2530 952 2598 τὰ
975 2531 1073 2599 πέντε

60 2636 287 2704 πενταπλάσια
310 2640 379 2706 έστι
401 2641 463 2705 τοῦ
486 2636 576 2722 ἑνός,
604 2635 723 2703 καὶτὰ
750 2638 829 2705 δέκα
852 2634 892 2703 τὰ
915 2637 1072 2705 διπλάσια

61 2743 130 2804 τών
153 2742 251 2808 πέντε
273 2742 500 2811 πενταπλάσια
519 2747 612 2808 ἔσται
630 2746 698 2810 τῶν
718 2741 780 2808 δύο
800 2746 868 2810 τών
888 2747 1073 2810 διπλασίων

61 2845 123 2909 τοῦ
147 2844 229 2923 ἑνός.
1092 2869 1126 2919 25

62 2991 275 2999 ———.-——

136 3061 178 3110 56.
200 3056 247 3109 Vh.
312 3060 353 3110 57.
374 3051 423 3110 Vb.
488 3062 530 3112 58.
550 3055 695 3127 Vbq(P²).
755 3062 796 3114 59.
816 3057 905 3127 q(P²)
961 3063 1003 3111 60.
1024 3057 1073 3112 Vb.

100 3132 142 3182 61.
160 3125 225 3196 th
241 3125 308 3196 (ΡΨ).

62 3266 276 3278 ——.-———-

136 3348 161 3396 7.
184 3342 249 3414 τοῦ]
273 3358 326 3398 om.
347 3359 372 3411 q.
467 3347 508 3395 13.
532 3341 581 3394 τοὺ
602 3371 635 3379 -
657 3346 697 3393 14.
721 3335 952 3410 ἐγγραφομένου]
976 3340 1076 3409 postea.

63 3412 127 3467 add.
148 3413 181 3468 V.
257 3418 297 3468 1⁷.
317 3408 396 3485 ΩΧ]
417 3411 456 3482 V,
480 3415 534 3467 ΩΑ
553 3430 579 3480 q.
652 3415 705 3464 ΧΑ
725 3429 793 3495 q.-
826 3416 867 3466 18.
887 3408 1004 3466 Ροελδέ
1023 3426 1075 3466 ras.

65 3501 156 3556 butt.
176 3504 208 3558 V.
281 3505 335 3557 ΩΑ
356 3522 382 3572 q.
455 3506 509 3556 ΧΑ
528 3520 554 3571 q.
623 3497 1029 3574 24.6150]peorr.01N.
