2362 3796
507 110 716 164 PRAEFATIO.
1070 111 1120 170 VII

176 253 257 321 Cum
283 253 361 319 libri
388 250 469 320 XIV
480 252 608 336 —XV‚
642 255 696 338 qui
724 254 885 335 feruntur,
917 259 950 324 in
979 260 1120 326 editione

108 363 250 429 Theonis
280 384 346 427 non
372 360 493 426 fuerint
522 357 614 447 (nam
641 361 724 425 liber
745 361 807 427 XV
830 364 957 430 duobus
981 368 1119 432 saeculis

108 493 144 536 eo
172 469 311 534 inferior
338 471 401 552 est,
434 471 467 533 et
493 468 527 532 in
555 467 669 531 multis
697 467 787 534 codd.
812 466 988 537 Theoninie
1015 495 1120 557 neque

105 577 160 642 hic
182 596 287 660 neque
310 574 366 640 ille
389 570 540 660 legitur),
568 572 604 638 in
631 573 682 638 his
710 574 804 639 libris
833 575 931 642 aliam
958 578 1120 644 rationem

106 685 193 749 inter
220 682 246 746 P
278 685 312 746 et
336 679 521 747 Theoninos
549 681 748 746 intercedere
777 685 1028 766 exspectandum
1056 689 1118 767 est;

105 811 164 855 nec
182 788 271 853 fallit
287 808 348 853 nos
367 787 574 871 exspectatio.
612 808 688 851 nam
706 787 741 851 in
759 787 811 853 his
831 788 925 854 libris
940 793 1008 854 tam
1022 791 1120 876 longe

106 896 208 980 abest,
233 900 269 959 ut
287 893 313 957 P
336 893 545 978 integriorem
564 893 795 979 melioremque
814 896 1011 981 scripturam
1029 917 1121 980 prae·

106 1002 183 1067 beat
201 1001 326 1080 ceteris,
348 1005 386 1064 ut
403 999 512 1083 potius
532 999 618 1064 inter
636 1000 811 1066 deteriores
830 1001 1049 1067 numerandus
1069 1002 1122 1067 eit

106 1109 216 1191 itaque
239 1106 356 1172 bacin
378 1110 471 1190 parte
495 1127 533 1169 ex
557 1106 621 1171 alio
646 1106 840 1191 antigrapho
861 1106 1042 1192 descriptus
1061 1111 1121 1182 est.

106 1213 140 1278 id
154 1213 240 1298 quod
255 1235 293 1278 ea
307 1234 433 1298 quoque
447 1233 482 1277 re
496 1213 714 1293 confirmatur,
730 1213 817 1299 quod
831 1216 917 1279 inter
927 1215 1029 1280 libros
1039 1213 1121 1279 XIII

107 1324 140 1385 et
156 1319 235 1385 XIV
249 1320 443 1405 interposita
458 1322 534 1384 sunt
547 1319 643 1384 Data.
675 1319 786 1405 itaque
807 1321 1019 1406 archetypum
1038 1321 1121 1386 illud

107 1426 327 1491 recensionem
355 1426 523 1510 antiquam
553 1425 726 1510 praebens,
753 1426 838 1491 unde
865 1426 942 1491 libri
969 1426 1122 1492 I—XIII

107 1532 270 1617 desumpti
284 1535 370 1611 sunt,
387 1533 448 1599 hos
463 1532 552 1598 solos
568 1532 765 1598 continebat.
798 1532 837 1597 de
851 1531 947 1598 Datis
966 1534 1121 1601 iudicium

108 1660 206 1719 penes
229 1639 387 1720 collegam
411 1638 464 1701 sit.

177 1743 295 1804 horum
313 1740 458 1805 codicum
479 1740 619 1823 optimus
638 1745 689 1804 est
705 1740 750 1824 M,
774 1742 830 1824 qui
850 1763 916 1806 non
934 1765 972 1810 eo
991 1748 1120 1810 tantum

110 1869 130 1912 a
144 1846 279 1930 reliquis
294 1843 413 1926 differt,
431 1843 517 1927 quod
530 1843 652 1908 librum
665 1844 744 1909 XIV
759 1846 865 1909 solum
879 1846 948 1911 sine
963 1849 1046 1915 libro
1059 1850 1121 1916 XV

109 1955 270 2030 continet,
306 1950 363 2016 sed
400 1950 533 2015 omnino
566 1950 666 2015 aliam
697 1950 919 2017 recensionem
952 1955 1123 2021 uerborum

109 2056 278 2143 Hypsiclis
301 2055 443 2140 praebet,
467 2078 566 2140 quam
589 2055 756 2122 meliorem
781 2078 851 2122 ease
875 2060 990 2124 ceteris
1015 2064 1123 2127 osten-

110 2166 191 2230 dunt
207 2163 276 2246 loci,
295 2161 407 2248 quales
422 2165 499 2226 sunt
517 2185 547 2246 p.
562 2162 595 2246 2,
611 2163 662 2245 13,
679 2163 719 2228 15
729 2186 789 2249 sq.;
812 2164 844 2247 4,
860 2165 875 2228 1
897 2161 1064 2251 (κρίνοντι
1078 2205 1120 2218 -—

108 2266 310 2355 upevodvce);
343 2269 377 2347 6,
400 2269 444 2333 22
472 2261 682 2352 (Ἀριστεροῦ
704 2305 750 2317 -
770 2265 986 2358 Ἀρισταίου),
1019 2275 1053 2360 6,
1076 2277 1120 2342 23

108 2379 294 2463 (συγκρίσει
313 2396 373 2458 pro
393 2370 577 2456 σύγκρισις,
601 2395 695 2458 quam
719 2375 913 2460 scripturam
931 2378 1119 2447 incredibsse

107 2505 208 2569 prope
233 2484 283 2548 est
301 2480 534 2545 Friedleinium
558 2480 676 2545 diserte
698 2481 929 2570 improbasse);
954 2486 1009 2551 cfr.
1028 2511 1118 2573 prae·

108 2595 196 2655 terea
223 2612 254 2672 p.
274 2589 304 2670 2,
326 2587 357 2668 4,
383 2587 436 2669 16;
469 2587 499 2666 6,
524 2587 557 2670 7;
589 2587 893 2670 interpolationibus
921 2592 1119 2676 reliquorum

109 2699 195 2761 earet
212 2718 242 2779 p.
259 2695 310 2778 10,
324 2694 359 2776 9;
380 2693 429 2776 16,
444 2692 478 2775 9;
501 2693 620 2777 18,13.
657 2694 766 2778 itaque
786 2696 981 2780 scripturam
1001 2699 1120 2766 codicis

108 2801 143 2866 Μ
166 2799 316 2885 praetuli,
338 2797 533 2882 ubicumque
554 2799 622 2864 eine
641 2799 757 2866 damno
777 2802 848 2867 fieri
866 2804 986 2889 potuit3
1011 2827 1121 2888 quam·

110 2928 207 2991 quam
230 2906 257 2969 ia
281 2924 408 2990 quoque
433 2905 513 2969 satis
542 2905 662 2971 multos
687 2928 811 2973 errores
839 2908 953 2993 habet,
981 2910 1120 2978 maxime

106 3013 141 3078 in
176 3010 352 3077 omittendo
384 3008 438 3097 (ex
466 3010 645 3093 archetypo
673 3012 868 3095 compendiis
898 3015 1020 3099 scripto
1045 3038 1119 3085 eum

108 3119 268 3203 originem
296 3117 409 3183 ducere
438 3117 575 3200 adparet
601 3137 641 3180 ex
663 3138 693 3200 p.
718 3117 753 3201 6,
779 3118 833 3201 16;
862 3119 891 3202 8,
914 3121 948 3205 3;
978 3124 1119 3214 24,16).

106 3226 192 3291 inter
215 3226 337 3290 ceteros
355 3223 479 3307 primus
499 3221 590 3287 loeus
610 3220 744 3286 debetur
764 3222 869 3289 codici
886 3225 925 3311 V,
949 3229 1004 3312 qui
1024 3253 1120 3317 saepe

106 3333 194 3398 eolus
213 3353 286 3397 cum
303 3329 338 3393 M
358 3327 521 3393 consentit
540 3324 644 3410 (uelut
661 3348 691 3409 p.
710 3327 740 3409 2,
762 3328 816 3412 12,
839 3330 870 3414 4,
888 3331 922 3416 35
947 3334 977 3418 6,
994 3337 1025 3420 2,
1038 3337 1069 3421 4,
1084 3338 1118 3419 93

106 3432 371 3522 8,17‚18,24;
405 3433 456 3516 10,
477 3434 513 3516 2,
548 3433 598 3515 12,
626 3431 657 3513 3,
681 3431 714 3514 73
747 3433 878 3522 22,19;
907 3438 1121 3526 26,19;-32,
