2362 3796
237 116 397 190 εοεοιαε
414 139 454 190 ια
471 138 746 190 ειεαεανοουυ
764 140 903 190 mmm
916 141 937 191 1.
1026 135 1087 199 141

71 271 170 364 ήιιται
191 275 335 357 κάθετος
359 274 410 344 ἐπ’
435 274 574 345 εὐθεῖαν
597 278 653 345 καὶ
676 280 759 362 πρὸς
782 276 900 363 ὀρθάς,
925 277 1089 366 ἑπόμενον

72 376 119 470 ήν
143 387 294 470 ζητήσαι,
322 391 357 451 εί
380 385 449 452 ἐστι
470 383 622 464 κάθετος.
668 382 784 452 εὐθεῖα
808 383 845 451 δὲ
873 383 923 452 ἐπ’
950 384 1089 453 εὐθεῖαν

76 497 240 557 σταθεῖσα
257 495 383 576 γωνίας
399 502 490 559 ποιεῖ
507 489 683 577 ἐπήγαγεν,
707 493 764 557 ἵνα
782 488 827 576 μή
846 499 896 577 εῖη
920 489 970 559 ἐπ’
988 490 1091 578 ἀκρας

76 593 214 676 εὐθείας
227 604 399 682 σταθεῖσα,
417 596 473 664 καὶ
491 601 619 683 γίνεται
638 601 698 683 μία
711 602 830 681 γωνία,
849 592 1090 665 καὶάδύνατον

75 701 140 788 τήν
168 708 249 788 μίαν
275 708 404 789 γωνίαν
433 700 521 771 εἶναι
549 703 611 771 δύο
640 701 762 790 ὀρθαῖς
785 710 875 788 ίσην·
912 707 1003 769 πάσα
1025 703 1090 788 γάρ
1127 726 1144 776 ε

77 805 317 897 εὐθύγραμμος
338 814 446 895 γωνία
465 811 527 878 δύο
547 806 665 897 ὀρθῶν
684 808 836 877 ἐλάσσων
856 809 957 892 ἐστίν,
981 804 1091 894 ὥσπερ

76 917 169 983 πάσα
192 912 306 1002 στερεά
329 913 495 1003 τεττάρων
520 912 637 1004 ὀρθῶν
661 914 819 983 ἐλάσσων.

441 1112 494 1177 Ad
518 1135 623 1196 prop.
647 1111 736 1178 XIV.

142 1237 195 1303 59.
236 1234 282 1302 Τὸ
313 1231 360 1301 ιδ’
384 1232 546 1322 θεάρημα
572 1237 634 1301 τοῦ
662 1232 708 1320 ιγ’
733 1234 824 1302 ἐστὶν
851 1230 1091 1318 ἀντίστροφον·

74 1343 187 1410 ἕπεται
218 1342 283 1427 γάρ
316 1335 370 1407 ἀεὶ
400 1338 441 1407 τά
479 1338 686 1426 ἀντίστροφα
722 1354 793 1420 τοῖς
828 1341 1092 1426 προηγουμένοις
1113 1363 1146 1413 10

74 1447 304 1533 θεωρήμασιν.
354 1447 484 1514 ἐκείνου
515 1448 581 1532 γάρ
614 1444 841 1532 συστήσαντος
872 1443 1010 1513 εὐθεῖαν
1039 1442 1089 1512 ἐπ’

78 1550 214 1632 εὐθείας
235 1552 292 1619 καὶ
315 1553 499 1638 δείξαντος,
533 1552 584 1620 ὅτι
611 1551 669 1631 τάς
697 1554 815 1639 ἐφεξῆς
841 1548 861 1637 ή
891 1550 954 1619 δύο
983 1548 1093 1632 ὀρθὰς

77 1652 210 1743 ποιεῖή
239 1656 302 1725 δύο
333 1654 454 1746 ὀρθαῖς
481 1667 570 1744 ῖσας,
597 1669 697 1725 τοῦτο
725 1655 887 1743 λαμβάνει
915 1656 977 1743 μέν
1009 1654 1093 1741 πρὸς

80 1760 200 1853 εὐθείᾳ
217 1765 282 1831 τινὶ
302 1762 366 1831 δύο
385 1766 564 1850 γινομένας
583 1762 701 1850 ὀρθάς,
726 1767 877 1830 δείκνυσι
896 1764 944 1847 δέ,
963 1759 1015 1829 ὅτι
1034 1766 1092 1847 μία

78 1869 170 1938 έστλν
188 1869 305 1938 εὐθεῖα
323 1867 345 1957 ἡ
364 1875 468 1938 ταῦτα
483 1874 628 1938 ποιοῦσα
643 1872 726 1957 πρὸς
739 1873 778 1957 τή
794 1870 951 1955 εἰρημένῃ
967 1865 1092 1956 εὐθείᾳ.
1113 1892 1146 1941 15

76 1976 116 2044 τὸ
138 1981 257 2044 τοίνυν
281 1978 318 2044 έν
342 1978 456 2067 ἐκείνω
479 1979 664 2063 δεδομένον
683 1962 845 2065 ἐντούτῳ
867 1980 1014 2060 ζητεῖται,
1037 1975 1093 2041 καὶ

78 2088 250 2152 δείκνυται
274 2080 331 2148 διὰ
348 2086 408 2169 τής
425 2087 472 2163 είς
491 2080 663 2150 ἀδύνατον
682 2079 873 2168 ἀπαγωγῆς
897 2079 954 2148 διά
973 2079 1093 2166 ταύτης

79 2185 144 2274 γὰρ
168 2194 261 2273 φιλεῖ
277 2191 476 2256 δείκνυσθαι
494 2187 534 2257 τά
553 2186 759 2276 ἀντίστροφα
777 2191 845 2256 τῶν
863 2186 1092 2275 θεωρημάτων

80 2292 139 2360 καὶ
166 2290 253 2361 οὕτω
282 2295 455 2382 φέρεσθαι.
502 2298 538 2362 έν
566 2296 606 2362 δέ
630 2321 668 2380 γε
694 2309 764 2374 τοῖς
795 2294 1007 2381 προβλήμασι
1037 2296 1092 2363 καὶ

78 2399 333 2485 προηγουμένας
353 2402 480 2486 δέχεται
500 2403 711 2481 κατασκευάς.
748 2400 843 2481 ἀξιον
863 2401 900 2468 δέ
919 2400 1093 2488 θαυμάσαι
1112 2425 1148 2476 20

77 2504 142 2591 τήν
161 2506 422 2591 έπιστημονικήν
441 2502 628 2593 ἀκρίβειαν*
652 2509 753 2576 εἰπὼν
771 2504 835 2593 γάρ
855 2507 914 2575 ἐάν
929 2507 1012 2595 πρός
1024 2533 1093 2575 τινι

79 2610 197 2700 εὐθείᾳ
221 2612 411 2698 προσέθηκε
433 2610 471 2680 τὸ
495 2613 550 2680 καὶ
573 2617 619 2703 τῷ
647 2612 730 2700 πρὸς
756 2611 839 2699 αὐτή
868 2619 1008 2703 σημείῳ,
1036 2616 1092 2680 ἵνα

80 2711 135 2800 ἐφ’
152 2712 229 2792 ἓνὸς
246 2721 385 2801 σημείου
408 2709 491 2786 ὦσιν
515 2722 552 2786 αί
575 2716 715 2786 εὐθεῖαι.
752 2723 782 2785 εί
803 2715 868 2803 γάρ
888 2720 922 2785 ἐκ
940 2729 1009 2785 τοῖν
1029 2717 1093 2785 δύο

80 2817 236 2906 περάτων
266 2824 325 2907 τής
357 2826 538 2911 δεδομένης
571 2823 706 2903 εὐθείας
738 2822 906 2910 ἀχθῶσιν,
944 2822 1005 2890 οὐκ
1040 2820 1090 2890 ἐπ’

81 2921 218 3005 εὐθείας
240 2930 372 2996 ἔσονται
394 2928 562 3016 ἀλλήλαις.
602 2928 671 2997 εἶτα
694 2930 884 3017 προσέθηκε
906 2932 944 2996 τὸ
965 2930 1092 3016 ἐφεξῆς,
1113 2952 1147 3001 αῖ

79 3021 130 3098 τάν
157 3034 263 3118 μηδέν
289 3037 379 3104 ἐστιν
408 3034 526 3123 ὅμοιον
557 3034 691 3122 μεταξύ·
728 3034 784 3102 καὶ
811 3039 927 3111 κίονας
954 3035 1094 3121 λέγομεν

69 3139 198 3225 ,ἐφεξῆς
220 3143 359 3228 ἐκείνας,
383 3133 432 3210 ὧν
456 3142 500 3229 μή
526 3145 616 3210 έστιν
640 3140 723 3228 άλλη
746 3144 830 3208 κίων
849 3140 964 3226 μέσον,
986 3147 1094 3210 καίτοι

156 3480 196 3531 14.
217 3473 335 3548 εὐθείᾳ]
355 3472 476 3531 εὐθεῖαν
495 3477 569 3546 qu.
643 3483 686 3533 23.
706 3474 752 3550 αἱ]
772 3496 798 3548 q,
818 3494 872 3534 om.
886 3478 936 3536 Vf.
1032 3492 1130 3594 Ι
