2362 3796
107 144 171 209 θῶ
246 144 1000 199 mmmmfflmmmmmwmm

174 290 227 353 57.
263 283 308 353 Τὸ
323 288 353 361 Ξ
369 283 505 372 στερεὸν
519 292 630 371 μεῖζον
645 282 816 352 ὑπόκειται
829 287 895 353 τοῦ
911 292 999 353 ΕΝ
1013 284 1132 355 κῶνον

107 390 152 470 ῶς
171 392 209 459 δὲ
227 390 265 458 τὸ
279 394 309 467 Ξ
325 390 461 479 στερεὸν
479 390 563 475 πρὸς
581 389 642 460 τὸν
656 399 725 459 ΑΛ
743 395 869 478 κῶνον,
895 390 1018 474 οὕτως
1039 389 1058 461 6
1073 398 1136 461 ΕΝ

108 508 214 577 κῶνος
237 497 320 582 πρὸς
343 496 485 565 ἔλασσόν
507 525 540 566 τι
562 508 624 566 τοῦ
643 504 711 566 ΑΛ
732 497 846 566 κῶνου
873 500 1065 569 δείκνυται
1086 498 1135 567 καὶ

107 603 163 671 διὰ
183 608 243 671 τοί
263 602 433 671 ἀδυνάτου
446 603 502 670 καὶ
516 600 566 671 ἐπ’
583 601 729 689 εὐθείας,
749 599 793 681 ῶς
810 602 868 670 καὶ
888 608 941 685 εἰς
963 602 1009 673 τά
1029 606 1135 675 ἐπάνω

71 710 164 781 οδιὰ
187 709 225 778 τὸ
248 710 283 795 β’
308 714 610 793 προαποδείκνυιαι
632 713 694 779 τοῦ
717 708 837 778 ἐπάνω.

471 951 528 1015 Ad
551 972 653 1035 prop.
677 950 748 1015 XII.

174 1075 225 1140 58.
266 1070 311 1139 T6
339 1074 375 1139 ἐν
403 1077 614 1157 τριπλασίονι
642 1069 717 1139 ἀντὶ
744 1074 805 1138 τοῦ
833 1070 907 1159 πρὶς
933 1070 1005 1141 τὸν
1030 1072 1134 1143 αὐτὸν

107 1178 209 1264 λόγον
233 1175 338 1259 ἓξει”
323 1205 340 1246 ο
366 1181 474 1258 κῶνος
497 1176 581 1267 πρὸς
603 1177 664 1246 τὸν
687 1180 809 1263 κῶνον,
833 1172 875 1245 ὃν
899 1177 1016 1265 ἔχει
995 1207 1019 1267 η
1039 1179 1133 1267 βάσις

106 1283 189 1369 πρὸς
207 1282 269 1369 τὴν
288 1284 401 1371 βάσιν·
426 1278 501 1352 οἷον
523 1292 558 1351 ελ
576 1281 707 1352 ἐστιν’
690 1311 711 1370 η
734 1282 832 1369 βάσις
855 1286 1119 1355 mazam·
1080 1312 1134 1373 της

55 1414 88 1463 10
108 1389 237 1474 βάσεως
261 1386 335 1457 οἷον
354 1388 399 1469 ῶς
418 1389 435 1457 6
454 1379 479 1456 6
496 1389 580 1479 πρὸς
598 1388 658 1457 τὸν
678 1389 751 1475 δύο,
775 1387 896 1457 ἔσται’
882 1416 900 1458 ο
915 1396 1040 1473 κῶνος
1053 1400 1133 1479 πρὸς

106 1494 167 1561 τὸν
190 1499 301 1563 κῶνον
326 1492 370 1574 ῶς
395 1492 413 1562 6
436 1523 480 1582 μη
505 1493 590 1580 πρὸς
612 1493 724 1566 τὸνξ·
747 1493 878 1583 τρὶς
841 1521 906 1583 γαρ
934 1493 956 1565 6
976 1502 1029 1585 μ’ἷγ
1052 1497 1133 1587 πρὸς

105 1598 165 1668 τὸν
190 1606 209 1671 ξ
237 1606 302 1687 ἔχει
325 1600 386 1668 τὸν
409 1604 470 1669 τοῦ
494 1589 515 1668 6
537 1598 620 1727 πρὸς
646 1599 706 1669 τὸν
730 1607 752 1687 β
774 1599 888 1687 λόγον.

173 1710 225 1774 59.
265 1705 381 1792 Λόγον
409 1712 496 1794 ἔχειν
524 1705 607 1791 πρὸς
633 1705 761 1793 άλληλα
793 1707 920 1792 μεγέθη
958 1712 1132 1797 λέγονται,

106 1808 127 1878 ἃ
152 1812 293 1881 δύναται
315 1812 679 1900 πολλαπλασιαζόμενα,
702 1812 758 1880 καὶ
781 1816 850 1881 πῶν
868 1813 1024 1899 μέγεθος
1049 1842 1132 1906 προς

55 1942 87 1992 1⁶
106 1922 174 1986 πᾶν
206 1919 348 2005 μέγεθος
381 1918 540 2007 ὁμογενὲς
567 1918 672 2005 λόγον
701 1924 775 2006 ἔχει.
828 1919 893 1999 ἕξει
920 1920 994 2008 ἄρα
1024 1924 1087 1992 καὶ
1115 1920 1130 1991 6

107 2031 277 2093 ΑΒΓΔΛ
309 2032 417 2106 κῶνος
448 2026 531 2112 πρὸς
564 2028 707 2112 μέγεθος
740 2021 899 2110 ὁμογενὲς
929 2024 1033 2121 αὐτῷ
1069 2056 1130 2119 τρι·

107 2136 273 2200 πλασίονα
296 2132 400 2218 λόγον
423 2128 444 2218 ἢ
468 2130 550 2217 πρὸς
574 2132 696 2200 ἑαυτοῦ
719 2129 840 2217 μόριον
861 2125 883 2216 ἢ
902 2128 992 2218 πρὸς
1012 2136 1131 2225 ἕτερον

107 2239 265 2323 μέγεθος,
295 2240 402 2306 ἐκεῖνο
432 2238 469 2304 66
496 2234 517 2323 ἢ
541 2245 618 2305 ἴσον
642 2237 733 2305 ἐστὶν
755 2232 777 2322 ἢ
800 2241 914 2322 μεῖζον
937 2233 962 2323 ἢ
988 2244 1132 2311 ἔλαττον

106 2347 167 2410 τοῦ
190 2349 368 2409 ΕΖΗΘΝ
388 2342 509 2410 κῶνον.

54 2473 88 2522 20
175 2451 225 2515 60.
264 2445 373 2533 Λοιπὴ
397 2445 464 2532 άρα
490 2444 511 2533 ἡ
533 2451 679 2533 πυραμίς
706 2474 737 2535 p.
760 2451 839 2530 206,
865 2451 920 2532 18]
956 2454 992 2517 εἰ
1018 2451 1132 2541 γάρὸ

106 2557 215 2632 κῶνος
232 2557 294 2621 τοῦ
313 2557 449 2637 στερεοῦ
469 2558 589 2639 μείζων
609 2553 710 2639 ἐστίν,
733 2551 818 2622 άλλά
840 2550 879 2619 τά
900 2549 1134 2645 ἀποτμήματα

105 2660 167 2726 τοῦ
189 2656 302 2727 κῶνον
326 2658 487 2726 ἐλάττονά
510 2663 575 2726 εἱσι
600 2662 662 2728 τοῦ
685 2662 715 2737 Ξ
740 2662 892 2744 στερεοί,
921 2666 1035 2730 λείπει
1066 2663 1134 2752 ἄρα

106 2761 127 2849 ἡ
151 2770 307 2852 πυραμίς,
331 2756 371 2850 ἧς
394 2763 492 2850 βάσις
513 2763 551 2833 τὸ
576 2770 857 2833 ΕΟΖΠΗΡΘΣ
878 2764 1104 2852 πολύγωνον.

180 2984 221 3032 57.
240 2978 280 3031 Va
299 2978 345 3048 (ad
364 2995 391 3045 p.
407 2983 467 3046 202,
489 2979 540 3047 12).
617 2983 659 3032 58.
680 2976 742 3045 V⁸q
757 2975 842 3045 (P²l);
861 2991 1044 3044 peruersum.

108 3054 150 3102 ιο.
170 3049 210 3103 v·
229 3051 275 3117 (ad
294 3066 321 3117 p.
337 3055 398 3115 204,
419 3054 452 3102 ιε
464 3050 523 3118 sq.).
598 3054 640 3102 ιο.
659 3047 691 3103 Β,

180 3242 378 3367 11511ξσν.
460 3247 483 3296 b.
508 3240 784 3313 προαποδείκκυται]
807 3236 948 3327 προαποδ’
964 3241 1002 3299 V.
1090 3255 1133 3303 12

106 3313 170 3424 τοῦ]
189 3309 239 3366 τάν
358 3318 399 3367 14.
417 3314 628 3378 πολλαπλασιαζ
613 3311 731 3383 ζάμενοι]
751 3313 799 3381 (sc.
814 3306 941 3380 άλλήλοον
955 3306 1133 3389 ὑπερέχειν)

102 3432 145 3470 πο
143 3383 204 3471 V
280 3406 592 3485 11.η]1ο111οω.1
665 3415 706 3464 18.
727 3406 854 3480 ἔλαττον]
873 3404 947 3477 ὑπέρ
969 3409 1007 3467 V
1089 3423 1134 3472 22

94 3484 255 3564 ἐλάττονα]
278 3485 398 3545 ἔλαττον
419 3500 492 3540 con
510 3500 547 3538 ex
564 3477 685 3535 ἒλάιτων
699 3480 738 3530 11
