2362 3796
129 138 193 202 190
281 139 437 191 SCHOLIA
454 142 493 191 IN
511 139 786 192 ELEMENTORUM
803 139 944 191 LIBRUM
956 139 979 192 1.

48 348 53 355 ,
128 278 222 361 ἀξιον
246 278 291 366 μὴ
314 288 512 368 παρελθεῖν,
543 277 595 348 ὅτι
623 290 691 347 τῶν
715 276 827 347 αὐτῶν
845 279 1069 368 θεωρημάτων
1087 271 1115 346 ιᾶ

128 388 189 472 μέν
213 387 281 453 ἐστι
304 386 467 471 καθόλου,
490 384 531 452 τὰ
556 385 593 453 δὲ
616 382 657 452 ού
680 382 842 453 καθόλου.
886 382 903 452 ὁ
929 382 1121 474 στοιχειωτὴς

128 490 296 578 ἐδήλωσεν
319 492 357 560 τὸ
381 490 729 578 παραλληλόγραμμον
757 493 793 559 ἐν
816 491 1070 580 τετραπλεύροις
1088 518 1124 561 τι·

127 600 278 684 θέμενος.
325 599 496 684 ἐπιστῆσαι
520 596 556 664 δὲ
580 595 690 681 ἀξιον,
718 595 845 683 μήποτε
866 597 923 663 καὶ
944 601 1014 665 πᾶν
1037 594 1127 666 εύθό

92 728 281 791 ογραμμον
304 701 563 791 ἀρτιόπλευρον,
593 701 675 770 όταν
703 701 905 788 ἰσόπλευρόν
928 729 963 772 τε
991 706 1048 772 καὶ
1071 709 1131 773 ἐσο·

126 810 253 895 γιόνιον
276 810 419 900 ὑπάρχῃ,
442 808 791 898 παραλληλόγραμμον
815 810 943 897 ῥητέον.
984 815 1052 899 ἐχει
1075 810 1134 898 γάρ

127 916 182 983 καὶ
205 922 304 985 τοῦτο
327 920 386 996 τάς
413 913 615 983 ἀπεναντίον
643 913 786 1002 πλευράς
816 923 889 995 ίσας
911 943 946 984 τε
973 917 1030 983 καὶ
1058 942 1136 1002 παρ-

128 1023 293 1108 αλλήλους
311 1023 366 1090 καὶ
384 1022 442 1103 τὰς
456 1019 657 1090 ἀπεναντίον
671 1027 805 1108 γωνίας,
826 1016 901 1090 οἷον
914 1019 953 1090 τὸ
967 1022 1140 1109 ἑξάγωνον

127 1128 241 1195 καὶτὸ
266 1128 460 1214 όκτάγωνον
483 1126 598 1196 καὶτὸ
623 1127 825 1214 δεκάγωνον.

75 1257 108 1306 10
196 1237 267 1300 120.
301 1233 546 1322 Ἀντιστρόφια·
583 1235 638 1301 καὶ
666 1227 715 1302 ὧν
741 1237 996 1322 τετραπλεύρων
1021 1239 1062 1303 αί
1081 1233 1140 1304 ἀπ-

127 1345 285 1406 εναντίον
314 1340 453 1427 πλευραὶ
481 1348 551 1407 ίσαι
579 1338 737 1426 ἀλλήλαις
765 1345 868 1426 είσίν,
901 1337 922 1428 ἢ
952 1341 1058 1410 πάλιν
1091 1334 1142 1411 ὦν

126 1446 377 1535 τετραπλεύρων
414 1449 452 1512 αι’
481 1444 683 1514 ἀπεναντίον
714 1452 837 1533 γωνίαι
870 1455 941 1515 ἴσαι
978 1444 1141 1536 ἀλλήλαις

127 1553 224 1637 είσίν,
248 1554 359 1620 ἐκεῖνα
381 1549 421 1618 τά
444 1551 669 1639 τετράπλευρα
687 1551 1018 1641 παραλληλόγραμμά
1038 1556 1140 1641 ἐστιν,

122 1658 180 1726 καί
204 1663 252 1725 ἐτι
275 1649 324 1726 οἷν
342 1657 594 1746 τετραπλεύρων
615 1663 652 1726 αί
668 1657 942 1745 ἐπιζευγνύμεναι
962 1661 1142 1747 θιαγοόνιοι

74 1788 107 1838 15
127 1760 313 1850 ἀμφότεραι
346 1770 422 1850 δίχα
453 1765 634 1850 τέμνουσιν
669 1756 728 1832 τά
746 1765 990 1853 τετράπλευρα,
1028 1769 1143 1836 ἐκεῖνα

124 1869 452 1957 παραλληλόγραμμά
476 1871 576 1937 ἐστιν.

462 2068 518 2132 Ad
541 2090 645 2152 prop.
668 2068 802 2135 XXXV.

195 2191 265 2254 121.
294 2185 421 2274 Ὥσπερ
449 2188 514 2255 είσὶ
537 2200 605 2258 τῶν
633 2188 863 2277 θεωρημάτων
886 2190 927 2260 τά
949 2190 1011 2278 μεν
1034 2188 1142 2279 άπλά,

125 2292 164 2360 τὰ
181 2293 217 2360 δέ
232 2293 391 2378 σύνθετα,
409 2294 464 2361 καὶ
482 2295 523 2362 τὰ
542 2295 604 2381 μὲν
622 2296 799 2384 καθολικά,
817 2295 859 2364 τά
878 2296 916 2365 δέ
934 2299 988 2365 ἐπὶ
1002 2299 1141 2385 μέρους,

73 2425 107 2472 20
127 2396 232 2478 οὕτως
254 2399 309 2465 καὶ
332 2397 373 2466 τά
396 2400 458 2486 μέν
481 2405 545 2469 είσι
568 2401 702 2489 τοπικά,
730 2399 771 2470 τὰ
797 2401 835 2470 δὲ
858 2403 909 2472 ού.
953 2403 1078 2472 τοπικά
1101 2404 1138 2472 δέ

124 2507 289 2591 λέγονται,
314 2503 407 2587 ὅσοις
424 2504 548 2575 ταύτὸν
567 2507 750 2596 σύμπτωμα
770 2508 852 2594 πρὸς
871 2510 939 2603 ὅλῳ
957 2511 1026 2578 τινὶ
1046 2511 1137 2604 τόπῳ

125 2613 322 2699 συμβέβηκε,
345 2613 446 2693 τόπος
470 2614 507 2681 δὲ
530 2619 682 2702 γραμμῆς
704 2611 725 2701 ἢ
750 2617 945 2703 ἐπιφανείας
966 2618 1067 2698 θέσις
1089 2621 1137 2697 τίς

125 2720 192 2787 ἐστι
206 2724 350 2788 ποιοῦσα
366 2724 403 2788 ἓν
416 2721 472 2787 καὶ
485 2719 609 2788 ταύτόν
624 2721 816 2808 σύμπτωμα.
851 2725 921 2790 τῶν
936 2720 975 2790 δὲ
987 2726 1136 2792 τοπικῶν

122 2823 163 2893 τά
185 2828 247 2913 μὲν
270 2825 354 2912 πρὸς
376 2840 543 2913 γραμμαῖς
566 2833 797 2913 συνίστανται,
825 2826 865 2895 τά
893 2827 932 2896 δέ
958 2826 1046 2917 πρὸς
1069 2830 1134 2897 ἐτι-

70 2958 105 3007 25
124 2937 292 3018 φανείαις,
324 2931 454 3000 τούτων
488 2932 525 2999 δὲ
553 2935 589 2998 αί
615 2935 676 3018 μέν
704 2938 791 3002 εἰσιν
823 2937 990 3021 ἐπίπεδοι,
1023 2927 1077 3004 οόν
1099 2937 1135 3004 ἐν

124 3040 265 3128 ἐπιπέδῳ
290 3037 376 3124 ἁπλῆ
401 3036 576 3124 ἡνόησις,
600 3042 637 3105 αί
658 3039 695 3106 δὲ
719 3045 863 3128 στερεαί,
887 3032 937 3108 οόν
960 3037 981 3127 ἡ
1005 3042 1135 3128 γέυεσις

123 3148 159 3210 ε”κ
180 3172 273 3224 τινος
295 3155 396 3233 τομῆς
415 3141 635 3232 ἀναφαίνεται
654 3151 790 3234 στερεοῦ
812 3145 989 3234 σχήματος,
1014 3148 1061 3230 ὡς
1078 3152 1135 3235 τῆς

195 3328 254 3377 120.
274 3322 393 3378 PBVat.
412 3324 445 3393 (F
461 3324 566 3392 enan.);
587 3321 627 3386 είς
644 3320 676 3377 τὸ
695 3319 740 3378 λό’
759 3323 824 3381 Vat.
898 3330 957 3381 121.
977 3324 1020 3380 V*
1033 3326 1099 3397 (fq).

121 3433 334 3443 m

188 3486 230 3537 13.
251 3477 343 3556 ἐστιν]
362 3479 435 3539 εἰσιν
454 3483 518 3543 Vat.
