2362 3796
203 162 377 216 'SOHOLIA
394 164 433 217 IN
451 163 725 216 ELEMENTORUM
743 165 882 218 LIBRUM
895 167 928 219 X.
1010 164 1074 229 491

132 306 206 373 157.
239 299 328 372 Ἐπεὶ
345 300 406 383 τάς
423 306 569 388 πλευράς
585 303 646 384 τάς
662 307 880 392 περιεχούσας
896 303 935 373 τδ
951 312 1076 393 χωρίον

61 409 166 499 ῥητὰς
179 406 376 479 ὑποτίθεται
391 408 534 496 δυνάμει
547 409 668 498 μόνον,
683 409 778 497 μήκει
790 410 827 480 δὲ
837 409 1076 499 ἀσυμμέτρους,

62 515 294 602 ὑποτιθέμεθα
311 515 375 604 τὴν
392 515 455 602 μὲν
473 520 608 603 μείζονα
626 514 715 585 εἶναι
732 515 796 603 τὴν
813 520 910 589 τοῦξ
927 515 1076 605 πλευράν

60 617 171 695 οὖσάν
194 617 226 711 {3
238 629 279 696 οἷς
301 629 360 710 ἦ,
389 623 451 709 τὴν
475 621 513 691 δὲ
536 623 693 691 ἐλάττονα
715 621 778 710 τὴν
799 626 862 691 τοῦ
885 623 948 691 δύο
968 615 1075 692 οὖσαν

60 736 146 818 μίαν
172 734 215 799 ιἰδ
237 737 289 799 νᾶ.
334 731 391 798 καὶ
422 727 487 816 γάρ
520 731 557 796 αλ
581 730 722 816 πλευραὶ
750 733 857 801 τούξ
887 731 942 799 καὶ
970 718 1075 817 τοῦδ
1112 751 1129 800 ε

61 837 161 924 μήκει
188 837 249 924 μέν
272 841 359 905 εἰσιν
387 834 591 928 ἀσύμμετροι
619 836 675 904 καὶ
703 834 835 922 άλογοι,
868 836 1010 923 δυνάμει
1038 836 1076 906 δὲ

51 943 118 1012 4καὶ
142 941 325 1031 σύμμετροι
345 969 388 1010 κα
390 942 587 1029 δρηται.έ
587 940 632 1010 άν
651 934 714 1011 οὖν
733 940 1075 1029 πολλαπλασιάσωμεν

61 1048 167 1131 αὐτάς
189 1048 273 1137 πρὸς
296 1047 455 1136 άλλήλας,
483 1046 658 1135 γενήσεται
684 1054 809 1135 χωρίον
837 1046 989 1136 ὑπάρχον
1016 1075 1073 1136 μο

59 1154 179 1225 νάδοον
200 1160 305 1242 τριῶν
328 1154 385 1224 καὶ
407 1157 537 1224 λεπτῶν
559 1162 598 1236 κζ
614 1158 715 1241 νζιη.
759 1159 820 1222 τοῦ
844 1154 882 1222 δέ
905 1153 1074 1243 χωρίονὴ

61 1259 289 1349 τετραγωνικὴ
320 1260 447 1388 πλευρά
482 1263 706 1348 ἐκβαλλομένη
744 1266 835 1330 ἔσται
871 1260 1020 1347 μονάδος
1052 1273 1075 1329 ᾶ
1094 1280 1128 1330 16

60 1367 118 1435 καὶ
137 1369 324 1436 λεπτῶν-
279 1393 321 1435 να
335 1394 369 1455 μ,
388 1395 410 1454 η
394 1365 485 1436 “nal
503 1368 596 1454 μέση.
633 1368 716 1454 μέση
737 1367 774 1435 δὲ
791 1374 938 1435 καλεῖται
956 1364 1074 1436 εὐθεῖα

60 1500 83 1560 η
108 1475 279 1561 δυναμένη
301 1471 340 1543 τὸ
362 1499 522 1542 τοιουτου
543 1478 680 1562 χωρίον,
703 1472 792 1542 διότι
813 1474 869 1542 καὶ
891 1471 1013 1561 μέση’
994 1473 1074 1542 ανά-

63 1584 169 1666 λογον
195 1576 426 1710 εὖρλσκεται’
408 1582 571 1667 εκατέρων
598 1583 668 1649 τῶν
700 1584 854 1669 πλευρῶν
883 1582 945 1648 τοῦ
970 1584 991 1652 ἒ
1018 1581 1073 1648 καὶ

59 1688 122 1755 τοῦ
144 1692 175 1772 β.
222 1685 258 1756 τὸ
281 1686 346 1774 γάρ
369 1683 435 1754 υπο
458 1690 527 1755 τῶν
550 1685 664 1771 άκρων
688 1695 765 1754 ἴσον
786 1691 914 1772 γινεται
935 1690 982 1779 τῷ
1006 1684 1072 1755 άπὸ

58 1818 118 1880 της
140 1792 249 1879 μέσης.
1093 1810 1125 1860 16

128 1902 202 1968 158.
239 1899 336 1985 Μέση
360 1924 390 1986 p.
414 1902 472 1985 60,
496 1902 552 1983 18]
577 1899 615 1968 τὸ
639 1896 747 1986 ὄνομα
768 1904 869 1968 τοῦτο
891 1897 1009 1969 κοινὸν
1032 1895 1072 1968 δν

60 2005 159 2092 έτέθη
193 2004 260 2073 ὑπὸ
291 2009 354 2074 τοῦ
384 2005 574 2093 γεωμέτρου
606 2005 659 2072 έπλ
690 2007 911 2094 μερικιοτέρας
940 2004 1074 2092 φάσεως

59 2109 196 2193 εὐθείας
218 2115 278 2198 τῆς
300 2113 490 2200 δυναμένης
513 2116 639 2200 χωρίον
661 2112 899 2200 περιεχόμενον
922 2109 988 2180 ὑπὸ
1009 2110 1072 2180 δάο

61 2215 208 2287 εὐθειῶν
232 2215 374 2302 δυνάμει
397 2217 504 2303 μόνον
529 2219 735 2305 συμμέτρων.

130 2326 205 2391 159.
231 2319 377 2410 ’Ἀλογον
399 2321 465 2412 άρα
484 2324 552 2393 έστὶ
569 2322 608 2393 τὸ
627 2329 697 2391 ΑΓ
714 2349 744 2411 p.
760 2328 813 2411 62,
833 2314 867 2409 6]
892 2328 948 2393 δια
967 2322 1005 2394 τὸ
1024 2323 1071 2392 ια’
1091 2340 1127 2390 20

59 2433 121 2496 τοῦ
145 2427 181 2496 ι’.
226 2438 272 2522 τῷ
294 2427 360 2518 γάρ
383 2432 471 2522 ῥητῷ
495 2426 707 2518 ἀσύμμετρον
729 2429 855 2517 άλογον
877 2440 1032 2500 καλεῖται.

131 2538 203 2602 160.
230 2533 338 2604 Ἔστω
358 2533 379 2623 ἡ
399 2544 465 2604 ΖΕ
484 2541 601 2606 ποδῶν
619 2542 650 2624 ξ,
674 2534 695 2624 ἡ
719 2537 758 2605 δὲ
775 2545 849 2606 ΕΗ
859 2528 895 2606 δ’
920 2535 1073 2625 ἡμιόλιος

61 2637 128 2726 άρα
152 2637 170 2708 ὁ
194 2639 302 2728 λόγος.
340 2642 452 2712 καὶτὸ
471 2639 538 2713 άπὸ
557 2649 615 2731 τῆς
634 2651 698 2712 ΖΕ
719 2641 758 2713 τὸ
782 2649 823 2716 λξ
845 2647 928 2732 πρὸς
949 2643 986 2713 τὸ
1006 2641 1072 2713 ὑπὸ

60 2748 130 2813 τῶν
154 2753 226 2832 ΖΕ,
250 2754 330 2835 ΕΗ,
354 2745 437 2837 ὅπερ
459 2749 528 2819 ἐστὶ
551 2752 667 2817 ποδῶν
690 2752 744 2836 ιἰδ,
766 2745 923 2836 ἡμιόλιόν
946 2752 1045 2818 ἐστιν.

131 2856 204 2922 161.
236 2859 356 2920 Αἴτιον
374 2852 418 2940 δ’,
437 2852 500 2940 ὅτι,
519 2854 578 2922 ἐὰν
596 2856 739 2942 μέγεθος
753 2854 817 2924 δύο
831 2854 957 2942 μεγέθη
973 2861 1071 2921 πολυ-
1091 2868 1125 2918 26

61 2959 250 3028 πλασιάσαν
271 2962 351 3047 ποιῇ
374 2986 450 3028 τινα
473 2962 611 3047 μεγέθη,
634 2959 675 3029 τά
697 2960 863 3048 γενόμενα
885 2955 946 3027 τδν
967 2956 1072 3027 αὐτὸν

133 3177 193 3226 167.
218 3178 297 3239 q0s
273 3167 375 3241 (εἰς
347 3191 378 3227 το
397 3192 435 3226 κα
441 3169 528 3227 ἰοθε
522 3169 624 3242 ’.ρημα)
717 3178 776 3229 168
801 3173 852 3239 Vb3
880 3173 930 3228 cfr.
949 3191 989 3227 nr
1011 3178 1071 3227 135.

57 3249 203 3381 Ιθὲρὲυη
297 3249 355 3299 166
375 3241 483 3314 q(P¹;)
507 3244 765 3316 adlemmapMssss
858 3249 916 3300 161
941 3242 1006 3297 PVc
1025 3245 1073 3313 (ad

132 3513 174 3561 25.
193 3504 440 3563 πολλαπλασιάσαι·
459 3507 492 3564 V.
