<?xml version="1.0" encoding="UTF-8"?>
<!DOCTYPE html PUBLIC "-//W3C//DTD XHTML 1.0 Transitional//EN"
    "http://www.w3.org/TR/xhtml1/DTD/xhtml1-transitional.dtd">
<html xmlns="http://www.w3.org/1999/xhtml" xml:lang="en" lang="en">
 <head>
  <title>
</title>
<meta http-equiv="Content-Type" content="text/html;charset=utf-8" />
  <meta name='ocr-system' content='tesseract 3.04.00' />
  <meta name='ocr-capabilities' content='ocr_page ocr_carea ocr_par ocr_line ocrx_word'/>
</head>
<body>
  <div class='ocr_page' id='page_1' title='image "./euclidisoperaom02unkngoog_0513.png"; bbox 0 0 2362 3796; ppageno 0'>
   <div class='ocr_carea' id='block_1_1' title="bbox 96 161 976 232">
    <p class='ocr_par' dir='ltr' id='par_1_1' title="bbox 96 161 976 232">
     <span class='ocr_line' id='line_1_1' title="bbox 96 161 976 232; baseline -0.014 -6"><span class='ocrx_word' id='word_1_1' title='bbox 96 161 160 226; x_wconf 81' lang='lat'><strong><em>396</em></strong></span> <span class='ocrx_word' id='word_1_2' title='bbox 223 164 386 232; x_wconf 72' lang='grc' dir='ltr'><strong><em>Ιεοιιοιιλ</em></strong></span> <span class='ocrx_word' id='word_1_3' title='bbox 403 165 442 216; x_wconf 78' lang='grc' dir='ltr'><strong><em>ιω</em></strong></span> <span class='ocrx_word' id='word_1_4' title='bbox 459 164 734 216; x_wconf 74' lang='grc' dir='ltr'><strong><em>Ειωωωωτοιιοω</em></strong></span> <span class='ocrx_word' id='word_1_5' title='bbox 751 163 890 215; x_wconf 74' lang='lat' dir='ltr'><strong><em>mmm</em></strong></span> <span class='ocrx_word' id='word_1_6' title='bbox 903 162 976 215; x_wconf 87' lang='lat' dir='ltr'><strong><em>vm.</em></strong></span> 
     </span>
    </p>
   </div>
   <div class='ocr_carea' id='block_1_2' title="bbox 96 300 1116 602">
    <p class='ocr_par' dir='ltr' id='par_1_2' title="bbox 96 300 1116 602">
     <span class='ocr_line' id='line_1_2' title="bbox 96 300 1116 392; baseline 0 -22"><span class='ocrx_word' id='word_1_7' title='bbox 96 303 152 370; x_wconf 88' lang='grc' dir='ltr'><strong><em>καὶ</em></strong></span> <span class='ocrx_word' id='word_1_8' title='bbox 170 301 329 383; x_wconf 77' lang='grc' dir='ltr'><strong><em>πολλάκις</em></strong></span> <span class='ocrx_word' id='word_1_9' title='bbox 348 305 386 371; x_wconf 78' lang='grc' dir='ltr'><strong><em>ἐν</em></strong></span> <span class='ocrx_word' id='word_1_10' title='bbox 402 311 541 384; x_wconf 75' lang='grc' dir='ltr'><strong><em>πολλοῐς</em></strong></span> <span class='ocrx_word' id='word_1_11' title='bbox 558 303 778 392; x_wconf 79' lang='grc' dir='ltr'><strong><em>θεωρήμασιν</em></strong></span> <span class='ocrx_word' id='word_1_12' title='bbox 796 301 880 392; x_wconf 78' lang='grc' dir='ltr'><strong><em>αὐτῇ</em></strong></span> <span class='ocrx_word' id='word_1_13' title='bbox 900 300 1116 390; x_wconf 87' lang='grc' dir='ltr'><strong><em>χρησάμενος</em></strong></span> 
     </span>
     <span class='ocr_line' id='line_1_3' title="bbox 96 407 1116 499; baseline 0.001 -23"><span class='ocrx_word' id='word_1_14' title='bbox 96 411 285 495; x_wconf 78' lang='grc' dir='ltr'><strong><em>παρέλειψε,</em></strong></span> <span class='ocrx_word' id='word_1_15' title='bbox 308 408 370 497; x_wconf 80' lang='grc' dir='ltr'><strong><em>τὴν</em></strong></span> <span class='ocrx_word' id='word_1_16' title='bbox 395 409 432 478; x_wconf 75' lang='grc' dir='ltr'><strong><em>δὲ</em></strong></span> <span class='ocrx_word' id='word_1_17' title='bbox 455 408 513 479; x_wconf 75' lang='grc' dir='ltr'><strong><em>διὰ</em></strong></span> <span class='ocrx_word' id='word_1_18' title='bbox 534 413 596 479; x_wconf 81' lang='grc' dir='ltr'><strong><em>τοῦ</em></strong></span> <span class='ocrx_word' id='word_1_19' title='bbox 619 411 666 478; x_wconf 74' lang='grc' dir='ltr'><strong><em>ιδ’</em></strong></span> <span class='ocrx_word' id='word_1_20' title='bbox 690 407 735 490; x_wconf 80' lang='grc' dir='ltr'><strong><em>ὦς</em></strong></span> <span class='ocrx_word' id='word_1_21' title='bbox 757 414 804 490; x_wconf 78' lang='grc' dir='ltr'><strong><em>εἰς</em></strong></span> <span class='ocrx_word' id='word_1_22' title='bbox 825 413 863 478; x_wconf 90' lang='grc' dir='ltr'><strong><em>τὸ</em></strong></span> <span class='ocrx_word' id='word_1_23' title='bbox 888 411 1116 499; x_wconf 78' lang='grc' dir='ltr'><strong><em>συμπέρασμα</em></strong></span> 
     </span>
     <span class='ocr_line' id='line_1_4' title="bbox 96 514 664 602; baseline 0.004 -20"><span class='ocrx_word' id='word_1_24' title='bbox 96 514 368 602; x_wconf 85' lang='grc' dir='ltr'><strong><em>χρησιμεάονσαν</em></strong></span> <span class='ocrx_word' id='word_1_25' title='bbox 392 515 434 585; x_wconf 84' lang='grc' dir='ltr'><strong><em>οὐ</em></strong></span> <span class='ocrx_word' id='word_1_26' title='bbox 455 518 664 602; x_wconf 73' lang='grc' dir='ltr'><strong><em>παράλειψιν.</em></strong></span> 
     </span>
    </p>
   </div>
   <div class='ocr_carea' id='block_1_3' title="bbox 440 712 769 797">
    <p class='ocr_par' dir='ltr' id='par_1_3' title="bbox 440 712 769 797">
     <span class='ocr_line' id='line_1_5' title="bbox 440 712 769 797; baseline 0.009 -20"><span class='ocrx_word' id='word_1_27' title='bbox 440 712 496 778; x_wconf 80' lang='lat' dir='ltr'><strong><em>Ad</em></strong></span> <span class='ocrx_word' id='word_1_28' title='bbox 518 735 624 797; x_wconf 82' lang='lat' dir='ltr'><strong>prop.</strong></span> <span class='ocrx_word' id='word_1_29' title='bbox 645 713 769 780; x_wconf 88' lang='lat' dir='ltr'><strong>XVHJ.</strong></span> 
     </span>
    </p>
   </div>
   <div class='ocr_carea' id='block_1_4' title="bbox 48 831 1118 2617">
    <p class='ocr_par' dir='ltr' id='par_1_4' title="bbox 63 831 1115 1135">
     <span class='ocr_line' id='line_1_6' title="bbox 63 831 1115 921; baseline -0.002 -17"><span class='ocrx_word' id='word_1_30' title='bbox 63 865 79 914; x_wconf 80' lang='lat'>5</span> <span class='ocrx_word' id='word_1_31' title='bbox 165 839 217 904; x_wconf 88' lang='lat'><strong><em>31.</em></strong></span> <span class='ocrx_word' id='word_1_32' title='bbox 254 833 323 900; x_wconf 83' lang='grc' dir='ltr'><strong><em>Καὶ</em></strong></span> <span class='ocrx_word' id='word_1_33' title='bbox 351 833 421 901; x_wconf 78' lang='grc' dir='ltr'><strong><em>ἐπεὶ</em></strong></span> <span class='ocrx_word' id='word_1_34' title='bbox 449 832 561 919; x_wconf 83' lang='grc' dir='ltr'><strong><em>ὅμοιοι</em></strong></span> <span class='ocrx_word' id='word_1_35' title='bbox 589 835 742 902; x_wconf 75' lang='grc' dir='ltr'><strong><em>ἐπίπεδοί</em></strong></span> <span class='ocrx_word' id='word_1_36' title='bbox 769 837 856 902; x_wconf 79' lang='grc' dir='ltr'><strong><em>εἰσιν</em></strong></span> <span class='ocrx_word' id='word_1_37' title='bbox 883 836 918 901; x_wconf 78' lang='grc' dir='ltr'><strong><em>ολ</em></strong></span> <span class='ocrx_word' id='word_1_38' title='bbox 938 831 1115 921; x_wconf 90' lang='grc' dir='ltr'><strong><em>άνάλογον</em></strong></span> 
     </span>
     <span class='ocr_line' id='line_1_7' title="bbox 99 936 1114 1039; baseline -0.002 -31"><span class='ocrx_word' id='word_1_39' title='bbox 99 945 229 1027; x_wconf 76' lang='grc' dir='ltr'><strong><em>ἔχοντες</em></strong></span> <span class='ocrx_word' id='word_1_40' title='bbox 250 938 309 1017; x_wconf 83' lang='grc' dir='ltr'><strong><em>τὰς</em></strong></span> <span class='ocrx_word' id='word_1_41' title='bbox 331 937 477 1026; x_wconf 80' lang='grc' dir='ltr'><strong><em>πλευράς</em></strong></span> <span class='ocrx_word' id='word_1_42' title='bbox 499 964 529 1026; x_wconf 91' lang='lat' dir='ltr'><strong><em>p.</em></strong></span> <span class='ocrx_word' id='word_1_43' title='bbox 549 941 625 1025; x_wconf 88' lang='lat'>318,</span> <span class='ocrx_word' id='word_1_44' title='bbox 648 941 750 1023; x_wconf 82' lang='lat'>3-4]</span> <span class='ocrx_word' id='word_1_45' title='bbox 776 937 882 1017; x_wconf 81' lang='grc' dir='ltr'><strong><em>οὕτως</em></strong></span> <span class='ocrx_word' id='word_1_46' title='bbox 903 937 1070 1039; x_wconf 80' lang='grc' dir='ltr'><strong><em>γράφεται</em></strong></span> <span class='ocrx_word' id='word_1_47' title='bbox 1094 936 1114 1007; x_wconf 87' lang='grc' dir='ltr'>ὁ</span> 
     </span>
     <span class='ocr_line' id='line_1_8' title="bbox 99 1043 369 1135; baseline -0.004 -22"><span class='ocrx_word' id='word_1_48' title='bbox 99 1043 178 1134; x_wconf 82' lang='grc' dir='ltr'><strong><em>ὅρος</em></strong></span> <span class='ocrx_word' id='word_1_49' title='bbox 201 1047 237 1113; x_wconf 85' lang='grc' dir='ltr'><strong><em>ἐν</em></strong></span> <span class='ocrx_word' id='word_1_50' title='bbox 260 1045 306 1135; x_wconf 75' lang='grc' dir='ltr'><strong><em>τῷ</em></strong></span> <span class='ocrx_word' id='word_1_51' title='bbox 332 1043 369 1124; x_wconf 76' lang='grc' dir='ltr'><strong><em>ζ’.</em></strong></span> 
     </span>
    </p>

    <p class='ocr_par' dir='ltr' id='par_1_5' title="bbox 99 1147 1114 1344">
     <span class='ocr_line' id='line_1_9' title="bbox 166 1147 1112 1238; baseline 0 -19"><span class='ocrx_word' id='word_1_52' title='bbox 166 1154 217 1219; x_wconf 83' lang='grc'><strong><em>32.</em></strong></span> <span class='ocrx_word' id='word_1_53' title='bbox 251 1147 424 1229; x_wconf 77' lang='grc' dir='ltr'><strong><em>Ἐπίπεδος</em></strong></span> <span class='ocrx_word' id='word_1_54' title='bbox 451 1147 598 1238; x_wconf 83' lang='grc' dir='ltr'><strong><em>ἀριθμός</em></strong></span> <span class='ocrx_word' id='word_1_55' title='bbox 625 1153 716 1219; x_wconf 79' lang='grc' dir='ltr'><strong><em>ἐστιν</em></strong></span> <span class='ocrx_word' id='word_1_56' title='bbox 745 1148 934 1237; x_wconf 79' lang='grc' dir='ltr'><strong><em>ὁγεγονὼς</em></strong></span> <span class='ocrx_word' id='word_1_57' title='bbox 956 1147 1022 1219; x_wconf 77' lang='grc' dir='ltr'><strong><em>ὑπο</em></strong></span> <span class='ocrx_word' id='word_1_58' title='bbox 1048 1149 1112 1219; x_wconf 79' lang='grc' dir='ltr'><strong><em>δύο</em></strong></span> 
     </span>
     <span class='ocr_line' id='line_1_10' title="bbox 99 1247 1114 1344; baseline 0.001 -21"><span class='ocrx_word' id='word_1_59' title='bbox 99 1254 256 1342; x_wconf 77' lang='grc' dir='ltr'><strong><em>ἀριθμῶν</em></strong></span> <span class='ocrx_word' id='word_1_60' title='bbox 274 1256 639 1324; x_wconf 87' lang='grc' dir='ltr'><strong><em>πολλαπλασιασάνιων</em></strong></span> <span class='ocrx_word' id='word_1_61' title='bbox 657 1254 834 1344; x_wconf 78' lang='grc' dir='ltr'><strong><em>ἀλλήλους,</em></strong></span> <span class='ocrx_word' id='word_1_62' title='bbox 858 1254 970 1344; x_wconf 84' lang='grc' dir='ltr'><strong><em>ὅμοιοι</em></strong></span> <span class='ocrx_word' id='word_1_63' title='bbox 989 1257 1039 1342; x_wconf 74' lang='grc' dir='ltr'><strong><em>δέ,</em></strong></span> <span class='ocrx_word' id='word_1_64' title='bbox 1062 1247 1114 1325; x_wconf 72' lang='grc' dir='ltr'><strong><em>οἷν</em></strong></span> 
     </span>
    </p>

    <p class='ocr_par' dir='ltr' id='par_1_6' title="bbox 48 1359 1116 1875">
     <span class='ocr_line' id='line_1_11' title="bbox 48 1359 1113 1449; baseline 0.002 -21"><span class='ocrx_word' id='word_1_65' title='bbox 48 1393 81 1441; x_wconf 92' lang='lat'><strong><em>10</em></strong></span> <span class='ocrx_word' id='word_1_66' title='bbox 100 1363 137 1428; x_wconf 80' lang='grc' dir='ltr'><strong><em>αλ</em></strong></span> <span class='ocrx_word' id='word_1_67' title='bbox 154 1361 294 1446; x_wconf 80' lang='grc' dir='ltr'><strong><em>πλευραὶ</em></strong></span> <span class='ocrx_word' id='word_1_68' title='bbox 312 1359 492 1449; x_wconf 84' lang='grc' dir='ltr'><strong><em>ἀνάλογον.</em></strong></span> <span class='ocrx_word' id='word_1_69' title='bbox 529 1365 560 1428; x_wconf 85' lang='grc' dir='ltr'><strong><em>ελ</em></strong></span> <span class='ocrx_word' id='word_1_70' title='bbox 578 1361 616 1429; x_wconf 70' lang='grc' dir='ltr'><strong><em>δὲ</em></strong></span> <span class='ocrx_word' id='word_1_71' title='bbox 633 1365 745 1448; x_wconf 84' lang='grc' dir='ltr'><strong><em>τοῦτο,</em></strong></span> <span class='ocrx_word' id='word_1_72' title='bbox 763 1361 1113 1448; x_wconf 81' lang='grc' dir='ltr'><strong><em>πολλαπλασιασθήτω</em></strong></span> 
     </span>
     <span class='ocr_line' id='line_1_12' title="bbox 100 1463 1116 1555; baseline 0.003 -21"><span class='ocrx_word' id='word_1_73' title='bbox 100 1463 164 1552; x_wconf 85' lang='grc' dir='ltr'><strong><em>ὃγ</em></strong></span> <span class='ocrx_word' id='word_1_74' title='bbox 191 1467 297 1535; x_wconf 81' lang='grc' dir='ltr'><strong><em>ἐπὶ</em></strong></span> <span class='ocrx_word' id='word_1_75' title='bbox 266 1492 327 1536; x_wconf 91' lang='grc' dir='ltr'><strong><em>τον</em></strong></span> <span class='ocrx_word' id='word_1_76' title='bbox 351 1472 370 1538; x_wconf 79' lang='grc' dir='ltr'><em>ξ</em></span> <span class='ocrx_word' id='word_1_77' title='bbox 396 1468 452 1535; x_wconf 83' lang='grc' dir='ltr'><strong><em>καὶ</em></strong></span> <span class='ocrx_word' id='word_1_78' title='bbox 479 1467 650 1554; x_wconf 80' lang='grc' dir='ltr'><strong><em>ποιησάτω</em></strong></span> <span class='ocrx_word' id='word_1_79' title='bbox 677 1467 739 1536; x_wconf 89' lang='grc' dir='ltr'><strong><em>τὸν</em></strong></span> <span class='ocrx_word' id='word_1_80' title='bbox 760 1473 809 1555; x_wconf 78' lang='grc' dir='ltr'><strong><em>ῖη·</em></strong></span> <span class='ocrx_word' id='word_1_81' title='bbox 846 1466 924 1555; x_wconf 80' lang='grc' dir='ltr'><strong><em>ὁῖη</em></strong></span> <span class='ocrx_word' id='word_1_82' title='bbox 951 1467 1018 1555; x_wconf 86' lang='grc' dir='ltr'><strong><em>άρα</em></strong></span> <span class='ocrx_word' id='word_1_83' title='bbox 1049 1472 1116 1538; x_wconf 80' lang='grc' dir='ltr'><strong><em>ἐπί-</em></strong></span> 
     </span>
     <span class='ocr_line' id='line_1_13' title="bbox 100 1572 1114 1662; baseline 0.001 -21"><span class='ocrx_word' id='word_1_84' title='bbox 100 1572 200 1654; x_wconf 79' lang='grc' dir='ltr'><strong><em>πεδός</em></strong></span> <span class='ocrx_word' id='word_1_85' title='bbox 227 1576 304 1641; x_wconf 83' lang='grc' dir='ltr'><strong><em>ἐστι.</em></strong></span> <span class='ocrx_word' id='word_1_86' title='bbox 349 1572 493 1642; x_wconf 68' lang='grc' dir='ltr'><strong><em>πάλιν“</em></strong></span> <span class='ocrx_word' id='word_1_87' title='bbox 480 1601 498 1640; x_wconf 96' lang='lat'>0</span> <span class='ocrx_word' id='word_1_88' title='bbox 525 1580 547 1660; x_wconf 82' lang='grc' dir='ltr'><strong><em>β</em></strong></span> <span class='ocrx_word' id='word_1_89' title='bbox 580 1574 632 1643; x_wconf 76' lang='grc' dir='ltr'><strong><em>ἐπὶ</em></strong></span> <span class='ocrx_word' id='word_1_90' title='bbox 659 1586 720 1644; x_wconf 86' lang='grc' dir='ltr'><strong><em>τον</em></strong></span> <span class='ocrx_word' id='word_1_91' title='bbox 749 1579 770 1641; x_wconf 79' lang='grc' dir='ltr'><em>ὃ</em></span> <span class='ocrx_word' id='word_1_92' title='bbox 801 1575 970 1660; x_wconf 82' lang='grc' dir='ltr'><strong><em>ποιησάτω</em></strong></span> <span class='ocrx_word' id='word_1_93' title='bbox 993 1572 1114 1662; x_wconf 78' lang='grc' dir='ltr'><strong><em>τὸνη</em></strong></span> 
     </span>
     <span class='ocr_line' id='line_1_14' title="bbox 101 1671 1117 1768; baseline 0.003 -22"><span class='ocrx_word' id='word_1_94' title='bbox 101 1679 164 1767; x_wconf 87' lang='grc' dir='ltr'><strong><em>ὁη</em></strong></span> <span class='ocrx_word' id='word_1_95' title='bbox 189 1677 255 1768; x_wconf 86' lang='grc' dir='ltr'><strong><em>άρα</em></strong></span> <span class='ocrx_word' id='word_1_96' title='bbox 278 1679 433 1760; x_wconf 82' lang='grc' dir='ltr'><strong><em>ἐπίπεδός</em></strong></span> <span class='ocrx_word' id='word_1_97' title='bbox 456 1682 555 1750; x_wconf 78' lang='grc' dir='ltr'><strong><em>ἐστιν.</em></strong></span> <span class='ocrx_word' id='word_1_98' title='bbox 592 1671 742 1748; x_wconf 79' lang='grc' dir='ltr'><strong><em>εἰσὶν</em></strong></span> <span class='ocrx_word' id='word_1_99' title='bbox 702 1707 765 1749; x_wconf 87' lang='grc' dir='ltr'><strong><em>ουν</em></strong></span> <span class='ocrx_word' id='word_1_100' title='bbox 789 1677 807 1748; x_wconf 84' lang='grc' dir='ltr'>ὁ</span> <span class='ocrx_word' id='word_1_101' title='bbox 826 1687 862 1766; x_wconf 81' lang='grc' dir='ltr'><strong><em>ι“η</em></strong></span> <span class='ocrx_word' id='word_1_102' title='bbox 884 1677 977 1748; x_wconf 63' lang='grc' dir='ltr'><strong><em>κάλ’</em></strong></span> <span class='ocrx_word' id='word_1_103' title='bbox 963 1693 1024 1768; x_wconf 76' lang='grc' dir='ltr'><strong><em>οη</em></strong></span> <span class='ocrx_word' id='word_1_104' title='bbox 1048 1682 1117 1749; x_wconf 78' lang='grc' dir='ltr'><strong><em>ἐπί·</em></strong></span> 
     </span>
     <span class='ocr_line' id='line_1_15' title="bbox 100 1783 1114 1875; baseline 0.003 -23"><span class='ocrx_word' id='word_1_105' title='bbox 100 1791 208 1872; x_wconf 79' lang='grc' dir='ltr'><strong><em>πιθοι,</em></strong></span> <span class='ocrx_word' id='word_1_106' title='bbox 231 1784 316 1854; x_wconf 80' lang='grc' dir='ltr'><strong><em>ἄλλα</em></strong></span> <span class='ocrx_word' id='word_1_107' title='bbox 338 1785 437 1855; x_wconf 77' lang='grc' dir='ltr'><strong><em>ιιαὶ“</em></strong></span> <span class='ocrx_word' id='word_1_108' title='bbox 418 1813 538 1873; x_wconf 94' lang='grc' dir='ltr'><strong><em>ομοιοι.</em></strong></span> <span class='ocrx_word' id='word_1_109' title='bbox 579 1784 625 1866; x_wconf 80' lang='grc' dir='ltr'><strong><em>ὡς</em></strong></span> <span class='ocrx_word' id='word_1_110' title='bbox 641 1784 706 1872; x_wconf 81' lang='grc' dir='ltr'><strong><em>γάρ</em></strong></span> <span class='ocrx_word' id='word_1_111' title='bbox 725 1783 743 1854; x_wconf 87' lang='grc' dir='ltr'>ὁ</span> <span class='ocrx_word' id='word_1_112' title='bbox 764 1791 784 1859; x_wconf 78' lang='grc' dir='ltr'><em>ξ</em></span> <span class='ocrx_word' id='word_1_113' title='bbox 805 1786 826 1873; x_wconf 79' lang='grc' dir='ltr'><em>ἡ</em></span> <span class='ocrx_word' id='word_1_114' title='bbox 846 1786 973 1875; x_wconf 82' lang='grc' dir='ltr'><strong><em>πλευρά</em></strong></span> <span class='ocrx_word' id='word_1_115' title='bbox 995 1791 1059 1856; x_wconf 83' lang='grc' dir='ltr'><strong><em>τοῦ</em></strong></span> <span class='ocrx_word' id='word_1_116' title='bbox 1077 1789 1114 1875; x_wconf 80' lang='grc' dir='ltr'><strong><em>ῖη</em></strong></span> 
     </span>
    </p>

    <p class='ocr_par' dir='ltr' id='par_1_7' title="bbox 49 1890 1118 2188">
     <span class='ocr_line' id='line_1_16' title="bbox 49 1890 1117 1980; baseline 0.002 -21"><span class='ocrx_word' id='word_1_117' title='bbox 49 1922 82 1971; x_wconf 79' lang='lat'><strong><em>15</em></strong></span> <span class='ocrx_word' id='word_1_118' title='bbox 100 1890 184 1980; x_wconf 85' lang='grc' dir='ltr'><strong><em>πρὸς</em></strong></span> <span class='ocrx_word' id='word_1_119' title='bbox 206 1890 266 1960; x_wconf 88' lang='grc' dir='ltr'><strong><em>τὸν</em></strong></span> <span class='ocrx_word' id='word_1_120' title='bbox 285 1897 306 1977; x_wconf 75' lang='grc' dir='ltr'><strong><em>γ</em></strong></span> <span class='ocrx_word' id='word_1_121' title='bbox 328 1917 390 1979; x_wconf 93' lang='grc' dir='ltr'><strong><em>την</em></strong></span> <span class='ocrx_word' id='word_1_122' title='bbox 413 1890 534 1978; x_wconf 78' lang='grc' dir='ltr'><strong><em>λοιπὴν</em></strong></span> <span class='ocrx_word' id='word_1_123' title='bbox 557 1890 663 1959; x_wconf 81' lang='grc' dir='ltr'><strong><em>αὐτοῦ</em></strong></span> <span class='ocrx_word' id='word_1_124' title='bbox 685 1895 746 1959; x_wconf 85' lang='grc' dir='ltr'><strong><em>τοῦ</em></strong></span> <span class='ocrx_word' id='word_1_125' title='bbox 765 1898 801 1979; x_wconf 80' lang='grc' dir='ltr'><strong><em>ῐη</em></strong></span> <span class='ocrx_word' id='word_1_126' title='bbox 823 1892 982 1980; x_wconf 85' lang='grc' dir='ltr'><strong><em>πλευράν,</em></strong></span> <span class='ocrx_word' id='word_1_127' title='bbox 1007 1891 1117 1973; x_wconf 77' lang='grc' dir='ltr'><strong><em>οὕτως</em></strong></span> 
     </span>
     <span class='ocr_line' id='line_1_17' title="bbox 101 1986 1118 2086; baseline 0.003 -22"><span class='ocrx_word' id='word_1_128' title='bbox 101 1998 156 2065; x_wconf 87' lang='grc' dir='ltr'><strong><em>καὶ</em></strong></span> <span class='ocrx_word' id='word_1_129' title='bbox 185 1995 202 2066; x_wconf 89' lang='grc' dir='ltr'>ὁ</span> <span class='ocrx_word' id='word_1_130' title='bbox 233 1986 254 2064; x_wconf 72' lang='grc' dir='ltr'><strong><em>θ</em></strong></span> <span class='ocrx_word' id='word_1_131' title='bbox 280 1996 301 2083; x_wconf 81' lang='grc' dir='ltr'><em>ἡ</em></span> <span class='ocrx_word' id='word_1_132' title='bbox 329 2002 436 2084; x_wconf 83' lang='grc' dir='ltr'><strong><em>τοῦῆ</em></strong></span> <span class='ocrx_word' id='word_1_133' title='bbox 467 1995 594 2085; x_wconf 82' lang='grc' dir='ltr'><strong><em>πλευρά</em></strong></span> <span class='ocrx_word' id='word_1_134' title='bbox 625 1995 708 2085; x_wconf 89' lang='grc' dir='ltr'><strong><em>πρὸς</em></strong></span> <span class='ocrx_word' id='word_1_135' title='bbox 738 1997 799 2067; x_wconf 87' lang='grc' dir='ltr'><strong><em>τὸν</em></strong></span> <span class='ocrx_word' id='word_1_136' title='bbox 828 1998 890 2068; x_wconf 76' lang='grc' dir='ltr'><strong><em>δύο</em></strong></span> <span class='ocrx_word' id='word_1_137' title='bbox 919 1997 1025 2085; x_wconf 79' lang='grc' dir='ltr'><strong><em>αὐτὴν</em></strong></span> <span class='ocrx_word' id='word_1_138' title='bbox 1052 2003 1118 2086; x_wconf 84' lang='grc' dir='ltr'><strong><em>την</em></strong></span> 
     </span>
     <span class='ocr_line' id='line_1_18' title="bbox 101 2101 532 2188; baseline -0.002 -18"><span class='ocrx_word' id='word_1_139' title='bbox 101 2108 162 2172; x_wconf 83' lang='grc' dir='ltr'><strong><em>τοῦ</em></strong></span> <span class='ocrx_word' id='word_1_140' title='bbox 185 2115 208 2188; x_wconf 77' lang='grc' dir='ltr'><strong><em>ἦ</em></strong></span> <span class='ocrx_word' id='word_1_141' title='bbox 231 2101 352 2188; x_wconf 79' lang='grc' dir='ltr'><strong><em>λοιπὴν</em></strong></span> <span class='ocrx_word' id='word_1_142' title='bbox 375 2102 532 2188; x_wconf 84' lang='grc' dir='ltr'><strong><em>πλευράν.</em></strong></span> 
     </span>
    </p>

    <p class='ocr_par' dir='ltr' id='par_1_8' title="bbox 103 2206 1117 2403">
     <span class='ocr_line' id='line_1_19' title="bbox 169 2206 1117 2298; baseline 0.001 -21"><span class='ocrx_word' id='word_1_143' title='bbox 169 2213 221 2277; x_wconf 86' lang='grc'><strong><em>33.</em></strong></span> <span class='ocrx_word' id='word_1_144' title='bbox 259 2206 328 2275; x_wconf 77' lang='grc' dir='ltr'><strong><em>Διὰ</em></strong></span> <span class='ocrx_word' id='word_1_145' title='bbox 351 2211 412 2276; x_wconf 84' lang='grc' dir='ltr'><strong><em>τὸν</em></strong></span> <span class='ocrx_word' id='word_1_146' title='bbox 441 2207 524 2294; x_wconf 84' lang='grc' dir='ltr'><strong><em>ὅρον</em></strong></span> <span class='ocrx_word' id='word_1_147' title='bbox 551 2207 612 2277; x_wconf 87' lang='grc' dir='ltr'><strong><em>τὸν</em></strong></span> <span class='ocrx_word' id='word_1_148' title='bbox 639 2210 791 2295; x_wconf 81' lang='grc' dir='ltr'><strong><em>λέγοντα·</em></strong></span> <span class='ocrx_word' id='word_1_149' title='bbox 830 2208 941 2298; x_wconf 81' lang='grc' dir='ltr'><strong><em>ὅμοιοι</em></strong></span> <span class='ocrx_word' id='word_1_150' title='bbox 964 2213 1117 2280; x_wconf 74' lang='grc' dir='ltr'><strong><em>ἐπίπεδοι</em></strong></span> 
     </span>
     <span class='ocr_line' id='line_1_20' title="bbox 103 2312 1016 2403; baseline 0.005 -22"><span class='ocrx_word' id='word_1_151' title='bbox 103 2315 249 2402; x_wconf 80' lang='grc' dir='ltr'><strong><em>ἀριθμοί</em></strong></span> <span class='ocrx_word' id='word_1_152' title='bbox 269 2317 356 2380; x_wconf 77' lang='grc' dir='ltr'><strong><em>εἰσιν</em></strong></span> <span class='ocrx_word' id='word_1_153' title='bbox 380 2317 415 2381; x_wconf 77' lang='grc' dir='ltr'><strong><em>ολ</em></strong></span> <span class='ocrx_word' id='word_1_154' title='bbox 435 2312 605 2400; x_wconf 81' lang='grc' dir='ltr'><strong><em>ἀνάλογον</em></strong></span> <span class='ocrx_word' id='word_1_155' title='bbox 630 2319 760 2402; x_wconf 82' lang='grc' dir='ltr'><strong><em>ἔχοντες</em></strong></span> <span class='ocrx_word' id='word_1_156' title='bbox 782 2315 841 2396; x_wconf 83' lang='grc' dir='ltr'><strong><em>τάς</em></strong></span> <span class='ocrx_word' id='word_1_157' title='bbox 863 2316 1016 2403; x_wconf 84' lang='grc' dir='ltr'><strong><em>πλευράς.</em></strong></span> 
     </span>
    </p>

    <p class='ocr_par' dir='ltr' id='par_1_9' title="bbox 50 2416 1118 2617">
     <span class='ocr_line' id='line_1_21' title="bbox 50 2416 1118 2510; baseline 0.006 -25"><span class='ocrx_word' id='word_1_158' title='bbox 50 2449 84 2497; x_wconf 80' lang='lat'><strong><em>20</em></strong></span> <span class='ocrx_word' id='word_1_159' title='bbox 170 2418 317 2505; x_wconf 83' lang='grc' dir='ltr'><strong><em>σχόλιον.</em></strong></span> <span class='ocrx_word' id='word_1_160' title='bbox 354 2416 503 2506; x_wconf 79' lang='grc' dir='ltr'><strong><em>ὁμόλογα</em></strong></span> <span class='ocrx_word' id='word_1_161' title='bbox 521 2423 647 2508; x_wconf 80' lang='grc' dir='ltr'><strong><em>μεγέθη</em></strong></span> <span class='ocrx_word' id='word_1_162' title='bbox 666 2423 795 2508; x_wconf 82' lang='grc' dir='ltr'><strong><em>λέγεται</em></strong></span> <span class='ocrx_word' id='word_1_163' title='bbox 807 2422 848 2491; x_wconf 83' lang='grc' dir='ltr'><strong><em>τὰ</em></strong></span> <span class='ocrx_word' id='word_1_164' title='bbox 863 2423 925 2510; x_wconf 70' lang='grc' dir='ltr'><strong><em>μὲν</em></strong></span> <span class='ocrx_word' id='word_1_165' title='bbox 942 2420 1118 2509; x_wconf 80' lang='grc' dir='ltr'><strong><em>ἡγούμενα</em></strong></span> 
     </span>
     <span class='ocr_line' id='line_1_22' title="bbox 103 2522 998 2617; baseline 0.006 -25"><span class='ocrx_word' id='word_1_166' title='bbox 103 2537 174 2605; x_wconf 77' lang='grc' dir='ltr'><strong><em>τοῖς</em></strong></span> <span class='ocrx_word' id='word_1_167' title='bbox 195 2522 408 2612; x_wconf 75' lang='grc' dir='ltr'><strong><em>ἡγουμένοις,</em></strong></span> <span class='ocrx_word' id='word_1_168' title='bbox 430 2524 470 2593; x_wconf 85' lang='grc' dir='ltr'><strong><em>τά</em></strong></span> <span class='ocrx_word' id='word_1_169' title='bbox 495 2525 533 2594; x_wconf 75' lang='grc' dir='ltr'><strong><em>δὲ</em></strong></span> <span class='ocrx_word' id='word_1_170' title='bbox 557 2526 701 2614; x_wconf 84' lang='grc' dir='ltr'><strong><em>ἑπόμενα</em></strong></span> <span class='ocrx_word' id='word_1_171' title='bbox 723 2542 794 2607; x_wconf 80' lang='grc' dir='ltr'><strong><em>τοῖς</em></strong></span> <span class='ocrx_word' id='word_1_172' title='bbox 816 2529 998 2617; x_wconf 78' lang='grc' dir='ltr'><strong><em>ἑπομένοις.</em></strong></span> 
     </span>
    </p>
   </div>
   <div class='ocr_carea' id='block_1_5' title="bbox 460 2722 751 2810">
    <p class='ocr_par' dir='ltr' id='par_1_10' title="bbox 460 2722 751 2810">
     <span class='ocr_line' id='line_1_23' title="bbox 460 2722 751 2810; baseline 0.014 -23"><span class='ocrx_word' id='word_1_173' title='bbox 460 2722 516 2787; x_wconf 77' lang='lat' dir='ltr'><strong><em>Ad</em></strong></span> <span class='ocrx_word' id='word_1_174' title='bbox 539 2746 644 2810; x_wconf 89' lang='lat' dir='ltr'><strong>prop.</strong></span> <span class='ocrx_word' id='word_1_175' title='bbox 666 2723 751 2791; x_wconf 90' lang='lat' dir='ltr'><strong>XIX.</strong></span> 
     </span>
    </p>
   </div>
   <div class='ocr_carea' id='block_1_6' title="bbox 104 2835 1119 3038">
    <p class='ocr_par' dir='ltr' id='par_1_11' title="bbox 104 2835 1119 3038">
     <span class='ocr_line' id='line_1_24' title="bbox 171 2835 1117 2947; baseline 0.002 -35"><span class='ocrx_word' id='word_1_176' title='bbox 171 2849 223 2914; x_wconf 85' lang='lat'><strong><em>34.</em></strong></span> <span class='ocrx_word' id='word_1_177' title='bbox 254 2842 396 2923; x_wconf 62' lang='lat' dir='ltr'><strong><em>‘mpsg</em></strong></span> <span class='ocrx_word' id='word_1_178' title='bbox 414 2844 477 2912; x_wconf 82' lang='grc' dir='ltr'><strong><em>δύο</em></strong></span> <span class='ocrx_word' id='word_1_179' title='bbox 493 2843 651 2931; x_wconf 77' lang='grc' dir='ltr'><strong><em>στερεοὺς</em></strong></span> <span class='ocrx_word' id='word_1_180' title='bbox 669 2842 992 2947; x_wconf 64' lang='grc' dir='ltr'><strong><em>ὁμοίουςάριθμοὺς</em></strong></span> <span class='ocrx_word' id='word_1_181' title='bbox 1005 2835 1117 2934; x_wconf 66' lang='grc' dir='ltr'><strong><em>τὸνῖβ</em></strong></span> 
     </span>
     <span class='ocr_line' id='line_1_25' title="bbox 104 2949 1119 3038; baseline 0.003 -20"><span class='ocrx_word' id='word_1_182' title='bbox 104 2952 160 3019; x_wconf 82' lang='grc' dir='ltr'><strong><em>καὶ</em></strong></span> <span class='ocrx_word' id='word_1_183' title='bbox 181 2976 242 3020; x_wconf 92' lang='grc' dir='ltr'><strong><em>τον</em></strong></span> <span class='ocrx_word' id='word_1_184' title='bbox 266 2956 318 3038; x_wconf 54' lang='grc' dir='ltr'><strong><em>οἷς.</em></strong></span> <span class='ocrx_word' id='word_1_185' title='bbox 363 2950 423 3030; x_wconf 72' lang='grc' dir='ltr'><strong><em>θὲς</em></strong></span> <span class='ocrx_word' id='word_1_186' title='bbox 450 2949 515 3037; x_wconf 82' lang='grc' dir='ltr'><strong><em>γάρ</em></strong></span> <span class='ocrx_word' id='word_1_187' title='bbox 542 2951 662 3020; x_wconf 73' lang='grc' dir='ltr'><strong><em>ἐπὶὲ</em></strong></span> <span class='ocrx_word' id='word_1_188' title='bbox 623 2951 684 3037; x_wconf 72' lang='grc' dir='ltr'><strong><em>μὲν</em></strong></span> <span class='ocrx_word' id='word_1_189' title='bbox 706 2955 768 3018; x_wconf 85' lang='grc' dir='ltr'><strong><em>τοῦ</em></strong></span> <span class='ocrx_word' id='word_1_190' title='bbox 791 2957 826 3037; x_wconf 80' lang='grc' dir='ltr'><strong><em>ιβ</em></strong></span> <span class='ocrx_word' id='word_1_191' title='bbox 853 2976 890 3020; x_wconf 93' lang='grc' dir='ltr'><strong><em>το</em></strong></span> <span class='ocrx_word' id='word_1_192' title='bbox 915 2951 1039 3032; x_wconf 87' lang='grc' dir='ltr'><strong><em>πλάτος</em></strong></span> <span class='ocrx_word' id='word_1_193' title='bbox 1060 2954 1119 3021; x_wconf 82' lang='grc' dir='ltr'><strong><em>καὶ</em></strong></span> 
     </span>
    </p>
   </div>
   <div class='ocr_carea' id='block_1_7' title="bbox 105 3127 1039 3254">
    <p class='ocr_par' dir='ltr' id='par_1_12' title="bbox 105 3127 1039 3254">
     <span class='ocr_line' id='line_1_26' title="bbox 105 3127 1039 3254; baseline 0.002 -72"><span class='ocrx_word' id='word_1_194' title='bbox 105 3120 759 3254; x_wconf 44' lang='grc' dir='ltr'><strong><em>ΒΗ131.ηρορὲλξῗώωο.οοτοςγαρφηον)</em></strong></span> <span class='ocrx_word' id='word_1_195' title='bbox 833 3128 1039 3200; x_wconf 76' lang='lat' dir='ltr'><strong>32.V·q(P²).</strong></span> 
     </span>
    </p>
   </div>
   <div class='ocr_carea' id='block_1_8' title="bbox 68 3354 1120 3570">
    <p class='ocr_par' dir='ltr' id='par_1_13' title="bbox 95 3354 1120 3570">
     <span class='ocr_line' id='line_1_27' title="bbox 177 3354 1120 3445; baseline 0.003 -33"><span class='ocrx_word' id='word_1_196' title='bbox 177 3365 218 3412; x_wconf 89' lang='lat'><strong><em>11.</em></strong></span> <span class='ocrx_word' id='word_1_197' title='bbox 239 3358 289 3413; x_wconf 88' lang='grc' dir='ltr'><strong><em>τόν</em></strong></span> <span class='ocrx_word' id='word_1_198' title='bbox 291 3359 303 3429; x_wconf 90' lang='grc'>]</span> <span class='ocrx_word' id='word_1_199' title='bbox 321 3357 420 3444; x_wconf 72' lang='grc' dir='ltr'><strong><em>τῶνη.</em></strong></span> <span class='ocrx_word' id='word_1_200' title='bbox 474 3360 504 3430; x_wconf 83' lang='grc' dir='ltr'><strong><em>ξ]</em></strong></span> <span class='ocrx_word' id='word_1_201' title='bbox 524 3354 653 3412; x_wconf 67' lang='grc' dir='ltr'><strong><em>ἕκτονλῖ</em></strong></span> <span class='ocrx_word' id='word_1_202' title='bbox 711 3363 752 3413; x_wconf 73' lang='lat'><strong><em>12.</em></strong></span> <span class='ocrx_word' id='word_1_203' title='bbox 767 3347 861 3445; x_wconf 77' lang='grc' dir='ltr'><strong><em>τὸνδ]</em></strong></span> <span class='ocrx_word' id='word_1_204' title='bbox 879 3358 1013 3428; x_wconf 74' lang='grc' dir='ltr'><strong><em>τῶνδη.</em></strong></span> <span class='ocrx_word' id='word_1_205' title='bbox 1076 3367 1120 3416; x_wconf 84' lang='grc'><strong><em>16.</em></strong></span> 
     </span>
     <span class='ocr_line' id='line_1_28' title="bbox 104 3425 1119 3500; baseline 0 -16"><span class='ocrx_word' id='word_1_206' title='bbox 104 3450 155 3498; x_wconf 85' lang='grc' dir='ltr'><strong><em>την</em></strong></span> <span class='ocrx_word' id='word_1_207' title='bbox 131 3430 168 3500; x_wconf 84' lang='grc' dir='ltr'><strong><em>’ν]</em></strong></span> <span class='ocrx_word' id='word_1_208' title='bbox 188 3428 277 3496; x_wconf 80' lang='lat' dir='ltr'>bisq‚</span> <span class='ocrx_word' id='word_1_209' title='bbox 297 3425 350 3498; x_wconf 82' lang='grc' dir='ltr'><strong><em>τὴν</em></strong></span> <span class='ocrx_word' id='word_1_210' title='bbox 368 3426 469 3497; x_wconf 92' lang='grc' dir='ltr'><strong><em>λοιιιην</em></strong></span> <span class='ocrx_word' id='word_1_211' title='bbox 488 3450 504 3485; x_wconf 84' lang='grc' dir='ltr'><strong><em>ο</em></strong></span> <span class='ocrx_word' id='word_1_212' title='bbox 523 3444 592 3482; x_wconf 83' lang='lat' dir='ltr'><strong>corr.</strong></span> <span class='ocrx_word' id='word_1_213' title='bbox 612 3427 642 3482; x_wconf 91' lang='lat' dir='ltr'><strong><em>P.</em></strong></span> <span class='ocrx_word' id='word_1_214' title='bbox 708 3435 750 3484; x_wconf 77' lang='lat'><strong><em>17.</em></strong></span> <span class='ocrx_word' id='word_1_215' title='bbox 768 3430 882 3500; x_wconf 89' lang='grc' dir='ltr'><strong><em>λοιπην]</em></strong></span> <span class='ocrx_word' id='word_1_216' title='bbox 903 3447 956 3484; x_wconf 90' lang='lat' dir='ltr'><strong><em>om.</em></strong></span> <span class='ocrx_word' id='word_1_217' title='bbox 976 3428 1006 3482; x_wconf 92' lang='lat' dir='ltr'><strong><em>P.</em></strong></span> <span class='ocrx_word' id='word_1_218' title='bbox 1073 3434 1119 3486; x_wconf 88' lang='grc'><strong><em>18.</em></strong></span> 
     </span>
     <span class='ocr_line' id='line_1_29' title="bbox 68 3498 354 3570; baseline 0.012 -17.321"><span class='ocrx_word' id='word_1_219' title='bbox 68 3518 148 3567; x_wconf 82' lang='grc' dir='ltr'><strong><em>τιν</em></strong></span> <span class='ocrx_word' id='word_1_220' title='bbox 138 3498 301 3570; x_wconf 73' lang='grc' dir='ltr'><strong><em>’λέγοντος</em></strong></span> <span class='ocrx_word' id='word_1_221' title='bbox 322 3499 354 3556; x_wconf 89' lang='lat' dir='ltr'><strong><em>V.</em></strong></span> 
     </span>
    </p>
   </div>
   <div class='ocr_carea' id='block_1_9' title="bbox 0 0 1189 3796">
    <p class='ocr_par' dir='ltr' id='par_1_14' title="bbox 0 0 1189 3796">
     <span class='ocr_line' id='line_1_30' title="bbox 0 0 1189 3796; baseline 0 0"><span class='ocrx_word' id='word_1_222' title='bbox 0 0 1189 3796; x_wconf 95' lang='lat' dir='ltr'><strong><em> </em></strong></span> 
     </span>
    </p>
   </div>
  </div>
 </body>
</html>
