2362 3796
248 182 403 233 SOHOLIA
421 183 461 234 IN
478 181 753 233 Ειιιιιιιωινοιιυιι
771 180 911 231 MERUM
925 181 985 232 ΧΠ.
1055 177 1118 240 631

107 327 253 391 πλασίου
275 324 336 388 τοῦ
359 321 487 405 κῶνου,
511 323 630 398 δίπους
654 322 752 387 ἐστίν.
799 321 868 386 ἐπεὶ
893 312 956 386 οὑν
979 319 999 403 ἡ
1024 316 1121 402 ὑπερ·

105 428 170 515 οχὴ
191 432 310 504 δίπους
328 428 429 512 ἐστίν,
453 431 535 494 έστω
555 423 575 511 ἡ
591 424 736 493 ἐλάττων
755 423 857 512 αὐτῆς
875 429 933 510 τῆς
947 424 1120 512 ὑπεροχῆς,

108 532 180 620 ἥτις
204 532 347 601 ἐλάττων
371 529 391 618 ἡ
417 539 481 598 ΖΑ
503 523 558 617 ἦν,
583 536 665 598 ἔστω
688 528 709 616 ἡ
736 538 800 598 ΖΑ
822 535 969 599 ποδιαία.
1015 528 1120 616 ἡΕΖ

54 688 56 727 ,
109 638 175 726 άρα
197 644 334 726 τρίπους
357 641 439 706 ἐστί·
475 641 533 724 τῆς
556 635 619 724 γὰρ
644 643 721 722 ΒΕ,
749 635 821 724 η’τις
848 629 892 723 ἦν
916 643 1035 723 μείζων
1058 637 1120 703 τοὺ

109 742 244 830 ἡμίσεος
261 748 319 831 τῆς
333 753 409 830 ΑΒ,
432 747 490 831 τῆς
509 742 551 830 δὴ
567 751 632 810 ΒΕ
649 742 834 824 δεκάποδος
853 741 956 829 οὔσης
975 749 1119 811 λείπεται
1156 767 1171 815 5

56 880 59 891 ·
105 849 171 936 τὴν
194 858 260 918 ΕΑ
287 849 473 939 τετράποδα
501 847 600 917 εἶναι·
638 849 722 917 ῶστε
750 850 819 916 ἐπεὶ
848 846 867 935 ἡ
892 856 957 916 ΖΑ
982 853 1118 917 ποδιαία

109 959 210 1040 ἐστίν,
234 953 335 1041 ἡΖΕ
356 955 421 1043 άρα
439 962 577 1044 τρίπους
596 958 672 1024 ἐστί.
712 957 790 1023 δέκα
815 955 856 1042 δη
880 959 996 1023 ποδῶν
1016 953 1119 1040 οὔσης

54 1104 55 1110 1
105 1072 167 1148 τῆς
186 1070 259 1146 ΒΕ,
283 1066 385 1149 τριῶν
410 1063 447 1130 δὲ
469 1065 528 1147 τῆς
546 1068 608 1128 ΕΖ
631 1058 651 1147 ἡ
671 1068 733 1128 ΒΖ
757 1060 821 1148 άρα
844 1066 947 1149 τριῶν
966 1063 1021 1129 καὶ
1041 1063 1120 1129 δέκα

106 1171 224 1235 ποδῶν
257 1169 363 1252 ἐστιν,
395 1165 467 1253 ἥτις
498 1165 795 1254 τρισκαιδεκάτους
821 1164 859 1234 τὸ
888 1163 969 1234 ὅλον
992 1170 1119 1254 πρίσμα

108 1274 178 1340 ἐστὶ
214 1271 251 1339 τὸ
288 1277 506 1361 συγκείμενον
544 1275 579 1340 έκ
610 1276 678 1341 τῶν
710 1271 905 1361 πρισμάτων
936 1275 1005 1339 τῶν
1039 1268 1119 1338 άνα-
1138 1296 1172 1346 10

105 1379 302 1446 σταθέντων
335 1377 401 1446 άπό
430 1403 465 1446 τε
491 1382 554 1446 τοῦ
581 1376 790 1467 τετραχῶνου
816 1382 878 1445 τοῦ
902 1383 1034 1445 ΑΒΓΔ
1063 1379 1118 1444 καὶ

106 1495 178 1552 τῶν
200 1483 374 1571 τριχῶνων
397 1489 465 1552 τῶν
488 1491 602 1569 ΑΕΒ,
627 1490 743 1570 ΓΗΔ,
768 1492 879 1553 ΔΘΑ.
924 1480 945 1569 ἡ
969 1490 1030 1550 ΒΖ
1053 1483 1119 1571 ἄρα

105 1588 183 1675 η’τοι
208 1588 246 1658 τὸ
270 1588 571 1677 τρισκαιδεκάτουυ
595 1596 720 1676 πρίσμα
744 1592 853 1676 μεῖζόν
877 1593 946 1658 ἐστι
967 1593 1028 1656 τοὺ
1052 1616 1118 1677 τρι-

101 1700 251 1765 πλασίου
282 1701 343 1762 τοῦ
375 1695 501 1762 κῶνον·
539 1694 758 1763 δωδεκάπουν
789 1697 854 1785 γάρ
883 1699 952 1764 ἐστι
984 1696 1021 1763 τὸ
1053 1721 1118 1782 τρι-

104 1801 250 1870 πλάσιον
273 1805 334 1867 τοῦ
353 1799 475 1868 κῶνου.
512 1804 703 1871 συνετέλεσε
723 1802 760 1868 δὲ
778 1799 858 1888 ἡμῖν
877 1802 914 1870 τὸ
934 1800 1117 1888 λαμβάνειν
1139 1827 1172 1878 15

103 1908 147 1977 τά
171 1913 305 1994 μείζονα
327 1909 395 1973 τῶν
419 1903 565 1991 ἡμισέων
590 1910 637 1984 είς
658 1905 696 1974 τὸ
715 1912 831 1991 λαβεῖν
848 1905 886 1974 τὸ
907 1912 1043 1974 ἔλαττον
1059 1911 1118 1992 τῆς

104 2014 285 2102 ὑπεροχῆς,
304 2003 338 2099 ᾗ
371 2009 544 2099 ὑπερεῖχεν
578 2010 595 2079 6
627 2011 806 2100 κύλινδρος
832 2016 892 2080 τοῦ
920 2019 1118 2096 τριπλασίου

103 2125 168 2191 τοῦ
191 2118 317 2187 κοίνου·
351 2118 420 2184 ἐπεὶ
444 2115 507 2205 γὰρ
531 2115 552 2202 η
576 2125 642 2184 ΒΕ
663 2123 783 2203 μείζων
807 2119 875 2185 ἐστὶ
897 2122 960 2186 τοῦ
982 2116 1118 2205 ἡμίσεος

104 2232 163 2313 τῆς
182 2232 258 2309 ΑΒ,
282 2222 393 2307 πάλιν,
418 2218 461 2290 άν
484 2226 543 2308 τῆς
561 2230 628 2289 ΕΑ
650 2225 741 2309 λάβω
765 2229 876 2309 μεῖζον
899 2220 919 2309 ἢ
943 2224 980 2292 τὸ
1003 2223 1116 2311 ἥμισυ,

102 2330 275 2420 φθάσοιμι
298 2327 342 2398 άν
365 2355 443 2397 ποτε
466 2337 514 2408 είς
536 2357 567 2396 τι
591 2331 689 2417 μέρος
711 2334 770 2417 της
788 2337 864 2415 ΑΒ,
888 2328 1007 2399 ὁποῖόν
1027 2333 1116 2399 ἐστιν
1136 2358 1171 2407 20

105 2441 257 2506 ἐνταῦθα
279 2436 316 2505 τὸ
343 2445 418 2522 ΖΑ,
442 2440 579 2504 έλαττον
603 2432 644 2504 ὂν
666 2440 724 2522 τῆς
747 2439 921 2524 εἰρημένης
943 2435 1116 2526 ὑπεροχῆς.

103 2545 161 2611 καὶ
193 2544 262 2611 ἐπεὶ
293 2542 332 2611 τὸ
364 2547 490 2629 πρίσμα
523 2541 633 2629 μεῖζόν
665 2545 755 2610 ἐστιν
782 2539 803 2629 ἢ
831 2543 1028 2629 τριπλάσιον
1056 2548 1117 2611 τοῦ

54 2719 57 2728 ,
105 2649 229 2734 κῶνον,
248 2649 445 2737 τριπλάσιον
465 2647 503 2715 δὲ
516 2652 574 2734 τῆς
588 2654 785 2736 πυραμίδος,
802 2646 823 2734 ἡ
839 2650 983 2735 πυραμὶς
997 2656 1116 2735 μείζων

54 2802 59 2813 ·
105 2756 174 2824 ἐστὶ
206 2759 266 2822 τοῦ
298 2755 419 2824 κῶνον
482 2759 564 2821 ἔστω
597 2753 634 2822 τὸ
667 2760 793 2843 πρίσμα
826 2754 1111 2840 δωδεκάπουν,“
1095 2784 1116 2883 ρ

54 2863 250 2970 πυραμὶς
281 2860 478 2947 τετράπους,
512 2858 530 2927 6
563 2870 672 2938 κῶνος
703 2865 853 2948 τρίπους·
890 2866 950 2928 καί
978 2863 1047 2928 ἐστι
1076 2859 1114 2930 τὸ
1134 2885 1169 2934 25

54 2931 324 3073 :666exoinovv
350 2971 412 3035 τοῦ
439 2966 501 3052 μὲν
526 2965 729 3055 τετράποδος
752 2966 965 3052 τριπλάσιον,
992 2977 1053 3034 τοῦ
1078 2967 1116 3035 δὲ

54 3078 263 3176 τρίποδος
285 3067 439 3158 μειζον’“
419 3098 439 3157 η
465 3070 678 3156 τριπλάσιον,
706 3069 815 3138 καὶ
784 3097 822 3138 το
845 3070 1031 3159 τετράπουν
1054 3076 1115 3141 τοῦ

102 3182 263 3269 τρίποδος
287 3183 408 3263 μεῖζον.

171 3289 223 3353 43.
257 3279 484 3368 Νενοησθω
468 3309 487 3366 η
504 3288 569 3348 ΑΒ
588 3279 739 3351 εὑθεῐα’
725 3309 743 3350 ο
761 3282 941 3371 κύλινδρος
959 3285 1014 3350 καὶ
1032 3288 1114 3352 ἔστω

101 3440 318 3454 “¹⁸-

175 3523 219 3572 43.
239 3514 338 3586 (16³²).
