2362 3796
98 146 167 212 436
255 149 413 201 SCHOLIA
430 149 469 200 IN
486 147 761 199 ELEMENTOBUM
777 145 916 199 LIBRUM
928 147 962 200 X.

167 290 221 358 23.
247 285 395 375 ’Ἁλογον
417 295 513 356 καλεῖ
534 285 553 357 ὁ
576 288 764 376 γεωμέτρης
784 285 848 373 τήν
870 285 966 373 μήκει
984 285 1045 353 καὶ
1063 289 1123 353 δυ-

100 393 199 481 νάμει
226 391 440 482 ἀσύμμετρον
467 398 507 484 τῇ
537 397 630 482 ῥητῇ.
678 389 922 480 καθόλουγὰρ
949 394 1060 459 πᾶσαι
1087 394 1126 459 αλ

100 500 200 587 μήκει
227 501 284 569 καὶ
313 500 456 587 δυνάμει
483 498 688 589 ἀσύμμετροι
715 501 756 587 τῇ
780 500 863 587 ῥητῇ
891 495 1013 584 ἄλογοι
1035 496 1123 584 κιρδς

101 604 209 675 αὐτοῦ
232 610 424 675 καλοῦνται.

67 733 83 781 ο
168 716 221 780 24.
258 711 354 780 Κατὰ
377 711 415 782 τὸ
441 708 711 799 συναμφότερον,
733 709 882 779 τουτέστι
900 707 1049 796 δυνάμει
1066 709 1125 777 καὶ

103 816 160 885 διὰ
182 822 282 886 τοῦτο
306 818 362 886 καὶ
385 817 491 905 μήκει.

507 1013 566 1078 Ad
588 1012 659 1078 def.
681 1013 712 1079 4.

170 1137 223 1204 25.
260 1137 363 1203 Πᾶσα
385 1131 511 1222 πλευρὰ
538 1129 591 1219 ἐφ’
616 1129 738 1217 ἑαυτήν
768 1134 1123 1220 τολλακλασιαξομέυη

105 1235 126 1327 ἢ
150 1236 205 1327 ἐφ’
227 1241 344 1329 ἑτέραν
370 1237 515 1325 δύναμιν
537 1250 634 1308 κοιεϊ.
679 1236 765 1325 φησὶ
787 1247 872 1324 γοῦν
894 1237 954 1317 τὰς
975 1238 1124 1328 πλευρὰς

54 1367 88 1416 10
107 1346 297 1432 δυναμένας
319 1343 360 1415 τδι
383 1340 441 1412 ἀπ’
463 1340 576 1411 αὐτῶν
599 1343 771 1430 γινόμενοι.

171 1455 230 1519 καί
246 1452 316 1519 ἐστι
335 1451 523 1538 σύμμετρος
539 1447 561 1537 ή
581 1448 759 1537 διάμετρος
776 1451 817 1538 τῇ
831 1453 960 1541 τλευρᾷ
979 1450 1124 1539 δυνάμει

105 1557 158 1660 {ql
180 1560 241 1625 τοῦ
264 1554 489 1644 τετραγώνου,
513 1549 588 1625 οἷον
611 1553 778 1645 ήκλευρδι
794 1567 825 1642 ἒ,
848 1552 869 1642 ή
890 1554 928 1624 δὲ
946 1557 1125 1646 διάμετρος

106 1661 179 1744 ξδ’
203 1661 255 1731 ιε”
279 1660 343 1731 vm.

498 1751 555 1817 Ad
577 1773 680 1836 prop.
703 1750 730 1816 Ι.

56 1895 88 1944 15
174 1878 228 1944 26.
264 1872 335 1942 Ὅτι
374 1872 435 1943 οὐκ
471 1878 562 1941 ἔστιν
600 1872 776 1958 ἐλάχιστον
813 1873 970 1959 μέγεθος,
1010 1870 1059 1954 ὡς
1095 1876 1130 1943 οἱ

105 1983 350 2069 Λημοκρίτειοί
370 1999 490 2069 φασιν,
513 1977 569 2047 καὶ
592 1976 649 2046 διὰ
672 1977 798 2046 τούτου
820 1981 882 2047 τοῦ
903 1977 1128 2067 θεωρήματος

107 2091 292 2171 δείκνυται,
315 2094 349 2154 εδ
368 2112 407 2172 γε
429 2083 553 2165 παντὸς
574 2094 636 2153 τοῦ
659 2085 854 2171 ἐκκειμένου
876 2082 1046 2170 μεγέθους
1071 2089 1127 2154 δυ

106 2191 211 2262 νατὸν
235 2197 375 2260 ἔλαττον
398 2196 523 2277 λαβεῖν.

174 2302 226 2366 27.
263 2302 393 2378 Μεῖζον
417 2293 437 2383 ή
461 2294 499 2363 τὸ
522 2293 626 2382 ήμισυ
651 2321 682 2382 p.
705 2298 740 2383 4,
765 2298 803 2379 6]
833 2299 946 2382 μεῖζον
973 2296 1128 2364 ἐνταῦθα

58 2423 93 2471 2ο
111 2402 251 2489 νοητέον
274 2406 336 2469 τοῦ
360 2403 393 2483 ἐξ
417 2398 522 2490 ἆρχής
545 2402 709 2480 δοθέντος
731 2406 881 2488 μείζονος
903 2401 1074 2487 μεγέθους
1092 2401 1123 2470 τί

109 2513 220 2594 μεῖζον
247 2510 359 2595 τμήμα
387 2504 432 2587 ὡς
457 2504 541 2595 κρὸς
567 2505 604 2574 τὸ
635 2504 738 2594 ήμισυ
769 2505 1038 2595 συγκρινόμενον
1066 2510 1130 2577 τοῦ

108 2615 230 2684 ἑαυτοῦ
253 2614 308 2682 καὶ
332 2610 408 2702 οὐχὶ
432 2609 477 2693 ὡς
499 2615 580 2700 πρὸς
602 2615 639 2681 τδ
664 2617 801 2681 ἔλαττον
825 2611 864 2680 τὸ
888 2614 921 2693 ἐξ
945 2609 1054 2701 ἀρχῆς
1079 2615 1129 2682 έκ-

88 2711 263 2807 Ικείμενον
291 2720 442 2808 μέγεθος.
488 2716 614 2807 ὁμοίως
642 2718 679 2787 δὲ
706 2719 762 2786 καὶ
789 2719 827 2787 τὸ
855 2715 960 2806 ήμισυ
983 2720 1129 2806 υοητέου

111 2852 225 2907 ουτος.

182 3026 224 3076 28
243 3021 315 3090 Vq
389 3024 433 3077 24.
452 3019 533 3086 V⁸3A
553 3019 602 3076 cfr.
621 3018 663 3075 ΙΙΙ
729 3021 807 3072 218
827 3034 891 3072 oum
908 3019 966 3074 not.
986 3018 1051 3076 orit.

112 3096 195 3146 251
268 3023 874 3161 26.Pv⁸q(vA1).27.V·q(v.P¹A)

112 3211 325 3220 —-—-—-.

185 3270 227 3321 15.
247 3261 303 3338 ὅτι]
324 3284 379 3325 om.
399 3286 426 3336 q.
503 3263 555 3353 ὥς]
575 3282 628 3321 om.
648 3284 674 3334 q.
753 3270 795 3320 18.
816 3265 1002 3334 Δημοκρλτιοι
1021 3267 1033 3322 l
1052 3268 1133 3339 etP

113 3336 162 3391 sed
182 3353 251 3392 corr.
271 3357 308 3393 m.
324 3344 349 3393 2.
422 3338 508 3393 τοῦτο
526 3357 557 3391 το
577 3333 768 3423 διώρημοιἾ.
844 3341 886 3390 12.
906 3331 1079 3422 ἐγκειμένου
1100 3341 1135 3396 V.

150 3412 192 3464 18.
212 3402 358 3477 ἐλάχιστον
378 3426 426 3476 qv.
499 3411 542 3464 21.
565 3402 767 3532 προῇιδιάῑ
841 3401 875 3461 τὸ
894 3401 1028 3478 έαυτόη
1088 3417 1132 3467 22.

64 3449 349 3586 Ιταγκείμενονῑῑ.
424 3484 469 3536 23.
488 3476 535 3552 es]
554 3494 609 3535 om.
