2362 3796
121 153 189 217 404
271 155 428 208 scflomA
446 156 485 207 IN
502 156 778 208 ELEMENTORUM
795 154 935 208 LIBRUM
946 156 996 207 m

122 292 231 374 οὕτως
254 292 272 362 5
292 303 324 362 A
346 293 431 384 πρὸς
452 293 513 365 τὸν
532 300 572 381 Β,
596 293 746 382 λσάιιιςὴ
771 293 877 382 μονάς
898 292 959 363 τὸν
977 302 1011 362 A
1031 309 1148 383 μετρεῖ

121 402 178 470 καὶ
201 398 219 470 5
244 410 276 468 A
304 400 365 470 τὸν
388 409 430 469 Β·
467 399 488 489 ἡ
513 402 551 470 δὲ
574 400 681 489 μονάς
703 403 764 471 τὸν
786 410 820 469 A
843 414 956 489 μετρεῖ
975 399 1065 470 κατὰ
1087 400 1147 482 τάς

122 510 159 576 ἐν
183 505 273 600 αὐτῷ
298 508 461 595 μονάδας·
497 508 554 576 καὶ
582 505 600 576 5
624 517 656 576 A
684 509 750 596 άρα
777 507 838 576 τὸν
861 514 890 575 Β
918 518 1035 597 μετρεῖ
1059 507 1145 577 κατὰ

120 612 182 694 τὰς
218 617 255 682 ἐν
291 612 382 705 αὐτῷ
420 616 579 701 μονάδας.
633 611 720 682 ὥστε
751 611 769 683 5
799 624 831 682 A
867 611 989 683 ἑαυτὸν
1020 622 1145 684 πολλα-

87 719 309 800 οπλασιάσας
337 719 398 788 τὸν
423 727 452 788 Β
478 726 666 806 πεποίηκεν.
712 718 820 801 άλλως
847 747 882 788 τε
910 719 949 789 δὲ
972 721 1047 789 ἐπεὶ
1069 722 1146 809 ἑξῆς

123 829 214 896 ἐστιν
232 825 416 912 άνάλογον,
434 827 490 894 καὶ
509 822 528 894 5
543 832 572 893 Β
590 831 701 914 τρίτος
720 828 811 895 ἐστὶν
829 824 896 896 άπὸ
908 831 968 914 τῆς
981 827 1144 914 μονάδος,

122 934 329 1022 τετράγωνος
352 929 481 1019 ὀφείλει
504 929 592 1001 εἶναι
616 929 661 1013 ὥς
683 934 721 1001 ἐν
744 936 789 1024 τῷ
813 930 848 1018 η’
872 934 934 1001 τοῦ
956 931 1007 1002 θ’.

192 1041 242 1106 19.
279 1036 380 1106 Διότι
405 1035 577 1124 άνάλογόν
600 1039 702 1125 ἐστιν,
725 1037 835 1118 ἰσάκις
857 1034 878 1125 ἡ
902 1036 1019 1126 μονὰς
1030 1037 1096 1109 τὸν
1114 1050 1145 1108 A

123 1156 236 1232 μετρεῖ
262 1145 318 1212 καὶ
346 1141 366 1213 5
394 1154 426 1212 A
457 1144 518 1213 τὸν
540 1151 578 1214 Β.
628 1157 742 1233 μετρεῖ
769 1143 808 1213 δδ
833 1141 855 1230 ἡ
882 1142 993 1231 μονάς
1022 1144 1087 1215 τὸν
1113 1156 1145 1214 Α

72 1271 105 1319 10
124 1249 207 1317 κατὰ
230 1249 290 1330 τάς
313 1252 350 1319 ἐν
374 1251 464 1342 αὐτῷ
488 1250 639 1336 μονάδας
661 1250 717 1318 καὶ
741 1247 760 1319 5
784 1260 816 1318 A
838 1248 899 1319 τὸν
921 1258 951 1319 Β
977 1249 1065 1320 κατὰ
1087 1251 1144 1333 τάς

124 1357 162 1423 ἐν
185 1352 275 1448 αὐτῷ
299 1356 450 1444 μονάδας
476 1355 599 1425 ἑαυτὸν
625 1357 919 1436 πολλαπλασιάσας
945 1353 1009 1425 τὸν
1031 1365 1061 1426 Β
1086 1382 1138 1426 πε

122 1467 271 1548 ποίηιιεν.

481 1553 540 1619 Ad
561 1575 668 1640 prop.
689 1553 778 1620 XIV.

190 1676 243 1742 20.
269 1671 378 1741 Ἔσται
402 1672 422 1742 5
442 1684 476 1743 A
496 1669 518 1743 λ
541 1673 716 1762 μονάδων,
738 1702 757 1743 o
782 1681 810 1741 Β
835 1676 909 1761 δύο,
932 1673 951 1744 5
974 1681 1008 1743 Γ
1027 1679 1143 1762 τριῶν,

72 1775 143 1850 1οὸ
167 1787 201 1846 A
222 1779 329 1848 πέντε.
375 1784 482 1867 δῆλον
505 1782 561 1870 δή,
584 1779 637 1851 ὅτι
658 1779 719 1849 τὸν
741 1779 921 1869 τριάκοντα
944 1783 1065 1862 πάντες
1090 1809 1144 1871 με·

124 1888 254 1970 τροῦσι,
279 1883 297 1954 5
321 1886 384 1973 μὲν
404 1888 468 1956 δύο
487 1887 567 1975 μετὰ
586 1890 648 1956 τοῦ
667 1893 706 1974 ιε,
731 1884 749 1955 5
770 1885 848 1972 δδῷ
870 1884 951 1975 μετὰ
968 1897 1031 1956 τοῦ
1049 1889 1144 1976 δέκα,

125 1987 142 2058 5
168 1991 206 2059 δὲ
228 1993 327 2089 πέντε
349 1991 430 2080 μετὰ
453 1998 514 2062 τοῦ
537 1999 565 2065 ξ.

191 2101 244 2165 21.
285 2095 353 2166 Τὸν
380 2098 548 2187 ρέἥγονν
573 2098 635 2168 τὸν
658 2108 691 2166 A
718 2101 855 2178 ἕκαστος
881 2103 948 2168 τῶν
971 2106 1017 2186 Β,
1040 2107 1087 2188 Γ,
1110 2112 1144 2170 A

123 2215 237 2287 μετρεῖ
267 2200 387 2282 οὕτως·
423 2201 442 2270 5
472 2204 534 2290 μὲν
558 2213 592 2271 A
623 2203 732 2292 ἤγουν
759 2202 777 2273 5
801 2202 883 2273 ἑπτὰ
910 2203 990 2292 μετὰ
1013 2217 1079 2275 τοῦ
1100 2214 1144 2277 ιἐ·

71 2330 107 2380 20
126 2307 259 2386 ἑπτάκις
281 2307 345 2393 γάρ
369 2315 400 2377 ῑε
422 2315 474 2397 ρἐ·
510 2308 529 2378 5
558 2310 596 2378 δὲ
617 2316 650 2380 Γ
672 2310 781 2398 ἤγουν
809 2309 827 2381 5
856 2313 954 2380 πέντε
980 2311 1062 2398 μετὰ
1087 2321 1143 2383 τῶ·

124 2411 280 2492 πεντάκις
302 2411 365 2502 γάρ
390 2412 408 2482 5
428 2423 533 2484 εῖιιοσι
551 2411 599 2497 εἷς
618 2422 670 2505 ρῐ·
701 2413 721 2485 5
743 2417 780 2485 δὲ
798 2425 827 2485 Β
851 2416 959 2505 ἤγουν
978 2415 996 2487 5
1015 2424 1038 2504 ᾧ
1059 2421 1144 2506 μετὰ

124 2522 186 2586 τοῦ
207 2529 253 2587 λε.

495 2613 551 2678 Ad
574 2635 679 2698 prop.
702 2611 774 2680 XV.

191 2736 243 2799 22.
281 2733 468 2813 Σνντεθεὶς
498 2732 562 2822 γάρ
595 2732 614 2803 5
647 2736 708 2821 μὲν
735 2728 762 2803 δ
790 2733 871 2822 μετά
902 2740 964 2805 τοῦ
986 2741 1007 2807 ξ
1033 2750 1142 2827 γεννᾷ

71 2858 106 2910 25
126 2837 186 2907 τὸν
209 2845 238 2925 ῖ,
262 2838 299 2919 ὅς
322 2843 393 2908 ἐστι
415 2838 500 2928 πρὸς
520 2842 580 2910 τὸν
602 2840 723 2910 λοιπὸν
746 2839 855 2928 ἤγουν
872 2834 977 2910 τὸνῖ)
998 2847 1142 2929 πρῶτος.

125 2973 143 3013 ο
169 2945 207 3012 δὲ
231 2951 251 3016 ξ
271 2946 328 3013 ιιαὶ
351 2943 369 3014 5
391 2932 421 3014 Β
444 2948 618 3029 συντεθεὶς
639 2949 744 3034 γεννᾷ
766 2947 828 3015 τὸν
847 2953 887 3032 ἴε,
911 2948 948 3027 ὅς
966 2950 1036 3018 ἐστι
1054 2954 1144 3040 πρὸς

124 3053 183 3120 τὸν
208 3043 231 3119 δ
254 3056 400 3140 πρῶτος,
429 3045 553 3122 ὁδὲδ
580 3055 635 3122 ιιαλ
658 3046 685 3122 Β
711 3056 815 3142 γεννᾷ
842 3051 902 3121 τὸν
925 3059 975 3141 ἦ,
1008 3055 1046 3136 ὅς
1069 3059 1144 3127 ἐστι

125 3168 256 3242 πρῶτος
278 3159 362 3243 πρὸς
384 3156 444 3227 τὸν
470 3164 497 3230 ξ.

160 3299 298 3424 2219Ψλλῖἱ
317 3303 362 3368 (=
381 3317 422 3356 nr.
443 3306 484 3368 18,
504 3302 554 3356 sed
572 3304 722 3373 corrupte).
782 3310 825 3359 20.
844 3302 885 3358 va
893 3302 964 3373 (1³²).
1026 3309 1070 3359 21.
1089 3305 1142 3364 W.

188 3500 214 3549 4.
237 3489 270 3550 ἐν
287 3493 381 3570 αάτῷ]
402 3512 473 3554 corr.
493 3513 529 3554 ox
548 3491 640 3572 ἓαοτῷ
654 3496 692 3551 V.
