2362 3796
227 127 386 180 scnom
403 128 443 180 m
460 128 735 180 ELEMENTORUM
752 130 892 181 mmm
904 131 926 184 1.
1015 127 1078 192 137

63 266 208 348 κάθετός
231 270 323 337 ἐστιν
347 264 431 354 αὑτὴ
455 269 663 357 διαφέρουσα
681 272 722 358 τῇ
742 272 849 357 σχέσει
870 271 976 357 μόνον
995 270 1078 339 κατά

63 374 102 443 τὸ
131 371 355 463 ὑποκείμενον
383 372 572 463 ἀδιάφορος
599 367 700 462 οὖσα,
734 373 844 464 ὥσπερ
872 378 956 463 φασὶ
977 375 1078 463 καὶὴ

64 480 224 562 κάθοδος.
270 479 363 567 διττὴ
386 478 419 549 δ’
445 473 489 550 αὖ
511 481 667 563 κάθετος·
694 479 715 568 ἡ
739 482 800 568 μέν
824 481 888 569 γάρ
914 486 1079 568 ἐπίπεδος,

65 585 87 675 ἡ
117 586 155 655 δὲ
182 587 308 675 στερεά.
353 588 409 656 καὶ
437 587 520 657 ὅταν
548 588 611 676 μὲν
638 589 675 656 ἐν
701 594 747 683 τῷ
776 587 866 682 αὐτῷ
892 591 1033 679 ἐπιπέδῳ
1056 582 1078 679 ἦ

65 693 105 763 τὸ
129 707 284 781 σημεῖον,
311 690 371 782 άφ’
399 687 441 764 οὗ
464 692 484 781 ἡ
509 695 666 781 κάθετος,
688 697 745 763 καὶ
769 693 903 780 εὐθεῖα,
927 698 1080 775 ἐπίπεδος
1117 718 1133 767 5

66 801 198 886 λέγεται
222 799 379 889 κάθετος,
408 798 489 870 ὅταν
517 803 684 889 μετέωρον
710 805 749 870 τδ
779 815 917 889 σημεῖον
939 802 995 869 καὶ
1019 802 1079 882 ἔξω

67 910 131 974 τοῦ
148 903 368 994 ὑποκειμένου
386 909 555 995 ἐπιπέδου,
575 907 700 996 στερεά.
736 908 792 976 καὶ
810 906 831 995 ἡ
851 907 912 994 μέν
927 910 1082 985 ἐπίπεδος

67 1011 153 1098 πρὸς
174 1011 312 1082 εὐθεῖαν
335 1013 461 1100 άμεται,
484 1011 505 1102 ἡ
529 1014 567 1083 δὲ
589 1018 706 1103 στερεά
725 1013 808 1102 πρὸς
827 1019 991 1083 ἐπίπεδον.
1026 1011 1080 1082 διὸ

67 1119 124 1186 καὶ
149 1116 335 1207 άναγκαῑον
363 1122 494 1206 ἐκείνην
524 1117 565 1190 οὐ
592 1121 677 1206 πρὸς
704 1128 785 1208 μίαν
808 1119 947 1190 εὐθεῖαν
970 1134 1080 1188 ποιεῖν

66 1223 188 1312 ὀρθάς,
220 1224 307 1294 άλλδι
339 1225 422 1315 πρὸς
448 1228 557 1307 πάσας
582 1226 641 1308 τὰς
669 1232 706 1298 έν
733 1232 779 1322 τῷ
807 1225 897 1320 αὐτῷ
927 1230 1079 1319 ἐπιπέδῳ.
1100 1249 1133 1299 10

64 1335 113 1411 εἰς
140 1331 179 1399 δὲ
205 1333 269 1418 τὴν
300 1337 464 1402 δοθεῖσαν
492 1333 631 1403 εὐθεῖαν
659 1334 799 1420 άπειρον
831 1333 992 1422 ἐχρήσατο
1027 1331 1076 1402 ἐπ’

64 1434 239 1525 ἀμφότερα
266 1438 307 1506 τὰ
340 1441 422 1527 μέρη
451 1447 600 1527 σημείοις
627 1439 709 1509 κατά
738 1440 776 1509 τὸ
802 1439 906 1509 δοθέν
931 1455 1079 1527 σημεῖον,

64 1544 120 1610 καὶ
144 1546 201 1611 διὰ
223 1549 285 1612 τοῦ
303 1545 429 1613 κύκλου
448 1553 637 1632 σαφηνίσας
655 1544 827 1626 ἀπέδειξεν
845 1544 927 1632 ἡμῖν
946 1543 1008 1612 οὐκ
1027 1546 1080 1613 ἐπὶ

66 1652 128 1716 τοῦ
152 1650 302 1738 άπείρον,
325 1649 398 1718 ἀλλ’
425 1651 478 1718 έπὶ
502 1656 562 1719 τοῦ
584 1654 844 1738 πεπερασμένον.

135 1755 187 1821 55.
224 1751 281 1822 Ἐν
311 1759 357 1846 τῷ
391 1754 438 1840 ιβ’
468 1755 678 1841 προβλήματι
710 1752 822 1842 ὀρθὴν
856 1753 995 1823 εὐθεῖαν
1027 1753 1077 1822 ἐπ’
1101 1779 1133 1827 15

69 1855 205 1939 εὐθείας
222 1859 429 1947 βουλόμενος
449 1865 566 1947 στῆσαι
586 1859 829 1948 ὁστοιχειωτὴς
842 1860 990 1929 κάθετον
1004 1860 1080 1929 ὀνο-

68 1963 161 2053 μάζει
184 1964 246 2053 τὴν
271 1964 381 2054 ὀρθὴν
405 1965 570 2055 άρχαικοός
596 1966 679 2035 κατά
706 1966 880 2054 μνάμονα,
912 1966 998 2036 διότι
1026 1969 1080 2035 καὶ

68 2072 86 2141 ὁ
105 2073 254 2160 μνάμων
273 2070 355 2161 πρὸς
370 2071 476 2159 ὀρθάς
490 2076 618 2165 ἐστιτῷ
634 2071 791 2162 ὁρίζοντι·
813 2078 872 2161 τῆς
889 2074 954 2162 γάρ
974 2075 1081 2161 ὀρθῆς

69 2175 91 2263 ἡ
114 2178 258 2258 κάθετος
279 2183 318 2268 τῇ
343 2182 451 2267 σχέσει
474 2180 581 2267 μόνον
605 2182 756 2268 διαφέρει
778 2180 861 2248 κατά
884 2178 921 2250 τὸ
949 2180 1080 2250 ὑποκεί-

69 2309 173 2370 μενον
200 2283 387 2374 ἀδιάφορος
415 2278 500 2355 οὖσα
530 2285 640 2374 ὥσπερ
668 2288 723 2355 καὶ
746 2285 766 2375 ἡ
790 2288 942 2369 κάθετος.
987 2289 1075 2358 διττδ
1100 2311 1134 2362 20

69 2387 107 2457 δὲ
129 2387 151 2476 ἡ
173 2390 317 2472 κάθετός
340 2392 441 2478 ἐστιν,
464 2393 485 2479 ἡ
508 2391 570 2479 μὲν
590 2396 754 2480 ἐπίπεδος,
777 2391 798 2480 ἡ
819 2392 855 2462 δὲ
875 2395 1002 2482 στερεά,
1024 2397 1080 2463 καὶ

65 2493 87 2583 ἡ
111 2495 173 2584 μὲν
197 2501 352 2578 ἐπίπεδος
369 2497 453 2586 πρὸς
472 2497 610 2567 εὐθεῖαν
629 2499 755 2586 άγεται,
778 2496 852 2586 ἡδὲ
867 2501 983 2590 στερεά
998 2500 1081 2590 πρὸς

67 2606 241 2672 ἐπίπεδον·
279 2608 333 2672 διὸ
364 2605 420 2672 καὶ
450 2603 633 2691 άναμκαῖον
664 2610 794 2693 ἐκείνην
824 2606 864 2675 ον’
890 2610 971 2695 πρὸς
1000 2613 1081 2693 μίαν

69 2707 210 2776 εὐθεῖαν
244 2723 353 2777 ποιεῖν
385 2717 511 2796 γωνίας
543 2710 663 2799 ὀρθάς,
696 2709 780 2780 ἀλλὰ
811 2714 894 2799 πρὸς
924 2716 1081 2780 ἐπίπεδον

68 2811 198 2899 ἡμμένη
222 2811 243 2899 ἡ
262 2814 403 2896 κάθετος
420 2817 503 2906 πρὸς
520 2819 628 2884 πάντα
646 2817 686 2883 τά
707 2820 806 2908 ἐντῷ
827 2818 916 2907 αὐτῷ
937 2817 1079 2909 έπιπέδφ
1099 2839 1134 2889 25

69 2918 153 3005 μέρη
180 2919 238 2999 τάς
265 2928 389 3005 νιονίας
410 2937 506 2992 ποιεῖ,
552 2926 589 2991 έν
614 2923 651 2989 δέ
673 2933 719 3014 τῷ
743 2923 952 3009 προβλήματι
973 2920 1080 3013 τούτφ

68 3024 218 3095 κάθετον
246 3028 403 3097 ἐπίπεδον
431 3034 626 3117 προτίθεται
653 3027 792 3115 άμαμεῖν
818 3026 836 3096 ὁ
859 3026 1081 3115 στοιχειωτής·

137 3221 334 3293 παφα

139 3406 163 3456 2.
184 3398 327 3472 διάφορος
340 3401 372 3457 P.
455 3409 479 3457 3.
499 3402 592 3474 διττή]
606 3399 654 3457 διά
669 3422 696 3457 τι
713 3404 744 3457 Ρ.
826 3409 852 3460 9.
871 3399 1033 3474 άνακιιοιίοιτ
1050 3403 1091 3459 Ἦ.

105 3476 151 3525 18.
176 3468 283 3542 ὀρθῆς]
302 3473 338 3541 P,
361 3474 430 3527 mut.
449 3473 477 3528 in
501 3469 572 3546 πρὸς
591 3469 685 3549 ὀρθάς
701 3474 747 3550 V,
767 3471 843 3551 προς
862 3469 1004 3549 δοθδιιῖ.
1060 3488 1116 3593 ,Ι
