2362 3796
206 137 362 190 SOHOLIA
379 138 418 190 IN
435 137 711 189 ELEMENTORUM
728 137 867 189 LIBRUM
880 139 926 191 VI.
1009 133 1074 199 335

419 331 476 397 Ad
499 353 604 416 prop.
628 331 718 397 VIII.

125 457 177 522 20.
214 456 275 532 Είς
297 450 335 520 τὸ
360 450 486 538 ὄγδοον
509 451 678 539 θεώρημα.
715 449 752 518 τὸ
777 449 992 537 ὀρθογώνιον
1009 458 1074 538 τρί-

56 585 172 646 γωνον
195 553 216 645 ή
241 560 410 637 ίσοσκελές
428 560 518 625 ἐστιν
536 555 644 643 ήγουν
663 553 933 645 ήμιτετρώγωνον
956 554 977 643 ή
997 575 1074 624 σκα-

59 662 167 751 ληνὸν
191 662 266 750 ήτοι
288 661 392 750 ήμισυ
414 659 643 749 ἑτερομήκους.
683 666 714 730 εί
735 661 797 748 μὲν
821 655 884 731 οὖν
908 664 1075 742 ίσοσκελές

57 772 149 839 ἐστιν
176 768 252 857 ήτοι
279 767 568 856 ήμιτετρώγωνον,
601 767 661 835 ἐὰν
694 771 731 835 αι’
760 770 835 856 περὶ
866 769 929 855 τήν
962 767 1073 855 ὀρθήν
1110 793 1126 842 5

58 881 187 962 γωνίαν
206 876 303 964 ῥηταὶ
320 875 430 963 μήκει,
454 871 475 962 ή
493 871 719 943 ὑποτείνουσα
737 876 800 962 τήν
819 873 931 962 ὀρθήν
945 880 1074 961 γωνίαν

57 981 153 1069 μήκει
182 978 392 1069 ἀσύμμετρος
417 984 458 1070 τή
490 985 632 1071 πλευρᾷ·
673 983 885 1069 τετραγώνου
912 979 976 1067 γὰρ
1005 979 1075 1047 διοί-

57 1087 176 1173 μετρός
199 1089 298 1155 έστιν.
345 1085 427 1155 ἀλλὰ
451 1084 545 1173 καίή
569 1088 726 1167 κάθετος·
757 1085 891 1173 ἡμίσεια
913 1086 977 1173 γὰρ
1003 1091 1073 1154 δια-

57 1195 182 1281 μέτρου
214 1197 250 1261 έν
282 1192 478 1284 τετραγώνῳ
511 1195 610 1260 ἐστίν.
662 1191 821 1273 ὡσαύτως
852 1194 907 1261 καὶ
938 1195 979 1260 τὰ
1016 1196 1075 1287 τῆς

57 1297 186 1384 βάσεως
209 1298 360 1386 τμήματα
388 1296 580 1387 ἀσύμμετρα
608 1298 705 1386 μήκει
732 1313 805 1379 ταῖς
831 1307 997 1386 πλευραῖς.
1044 1301 1075 1366 εί
1094 1322 1126 1371 10

58 1404 96 1473 δὲ
114 1403 218 1491 ήμισυ
240 1400 462 1492 ἑτερομήκους
480 1403 555 1491 ήτοι
574 1404 754 1491 σκαληνόν,
778 1406 856 1473 ποτὲ
875 1405 937 1492 μὲν
955 1433 975 1491 η
993 1402 1073 1472 ὑπο-

56 1515 214 1579 τείνουσα
236 1510 298 1596 τὴν
323 1509 436 1598 ὀρθήν
460 1517 605 1597 γωνίαν,
629 1509 700 1596 ήτις
723 1511 792 1578 ἐστὶ
815 1511 992 1597 διάμετρος
1013 1512 1074 1577 τοὺ

57 1615 287 1706 ἑτερομήκους,
302 1616 396 1704 μήκει
414 1617 600 1703 σύμμετρος
614 1622 705 1684 ἔσται
723 1630 795 1696 ταῖς
808 1625 976 1703 πλευραῖς,
995 1612 1074 1682 ποτὲ

58 1723 89 1792 δ’
112 1721 162 1803 οὑ.
199 1721 259 1790 ἐὰν
281 1721 345 1809 γὰρ
369 1720 469 1809 ήμία
487 1721 614 1810 πίευρδι
633 1715 654 1809 ή
674 1722 760 1808 ενός,
786 1719 806 1808 ή
827 1720 864 1789 δὲ
883 1720 979 1807 ἑτέρα
998 1721 1073 1805 δυό,

31 1844 36 1849 ’
56 1827 77 1917 ή
101 1827 325 1898 ὑποτείνουσα
343 1827 406 1914 τήν
426 1826 536 1917 ὀρθήν
555 1833 694 1915 γωνίαν,
717 1829 789 1915 ήτις
807 1828 876 1895 ἐστὶ
895 1826 1072 1913 διώμετρος
1091 1850 1124 1899 16

57 1941 119 2005 τοῦ
143 1932 364 2023 ἑτερομήκους
385 1939 446 2002 τοὺ
469 1935 707 2022 περιεχομένου
734 1931 800 2001 ὑπό
823 1959 859 1999 τε
886 1943 944 2019 τής
970 1930 1073 2017 οὔσης

57 2040 206 2127 μονώδος
228 2045 306 2127 μιᾶς
327 2040 383 2107 καὶ
401 2044 461 2126 τής
479 2040 583 2126 οὔσης
601 2039 761 2125 μονάδων
778 2032 813 2125 Β,
836 2037 961 2125 πίευρδι
982 2043 1072 2105 ἔσται

56 2149 218 2233 μονοίδων
236 2147 345 2215 πέντε·
369 2145 443 2214 τότε
462 2145 539 2214 οὔτε
557 2144 598 2213 τὰ
616 2144 768 2232 τμήματα
786 2145 883 2232 μήκει
902 2144 1072 2230 σύμμετρα

57 2257 148 2322 ἔσται
167 2250 245 2320 οὔτε
263 2249 284 2337 ή
302 2249 454 2331 κάθετος.
492 2256 524 2319 εί
541 2251 577 2319 δὲ
596 2248 617 2338 ή
637 2249 861 2319 ὑποτείνουσα
879 2248 940 2337 τήν
961 2231 1073 2337 ὀρθήν

56 2364 185 2445 γωνίαν
208 2357 305 2444 μήκει
328 2356 515 2443 σύμμετρος
535 2370 608 2436 ταῖς
630 2365 803 2444 πλευραῖς,
834 2355 910 2423 τότε
941 2356 997 2422 καὶ
1029 2353 1068 2423 τὰ
1089 2379 1124 2429 20

57 2463 209 2549 τμήματα
232 2464 403 2550 σύμμετρα
425 2463 481 2530 κα]
504 2461 525 2548 ή
548 2462 700 2541 κάθετος.
737 2458 812 2530 οἷον
835 2459 880 2541 ώς
900 2463 951 2530 ἐπὶ
970 2457 1073 2550 παρα-

60 2570 234 2651 δείγματος
256 2574 340 2636 έστω
363 2575 529 2657 τρίγωνον
553 2564 722 2654 σκαληνὸν
745 2565 820 2654 ήτοι
843 2565 947 2654 ήμισυ
966 2565 1073 2653 ἓτερο-

131 2780 173 2830 20.
198 2773 250 2842 V²;
276 2777 307 2832 in
328 2781 408 2834 textu
430 2798 510 2851 prop.
529 2779 595 2834 VIII
617 2779 632 2832 f
652 2781 777 2848 (errores
801 2781 914 2848 apertos
939 2778 1044 2833 codicis
1062 2777 1077 2830 f

58 2863 114 2902 non
135 2845 289 2915 adnotaui).

130 3047 155 3093 6.
177 3037 274 3111 μήκει]
294 3055 444 3111 suprascr.
463 3044 497 3098 V.
571 3051 594 3100 7.
614 3042 709 3116 μήκει]
728 3043 759 3098 in
773 3059 826 3098 ras.
843 3043 880 3110 V;
900 3042 1000 3098 deinde
1019 3042 1073 3096 del.

57 3109 123 3180 ήτοι
143 3106 217 3181 (ήτοι
232 3127 286 3166 om.
302 3111 338 3178 f).
391 3117 416 3169 8.
435 3113 561 3187 ἡμίσεια]
581 3131 650 3170 corr.
671 3132 704 3169 ex
722 3109 807 3185 ήμιου
827 3114 859 3168 V.
916 3119 956 3168 10.
977 3110 1060 3184 μήκει

58 3185 160 3254 postea
179 3183 243 3236 add.
264 3182 297 3236 V.
376 3188 417 3256 33.
436 3181 531 3256 μήκει]
549 3187 649 3254 postea
667 3186 731 3241 add.
750 3184 785 3239 V.
866 3189 906 3241 18.
926 3184 1059 3254 μονάδων

59 3269 215 3324 suprascr.
235 3252 269 3321 V,
291 3270 344 3308 om.
363 3254 387 3321 f;
410 3253 441 3308 in
458 3257 537 3309 textu
556 3257 611 3310 τῶν
629 3256 679 3311 Vf.
765 3252 842 3344 τότε]
863 3249 910 3311 ὅτε
930 3254 984 3324 Vf,
1004 3272 1073 3310 corr.

59 3328 162 3395 postea
175 3324 209 3378 V.
265 3320 349 3395 μήκει
367 3322 522 3399 σύμμετρα]
542 3327 571 3380 in
585 3344 639 3382 ras.
653 3327 688 3383 V.
743 3333 787 3382 20.
806 3346 890 3397 μήκει
904 3323 1073 3450 σὺμμετρορ]

57 3398 88 3449 in
102 3411 157 3450 ras.
172 3395 206 3449 V.
261 3402 323 3458 ταῖς
335 3396 481 3467 πλευραῖς]
498 3413 596 3453 ecorr.
605 3398 639 3453 V.
694 3405 737 3452 21.
758 3395 913 3469 σύμμετρα]
930 3415 944 3452 ο
959 3414 1028 3452 corr.
1066 3439 1073 3453 .

93 3465 168 3520 Ante
188 3464 249 3520 οἷον
268 3466 322 3522 del.
342 3465 421 3523 έσται
438 3466 472 3522 V.
