2362 3796
210 177 367 229 εοΗοιΙε
385 179 424 228 ΙΝ
442 176 716 227 ωιωαωανοωυω
734 175 873 225 LIBRUM
886 174 948 224 ΧΠ.
1018 169 1081 232 621
1097 174 1099 178 ‘

142 322 190 384 10.
228 321 290 396 Είς
311 314 349 384 τὸ
373 313 463 383 αὐτό.

139 423 270 508 Πόθεν,
295 421 347 490 ὅτι
365 419 386 508 ή
406 421 617 507 ἐφαπτομένη
637 418 849 504 παράλληλός
868 420 936 485 ἐστι
954 422 993 504 τή
1014 422 1084 484 θια-

71 531 195 619 μέτρφ;
223 529 280 595 καὶ
292 528 445 614 λέγομεν,
464 524 528 594 ὅτι·
551 524 726 611 τετμήσθω
746 521 766 609 ή
783 531 879 590 ΖΕΘ
892 522 1085 608 περιφέρεια

71 640 149 723 δίχα
175 633 258 702 πατὰ
285 634 323 703 τὸ
351 640 396 719 Ε,
429 633 485 700 καὶ
513 628 570 699 διὰ
596 633 657 698 τοῦ
681 637 713 696 Ε
741 627 837 715 ήχθω
871 629 1083 716 ἐφαπτομένη

72 738 93 827 ή
113 748 148 808 Κ
153 748 194 826 Λ,
218 742 273 808 καὶ
292 738 446 826 εἰλήφθω
469 735 508 806 τὸ
531 738 671 822 κέντρον
694 738 756 803 τοῦ
778 735 905 803 κύκλου
926 737 982 802 παὶ
1002 739 1083 802 ἔστω
1121 763 1137 812 f>

72 845 110 915 τὸ
137 855 180 932 0,
213 847 267 915 καί
296 845 483 932 ἐπεζεύχθω
511 840 532 929 ή
558 849 630 909 ΟΕ.
674 842 730 909 παὶ
763 842 831 908 ἐπεὶ
860 842 912 908 ἐπὶ
934 866 1085 926 τεταρτη-

71 958 195 1040 μορίου
214 953 365 1037 βέβηκεν,
384 948 404 1036 ή
425 947 489 1017 ὑπὸ
506 955 604 1015 ΖΟΕ
620 953 727 1033 γωνία
747 943 836 1032 ὀρθή
854 948 952 1015 ἐστιν.
981 946 1084 1014 πάλιν

553 1055 622 1121 ἐπεὶ
640 1051 705 1119 ἀπὸ
725 1054 787 1119 τοῦ
799 1053 941 1138 κέντρου
956 1053 1008 1120 ἐπὶ
1022 1053 1084 1138 τήν

551 1159 644 1247 ἁφήν
678 1159 863 1240 ἐπέζευκται
895 1156 915 1244 ή
950 1167 1028 1243 ΟΕ,
1062 1158 1083 1244 ή

550 1263 616 1333 ὑπὸ
631 1273 666 1333 Κ
672 1274 703 1332 Ε
709 1272 737 1331 0
754 1271 861 1351 γωνία
881 1263 970 1351 ὀρθή
985 1268 1084 1333 ἐστιν.
1104 1292 1138 1341 10

551 1374 607 1440 καὶ
631 1372 700 1439 ἐπεὶ
724 1377 770 1451 είς
794 1370 855 1439 δύο
875 1369 1010 1448 εὐθείας
1025 1368 1085 1450 τὰς

480 1473 506 1533 θ
551 1485 636 1563 ΚΛ,
661 1485 722 1545 ΖΘ
748 1476 866 1545 εὐθεῖα
896 1478 1085 1563 ἐμπεσοῦσα

551 1584 572 1669 ή
599 1591 664 1650 ΟΕ
689 1582 748 1662 τὰς
772 1581 867 1662 ἐντὸς
888 1582 944 1650 καὶ
968 1582 1020 1649 ἐπὶ
1043 1578 1084 1648 τὰ

552 1687 637 1756 αὐτὰ
665 1690 748 1775 μέρή
776 1693 903 1775 γωνίας
932 1685 991 1766 τὰς
1017 1684 1083 1755 ὑπὸ

552 1802 670 1881 ΚΕΟ,
701 1801 800 1862 ΖΟΕ
832 1794 931 1862 δυσὶν
964 1791 1085 1882 ὀρθαῖς
1105 1820 1137 1871 15

469 1883 503 1938 ff
553 1909 627 1979 ίσας
644 1913 743 1986 ποιεῖ,
764 1899 976 1988 παράλληλός
995 1904 1084 1968 ἐστιν

74 2010 94 2095 ή
121 2015 182 2076 ΖΘ
203 2013 242 2096 νή
262 2013 339 2074 ΚΛ.
379 2003 503 2092 ὁμοίως
526 2005 568 2093 δή
591 2007 646 2073 καὶ
670 2005 729 2074 ἐὰν
753 2003 818 2074 ἀπὸ
842 2011 911 2073 τῶν
935 2013 973 2089 Ζ,
991 2013 1085 2091 Η,Θ

73 2120 221 2201 σημείων
253 2112 388 2199 ἄγωμεν
420 2114 653 2199 ἐφαπτομένας
683 2110 742 2192 τὰς
769 2119 861 2197 ΚΜ,
884 2119 979 2198 ΜΝ,
1003 2119 1084 2197 ΝΛ,

74 2219 286 2307 παράλληλοί
305 2224 369 2286 είσι
392 2224 432 2306 τή
457 2225 529 2286 ΖΘ·
567 2221 604 2285 αί
630 2219 668 2286 δὲ
693 2229 733 2307 τῇ
756 2214 840 2306 αὐτή
862 2216 981 2308 εὐθείᾳ
1004 2242 1084 2306 παρ-

74 2324 229 2410 άλληλοι,
256 2326 312 2393 καὶ
339 2323 499 2411 ἀλλήλαις
526 2325 591 2393 είσὶ
618 2324 834 2413 παράλληλοι.
877 2324 1084 2413 παράλληλοι
1103 2349 1139 2398 20

74 2429 142 2517 ἄρα
165 2432 251 2499 εἰσὶν
275 2435 313 2499 αί
330 2439 419 2517 ΚΜ,
438 2439 527 2518 ΜΝ,
540 2439 627 2518 ΝΛ,
647 2439 724 2500 ΛΚ.
769 2432 825 2499 καὶ
848 2431 1010 2520 φανερόν,
1034 2429 1086 2498 ὅτι

75 2536 132 2603 παὶ
161 2545 417 2622 συμπίπτουσιν.
464 2538 649 2624 ἐπεζεύχθω
677 2537 742 2625 γὰρ
770 2537 790 2624 ή
816 2545 885 2605 ΕΖ.
930 2539 987 2605 παὶ
1015 2537 1085 2605 ἐπεὶ

75 2646 115 2709 αί
136 2640 201 2712 ὑπὸ
224 2651 339 2729 ΚΕΖ,
363 2650 466 2712 ΕΖΚ
491 2644 663 2724 ἐλάττονές
690 2649 755 2711 εἰσι
784 2642 846 2711 δύο
876 2640 1008 2731 ὀρθῶν,
1037 2644 1084 2710 ἐκ·

76 2747 280 2835 βαλλόμεναι
315 2748 381 2838 ἄρα
417 2759 665 2837 συμπεσοῦνται
701 2751 738 2815 αἱ
771 2756 863 2834 ΜΚ,
894 2755 972 2815 ΛΚ.
1029 2747 1085 2816 διὰ

76 2853 115 2919 τὰ
154 2851 239 2921 αὐτὰ
277 2853 318 2940 δή
355 2857 411 2923 καὶ
448 2858 485 2922 αί
519 2862 603 2940 ΚΛ,
634 2862 724 2940 ΛΝ,
760 2861 854 2939 ΝΜ,
886 2860 970 2920 ΜΚ
1004 2873 1139 2940 app-25

75 2964 256 3027 πίπτουσιν
271 2959 437 3046 ἀλλήλαις.
473 2960 529 3028 καὶ
548 2959 711 3047 φανερόν,
732 2957 783 3027 ὅτι
800 2960 856 3027 παλ
874 2957 1085 3047 τετράγωνόν

149 3142 191 3191 10
211 3137 265 3206 Bp.
336 3138 397 3207 εις
417 3138 481 3193 hab
500 3138 530 3194 B

148 3303 173 3352 2.
197 3291 344 3424 phomp
401 3288 1140 3366 ’1.έστ,ιμοοωφ.Β.8τον]οωΒε’πλ

76 3366 141 3457 τήν]
162 3364 197 3423 έπ
330 3373 372 3422 10.
392 3367 491 3438 ΚΕΟ]
510 3369 640 3437 AEOp.
718 3362 775 3422 ἐστι
794 3382 931 3436 p,.comp
949 3366 981 3419 B.
1044 3370 1086 3420 14.

146 3446 242 3496 -.15
263 3439 357 3511 ZOE]
376 3455 429 3494 om
448 3457 476 3525 p.
560 3444 600 3493 19.
611 3433 737 3527 ενθείρι]
756 3455 810 3493 om.
830 3438 861 3492 Β.
942 3442 986 3490 22.
1006 3431 1098 3499 {mk

77 3507 129 3564 ἐπί
143 3527 235 3581 comp.
254 3511 285 3565 Β.
356 3515 401 3564 24.
421 3506 483 3582 δια]
502 3507 553 3564 καὶ
571 3508 621 3564 διά
638 3508 674 3565 Β.
745 3514 797 3564 22).
815 3507 910 3574 Nm
920 3507 1040 3562 mm
