<?xml version="1.0" encoding="UTF-8"?>
<!DOCTYPE html PUBLIC "-//W3C//DTD XHTML 1.0 Transitional//EN"
    "http://www.w3.org/TR/xhtml1/DTD/xhtml1-transitional.dtd">
<html xmlns="http://www.w3.org/1999/xhtml" xml:lang="en" lang="en">
 <head>
  <title>
</title>
<meta http-equiv="Content-Type" content="text/html;charset=utf-8" />
  <meta name='ocr-system' content='tesseract 3.04.00' />
  <meta name='ocr-capabilities' content='ocr_page ocr_carea ocr_par ocr_line ocrx_word'/>
</head>
<body>
  <div class='ocr_page' id='page_1' title='image "./euclidisoperaom02unkngoog_0459.png"; bbox 0 0 2362 3796; ppageno 0'>
   <div class='ocr_carea' id='block_1_1' title="bbox 78 172 943 237">
    <p class='ocr_par' dir='ltr' id='par_1_1' title="bbox 78 172 943 237">
     <span class='ocr_line' id='line_1_1' title="bbox 78 172 943 237; baseline -0.009 0"><span class='ocrx_word' id='word_1_1' title='bbox 78 172 144 237; x_wconf 81' lang='lat'><em>342</em></span> <span class='ocrx_word' id='word_1_2' title='bbox 221 174 378 227; x_wconf 76' lang='lat' dir='ltr'>SOHOLIA</span> <span class='ocrx_word' id='word_1_3' title='bbox 395 176 434 228; x_wconf 79' lang='lat' dir='ltr'><strong>m</strong></span> <span class='ocrx_word' id='word_1_4' title='bbox 452 176 728 229; x_wconf 74' lang='grc' dir='ltr'><em>ωιειιωωνοειοω</em></span> <span class='ocrx_word' id='word_1_5' title='bbox 744 178 884 229; x_wconf 77' lang='lat' dir='ltr'>LIBRUM</span> <span class='ocrx_word' id='word_1_6' title='bbox 897 179 943 229; x_wconf 83' lang='lat' dir='ltr'><em>VI.</em></span> 
     </span>
    </p>
   </div>
   <div class='ocr_carea' id='block_1_2' title="bbox 24 313 1097 2203">
    <p class='ocr_par' dir='ltr' id='par_1_2' title="bbox 75 313 1097 720">
     <span class='ocr_line' id='line_1_2' title="bbox 76 313 1095 404; baseline 0.004 -24"><span class='ocrx_word' id='word_1_7' title='bbox 76 314 331 400; x_wconf 85' lang='grc' dir='ltr'><em>τετραπλεύροις</em></span> <span class='ocrx_word' id='word_1_8' title='bbox 354 313 567 403; x_wconf 79' lang='grc' dir='ltr'><em>ὀρθογώνιον</em></span> <span class='ocrx_word' id='word_1_9' title='bbox 591 317 698 401; x_wconf 87' lang='grc' dir='ltr'><em>λέγων</em></span> <span class='ocrx_word' id='word_1_10' title='bbox 723 314 760 383; x_wconf 87' lang='grc' dir='ltr'><em>τὸ</em></span> <span class='ocrx_word' id='word_1_11' title='bbox 785 315 844 396; x_wconf 81' lang='grc' dir='ltr'><em>τὰς</em></span> <span class='ocrx_word' id='word_1_12' title='bbox 865 321 991 403; x_wconf 78' lang='grc' dir='ltr'><em>γωνίας</em></span> <span class='ocrx_word' id='word_1_13' title='bbox 1015 322 1095 404; x_wconf 78' lang='grc' dir='ltr'><em>ἔχον</em></span> 
     </span>
     <span class='ocr_line' id='line_1_3' title="bbox 76 417 1096 510; baseline 0.002 -22"><span class='ocrx_word' id='word_1_14' title='bbox 76 417 185 506; x_wconf 87' lang='grc' dir='ltr'><em>ὀρθάς</em></span> <span class='ocrx_word' id='word_1_15' title='bbox 216 422 374 506; x_wconf 91' lang='grc' dir='ltr'><em>δηλονότι</em></span> <span class='ocrx_word' id='word_1_16' title='bbox 407 421 463 487; x_wconf 81' lang='grc' dir='ltr'><em>καὶ</em></span> <span class='ocrx_word' id='word_1_17' title='bbox 494 419 553 500; x_wconf 83' lang='grc' dir='ltr'><em>τάς</em></span> <span class='ocrx_word' id='word_1_18' title='bbox 579 423 756 509; x_wconf 88' lang='grc' dir='ltr'><em>τέσσαρας,</em></span> <span class='ocrx_word' id='word_1_19' title='bbox 790 421 836 501; x_wconf 81' lang='grc' dir='ltr'><em>ὡς</em></span> <span class='ocrx_word' id='word_1_20' title='bbox 867 420 1006 510; x_wconf 86' lang='grc' dir='ltr'><em>άληθώς</em></span> <span class='ocrx_word' id='word_1_21' title='bbox 1039 423 1096 490; x_wconf 83' lang='grc' dir='ltr'><em>καὶ</em></span> 
     </span>
     <span class='ocr_line' id='line_1_4' title="bbox 76 523 1095 619; baseline 0.002 -27"><span class='ocrx_word' id='word_1_22' title='bbox 76 523 291 612; x_wconf 72' lang='grc' dir='ltr'><em>ὀρθογώνιον</em></span> <span class='ocrx_word' id='word_1_23' title='bbox 321 523 449 612; x_wconf 78' lang='grc' dir='ltr'><strong><em>ὀφείλει</em></strong></span> <span class='ocrx_word' id='word_1_24' title='bbox 478 525 636 611; x_wconf 88' lang='grc' dir='ltr'><em>λέγεσθαι</em></span> <span class='ocrx_word' id='word_1_25' title='bbox 663 529 701 594; x_wconf 87' lang='grc' dir='ltr'><em>τὸ</em></span> <span class='ocrx_word' id='word_1_26' title='bbox 735 530 811 613; x_wconf 85' lang='grc' dir='ltr'><em>ἔχον</em></span> <span class='ocrx_word' id='word_1_27' title='bbox 842 524 901 606; x_wconf 85' lang='grc' dir='ltr'><em>τὰς</em></span> <span class='ocrx_word' id='word_1_28' title='bbox 932 528 970 595; x_wconf 86' lang='grc' dir='ltr'><em>έν</em></span> <span class='ocrx_word' id='word_1_29' title='bbox 1003 524 1095 619; x_wconf 77' lang='grc' dir='ltr'><em>αὐτῷ</em></span> 
     </span>
     <span class='ocr_line' id='line_1_5' title="bbox 75 622 1097 720; baseline 0.003 -22"><span class='ocrx_word' id='word_1_30' title='bbox 75 630 184 710; x_wconf 88' lang='grc' dir='ltr'><em>πάσας</em></span> <span class='ocrx_word' id='word_1_31' title='bbox 202 637 326 718; x_wconf 86' lang='grc' dir='ltr'><em>γωνίας</em></span> <span class='ocrx_word' id='word_1_32' title='bbox 344 629 462 719; x_wconf 87' lang='grc' dir='ltr'><em>ὀρθάς.</em></span> <span class='ocrx_word' id='word_1_33' title='bbox 498 633 587 716; x_wconf 97' lang='grc' dir='ltr'><em>λέγει</em></span> <span class='ocrx_word' id='word_1_34' title='bbox 606 630 667 716; x_wconf 71' lang='grc' dir='ltr'><em>μὲν</em></span> <span class='ocrx_word' id='word_1_35' title='bbox 681 628 746 717; x_wconf 80' lang='grc' dir='ltr'><em>γάρ</em></span> <span class='ocrx_word' id='word_1_36' title='bbox 760 622 816 699; x_wconf 74' lang='grc' dir='ltr'><em>καί</em></span> <span class='ocrx_word' id='word_1_37' title='bbox 831 633 867 700; x_wconf 84' lang='grc' dir='ltr'><em>έν</em></span> <span class='ocrx_word' id='word_1_38' title='bbox 881 631 1097 720; x_wconf 84' lang='grc' dir='ltr'><em>τριπλεύροις</em></span> 
     </span>
    </p>

    <p class='ocr_par' dir='ltr' id='par_1_3' title="bbox 41 735 1095 1250">
     <span class='ocr_line' id='line_1_6' title="bbox 41 735 1095 826; baseline 0.001 -20"><span class='ocrx_word' id='word_1_39' title='bbox 41 757 57 806; x_wconf 77' lang='lat'><strong>5</strong></span> <span class='ocrx_word' id='word_1_40' title='bbox 77 738 303 826; x_wconf 87' lang='grc' dir='ltr'><em>ὀρθογώνιον,</em></span> <span class='ocrx_word' id='word_1_41' title='bbox 327 736 412 805; x_wconf 86' lang='grc' dir='ltr'><em>άλλδι</em></span> <span class='ocrx_word' id='word_1_42' title='bbox 436 736 474 805; x_wconf 84' lang='grc' dir='ltr'><em>τὸ</em></span> <span class='ocrx_word' id='word_1_43' title='bbox 500 742 576 825; x_wconf 80' lang='grc' dir='ltr'><em>ἔχον</em></span> <span class='ocrx_word' id='word_1_44' title='bbox 600 744 681 824; x_wconf 86' lang='grc' dir='ltr'><em>μίαν</em></span> <span class='ocrx_word' id='word_1_45' title='bbox 705 735 832 826; x_wconf 77' lang='grc' dir='ltr'><em>ὀρθήν,</em></span> <span class='ocrx_word' id='word_1_46' title='bbox 859 736 947 806; x_wconf 95' lang='grc' dir='ltr'><em>διότι</em></span> <span class='ocrx_word' id='word_1_47' title='bbox 970 735 1013 806; x_wconf 84' lang='grc' dir='ltr'><em>οὐ</em></span> <span class='ocrx_word' id='word_1_48' title='bbox 1038 744 1095 808; x_wconf 89' lang='grc' dir='ltr'><em>δυ·</em></span> 
     </span>
     <span class='ocr_line' id='line_1_7' title="bbox 75 841 1095 932; baseline 0.002 -21"><span class='ocrx_word' id='word_1_49' title='bbox 75 847 180 913; x_wconf 83' lang='grc' dir='ltr'><em>νατδν</em></span> <span class='ocrx_word' id='word_1_50' title='bbox 199 846 255 911; x_wconf 81' lang='grc' dir='ltr'><em>καὶ</em></span> <span class='ocrx_word' id='word_1_51' title='bbox 270 845 430 932; x_wconf 76' lang='grc' dir='ltr'><em>δευτέραν</em></span> <span class='ocrx_word' id='word_1_52' title='bbox 446 841 558 931; x_wconf 79' lang='grc' dir='ltr'><em>ὀρθὴν</em></span> <span class='ocrx_word' id='word_1_53' title='bbox 578 842 795 925; x_wconf 74' lang='grc' dir='ltr'><em>δέξασθαιτί)</em></span> <span class='ocrx_word' id='word_1_54' title='bbox 814 849 991 930; x_wconf 87' lang='grc' dir='ltr'><em>τρίγωνον.</em></span> <span class='ocrx_word' id='word_1_55' title='bbox 1023 849 1095 926; x_wconf 83' lang='grc' dir='ltr'><em>πώς</em></span> 
     </span>
     <span class='ocr_line' id='line_1_8' title="bbox 75 947 1095 1038; baseline 0.002 -21"><span class='ocrx_word' id='word_1_56' title='bbox 75 948 140 1038; x_wconf 83' lang='grc' dir='ltr'><em>γάρ</em></span> <span class='ocrx_word' id='word_1_57' title='bbox 163 949 222 1030; x_wconf 88' lang='grc' dir='ltr'><em>τάς</em></span> <span class='ocrx_word' id='word_1_58' title='bbox 245 963 333 1036; x_wconf 79' lang='grc' dir='ltr'><em>τρεῖς</em></span> <span class='ocrx_word' id='word_1_59' title='bbox 356 955 433 1037; x_wconf 85' lang='grc' dir='ltr'><em>ἔχον</em></span> <span class='ocrx_word' id='word_1_60' title='bbox 458 949 521 1018; x_wconf 82' lang='grc' dir='ltr'><em>δύο</em></span> <span class='ocrx_word' id='word_1_61' title='bbox 546 948 667 1037; x_wconf 81' lang='grc' dir='ltr'><em>ὀρθαῖς</em></span> <span class='ocrx_word' id='word_1_62' title='bbox 690 958 773 1035; x_wconf 81' lang='grc' dir='ltr'><em>ἴσας,</em></span> <span class='ocrx_word' id='word_1_63' title='bbox 797 951 843 1030; x_wconf 77' lang='grc' dir='ltr'><em>ὡς</em></span> <span class='ocrx_word' id='word_1_64' title='bbox 861 947 1095 1019; x_wconf 80' lang='grc' dir='ltr'><em>ἀποδέδεικται</em></span> 
     </span>
     <span class='ocr_line' id='line_1_9' title="bbox 75 1053 1095 1149; baseline 0.003 -27"><span class='ocrx_word' id='word_1_65' title='bbox 75 1060 120 1147; x_wconf 77' lang='grc' dir='ltr'><em>τῷ</em></span> <span class='ocrx_word' id='word_1_66' title='bbox 144 1060 281 1149; x_wconf 75' lang='grc' dir='ltr'><em>τεχνικῷ</em></span> <span class='ocrx_word' id='word_1_67' title='bbox 289 1086 297 1137; x_wconf 88' lang='grc'><strong>;</strong></span> <span class='ocrx_word' id='word_1_68' title='bbox 329 1053 414 1124; x_wconf 83' lang='grc' dir='ltr'><em>ώστε</em></span> <span class='ocrx_word' id='word_1_69' title='bbox 438 1053 654 1141; x_wconf 76' lang='grc' dir='ltr'><em>ὀρθογώνιον</em></span> <span class='ocrx_word' id='word_1_70' title='bbox 676 1060 799 1144; x_wconf 85' lang='grc' dir='ltr'><em>κυρίως</em></span> <span class='ocrx_word' id='word_1_71' title='bbox 821 1055 883 1142; x_wconf 73' lang='grc' dir='ltr'><em>μὲν</em></span> <span class='ocrx_word' id='word_1_72' title='bbox 906 1055 1028 1142; x_wconf 89' lang='grc' dir='ltr'><em>λέγοιτ’</em></span> <span class='ocrx_word' id='word_1_73' title='bbox 1050 1053 1095 1126; x_wconf 75' lang='grc' dir='ltr'><em>δν</em></span> 
     </span>
     <span class='ocr_line' id='line_1_10' title="bbox 75 1158 1095 1250; baseline 0.005 -22"><span class='ocrx_word' id='word_1_74' title='bbox 75 1159 112 1228; x_wconf 87' lang='grc' dir='ltr'><em>τὸ</em></span> <span class='ocrx_word' id='word_1_75' title='bbox 136 1161 245 1241; x_wconf 89' lang='grc' dir='ltr'><em>πάσας</em></span> <span class='ocrx_word' id='word_1_76' title='bbox 273 1161 466 1247; x_wconf 79' lang='grc' dir='ltr'><em>δυνάμενον</em></span> <span class='ocrx_word' id='word_1_77' title='bbox 495 1158 601 1245; x_wconf 84' lang='grc' dir='ltr'><em>ὀρθὰς</em></span> <span class='ocrx_word' id='word_1_78' title='bbox 629 1166 732 1249; x_wconf 80' lang='grc' dir='ltr'><em>ἔχειν,</em></span> <span class='ocrx_word' id='word_1_79' title='bbox 759 1167 1029 1250; x_wconf 76' lang='grc' dir='ltr'><em>καταχρηστικῶς</em></span> <span class='ocrx_word' id='word_1_80' title='bbox 1056 1163 1095 1232; x_wconf 74' lang='grc' dir='ltr'><em>δὲ</em></span> 
     </span>
    </p>

    <p class='ocr_par' dir='ltr' id='par_1_4' title="bbox 24 1264 1095 1779">
     <span class='ocr_line' id='line_1_11' title="bbox 24 1264 1095 1359; baseline 0.004 -24"><span class='ocrx_word' id='word_1_81' title='bbox 24 1287 57 1335; x_wconf 93' lang='lat'><em>10</em></span> <span class='ocrx_word' id='word_1_82' title='bbox 75 1266 132 1333; x_wconf 81' lang='grc' dir='ltr'><em>καὶ</em></span> <span class='ocrx_word' id='word_1_83' title='bbox 164 1264 202 1334; x_wconf 86' lang='grc' dir='ltr'><em>τὸ</em></span> <span class='ocrx_word' id='word_1_84' title='bbox 231 1268 265 1348; x_wconf 80' lang='grc' dir='ltr'><em>ἐξ</em></span> <span class='ocrx_word' id='word_1_85' title='bbox 291 1265 441 1353; x_wconf 79' lang='grc' dir='ltr'><em>ἀνάγκης</em></span> <span class='ocrx_word' id='word_1_86' title='bbox 471 1266 643 1353; x_wconf 81' lang='grc' dir='ltr'><em>ἐλάττους,</em></span> <span class='ocrx_word' id='word_1_87' title='bbox 676 1265 721 1347; x_wconf 89' lang='grc' dir='ltr'><em>ώς</em></span> <span class='ocrx_word' id='word_1_88' title='bbox 750 1267 789 1336; x_wconf 87' lang='grc' dir='ltr'><em>τὸ</em></span> <span class='ocrx_word' id='word_1_89' title='bbox 818 1270 854 1336; x_wconf 84' lang='grc' dir='ltr'><em>έν</em></span> <span class='ocrx_word' id='word_1_90' title='bbox 881 1268 1095 1359; x_wconf 84' lang='grc' dir='ltr'><em>τριπλεύροις</em></span> 
     </span>
     <span class='ocr_line' id='line_1_12' title="bbox 76 1365 1093 1464; baseline 0.007 -25"><span class='ocrx_word' id='word_1_91' title='bbox 76 1371 291 1459; x_wconf 89' lang='grc' dir='ltr'><em>ὀρθογώνιον</em></span> <span class='ocrx_word' id='word_1_92' title='bbox 313 1377 490 1459; x_wconf 91' lang='grc' dir='ltr'><em>τρίγωνον.</em></span> <span class='ocrx_word' id='word_1_93' title='bbox 527 1375 596 1441; x_wconf 75' lang='grc' dir='ltr'><em>ἐπεὶ</em></span> <span class='ocrx_word' id='word_1_94' title='bbox 621 1365 684 1442; x_wconf 79' lang='grc' dir='ltr'><em>οὖν</em></span> <span class='ocrx_word' id='word_1_95' title='bbox 707 1372 904 1462; x_wconf 88' lang='grc' dir='ltr'><em>ὀρθογώνια</em></span> <span class='ocrx_word' id='word_1_96' title='bbox 924 1377 960 1443; x_wconf 87' lang='grc' dir='ltr'><em>έν</em></span> <span class='ocrx_word' id='word_1_97' title='bbox 979 1403 1093 1464; x_wconf 85' lang='grc' dir='ltr'><em>τετρα-</em></span> 
     </span>
     <span class='ocr_line' id='line_1_13' title="bbox 75 1468 1094 1571; baseline 0.006 -25"><span class='ocrx_word' id='word_1_98' title='bbox 75 1480 232 1567; x_wconf 88' lang='grc' dir='ltr'><em>πλεύροις</em></span> <span class='ocrx_word' id='word_1_99' title='bbox 253 1477 293 1547; x_wconf 85' lang='grc' dir='ltr'><em>τά</em></span> <span class='ocrx_word' id='word_1_100' title='bbox 317 1478 373 1546; x_wconf 79' lang='grc' dir='ltr'><em>καὶ</em></span> <span class='ocrx_word' id='word_1_101' title='bbox 397 1478 456 1558; x_wconf 85' lang='grc' dir='ltr'><em>τάς</em></span> <span class='ocrx_word' id='word_1_102' title='bbox 477 1468 505 1547; x_wconf 79' lang='grc' dir='ltr'><em>δ</em></span> <span class='ocrx_word' id='word_1_103' title='bbox 529 1475 637 1564; x_wconf 86' lang='grc' dir='ltr'><em>ὀρθάς</em></span> <span class='ocrx_word' id='word_1_104' title='bbox 663 1483 802 1548; x_wconf 77' lang='grc' dir='ltr'><em>ἕκαστον</em></span> <span class='ocrx_word' id='word_1_105' title='bbox 826 1482 946 1568; x_wconf 85' lang='grc' dir='ltr'><em>έχοντά</em></span> <span class='ocrx_word' id='word_1_106' title='bbox 970 1509 1094 1571; x_wconf 85' lang='grc' dir='ltr'><em>φαμεν,</em></span> 
     </span>
     <span class='ocr_line' id='line_1_14' title="bbox 76 1580 1094 1677; baseline 0.005 -25"><span class='ocrx_word' id='word_1_107' title='bbox 76 1580 312 1672; x_wconf 80' lang='grc' dir='ltr'><em>ὁσαδηποτοῦν</em></span> <span class='ocrx_word' id='word_1_108' title='bbox 336 1583 401 1671; x_wconf 86' lang='grc' dir='ltr'><em>άρα</em></span> <span class='ocrx_word' id='word_1_109' title='bbox 425 1581 616 1673; x_wconf 79' lang='grc' dir='ltr'><em>εὑρεθῶσιν</em></span> <span class='ocrx_word' id='word_1_110' title='bbox 639 1583 836 1673; x_wconf 86' lang='grc' dir='ltr'><em>ὀρθογώνια</em></span> <span class='ocrx_word' id='word_1_111' title='bbox 858 1587 1094 1677; x_wconf 79' lang='grc' dir='ltr'><em>τετράπλευρα,</em></span> 
     </span>
     <span class='ocr_line' id='line_1_15' title="bbox 76 1690 664 1779; baseline 0.002 -22"><span class='ocrx_word' id='word_1_112' title='bbox 76 1692 109 1772; x_wconf 82' lang='grc' dir='ltr'><em>ἐξ</em></span> <span class='ocrx_word' id='word_1_113' title='bbox 132 1690 280 1779; x_wconf 90' lang='grc' dir='ltr'><em>άνάγκης</em></span> <span class='ocrx_word' id='word_1_114' title='bbox 301 1692 358 1760; x_wconf 82' lang='grc' dir='ltr'><em>καὶ</em></span> <span class='ocrx_word' id='word_1_115' title='bbox 382 1691 545 1779; x_wconf 90' lang='grc' dir='ltr'><em>ίσογώνιά</em></span> <span class='ocrx_word' id='word_1_116' title='bbox 569 1696 664 1760; x_wconf 87' lang='grc' dir='ltr'><em>είσιν.</em></span> 
     </span>
    </p>

    <p class='ocr_par' dir='ltr' id='par_1_5' title="bbox 24 1794 1095 2203">
     <span class='ocr_line' id='line_1_16' title="bbox 24 1794 1093 1887; baseline 0.004 -24"><span class='ocrx_word' id='word_1_117' title='bbox 24 1814 56 1864; x_wconf 80' lang='lat'><em>15</em></span> <span class='ocrx_word' id='word_1_118' title='bbox 143 1801 195 1866; x_wconf 79' lang='lat'><em>29.</em></span> <span class='ocrx_word' id='word_1_119' title='bbox 234 1797 349 1878; x_wconf 82' lang='grc' dir='ltr'><em>Οὕτως</em></span> <span class='ocrx_word' id='word_1_120' title='bbox 367 1797 548 1885; x_wconf 87' lang='grc' dir='ltr'><em>λεγόμενος</em></span> <span class='ocrx_word' id='word_1_121' title='bbox 566 1794 583 1866; x_wconf 86' lang='grc' dir='ltr'><em>ό</em></span> <span class='ocrx_word' id='word_1_122' title='bbox 604 1797 704 1884; x_wconf 89' lang='grc' dir='ltr'><em>λόγος</em></span> <span class='ocrx_word' id='word_1_123' title='bbox 723 1794 919 1886; x_wconf 87' lang='grc' dir='ltr'><em>ὀρθότερος·</em></span> <span class='ocrx_word' id='word_1_124' title='bbox 941 1797 1093 1887; x_wconf 79' lang='grc' dir='ltr'><em>τῶνγὰρ</em></span> 
     </span>
     <span class='ocr_line' id='line_1_17' title="bbox 75 1900 1095 1991; baseline -0.001 -20"><span class='ocrx_word' id='word_1_125' title='bbox 75 1900 189 1972; x_wconf 81' lang='grc' dir='ltr'><em>αὐτών</em></span> <span class='ocrx_word' id='word_1_126' title='bbox 212 1905 554 1973; x_wconf 80' lang='grc' dir='ltr'><em>κατασκευασθέντων</em></span> <span class='ocrx_word' id='word_1_127' title='bbox 582 1906 655 1972; x_wconf 81' lang='grc' dir='ltr'><em>ἐπεί</em></span> <span class='ocrx_word' id='word_1_128' title='bbox 676 1908 740 1971; x_wconf 87' lang='grc' dir='ltr'><em>είσι</em></span> <span class='ocrx_word' id='word_1_129' title='bbox 767 1903 807 1971; x_wconf 85' lang='grc' dir='ltr'><em>τά</em></span> <span class='ocrx_word' id='word_1_130' title='bbox 831 1910 914 1991; x_wconf 86' lang='grc' dir='ltr'><em>ΒΗ,</em></span> <span class='ocrx_word' id='word_1_131' title='bbox 939 1911 1006 1971; x_wconf 79' lang='grc' dir='ltr'><em>ΔΘ</em></span> <span class='ocrx_word' id='word_1_132' title='bbox 1035 1912 1095 1971; x_wconf 84' lang='grc' dir='ltr'><em>ίσα</em></span> 
     </span>
     <span class='ocr_line' id='line_1_18' title="bbox 67 2009 1093 2096; baseline 0.002 -21"><span class='ocrx_word' id='word_1_133' title='bbox 67 2009 131 2076; x_wconf 80' lang='grc' dir='ltr'><em>καὶ</em></span> <span class='ocrx_word' id='word_1_134' title='bbox 155 2009 328 2095; x_wconf 85' lang='grc' dir='ltr'><em>ίσογώνια,</em></span> <span class='ocrx_word' id='word_1_135' title='bbox 350 2020 420 2077; x_wconf 80' lang='grc' dir='ltr'><em>τῶν</em></span> <span class='ocrx_word' id='word_1_136' title='bbox 445 2009 482 2077; x_wconf 71' lang='grc' dir='ltr'><em>δὲ</em></span> <span class='ocrx_word' id='word_1_137' title='bbox 501 2014 585 2077; x_wconf 87' lang='grc' dir='ltr'><em>ίσων</em></span> <span class='ocrx_word' id='word_1_138' title='bbox 603 2011 658 2077; x_wconf 81' lang='grc' dir='ltr'><em>καὶ</em></span> <span class='ocrx_word' id='word_1_139' title='bbox 677 2013 866 2096; x_wconf 91' lang='grc' dir='ltr'><em>ίσογωνίων</em></span> <span class='ocrx_word' id='word_1_140' title='bbox 886 2015 1093 2096; x_wconf 89' lang='grc' dir='ltr'><em>παραλληλο-</em></span> 
     </span>
     <span class='ocr_line' id='line_1_19' title="bbox 75 2114 780 2203; baseline 0.003 -21"><span class='ocrx_word' id='word_1_141' title='bbox 75 2114 239 2202; x_wconf 83' lang='grc' dir='ltr'><em>γράμμων</em></span> <span class='ocrx_word' id='word_1_142' title='bbox 263 2115 531 2183; x_wconf 82' lang='grc' dir='ltr'><em>ἀντιπεπόνθασι</em></span> <span class='ocrx_word' id='word_1_143' title='bbox 554 2117 609 2182; x_wconf 82' lang='grc' dir='ltr'><em>καὶ</em></span> <span class='ocrx_word' id='word_1_144' title='bbox 632 2115 673 2184; x_wconf 87' lang='grc' dir='ltr'><em>τδι</em></span> <span class='ocrx_word' id='word_1_145' title='bbox 697 2116 780 2203; x_wconf 78' lang='grc' dir='ltr'><em>ἑξῆς.</em></span> 
     </span>
    </p>
   </div>
   <div class='ocr_carea' id='block_1_3' title="bbox 428 2311 740 2396">
    <p class='ocr_par' dir='ltr' id='par_1_6' title="bbox 428 2311 740 2396">
     <span class='ocr_line' id='line_1_20' title="bbox 428 2311 740 2396; baseline 0.007 -22"><span class='ocrx_word' id='word_1_146' title='bbox 428 2311 483 2375; x_wconf 78' lang='lat' dir='ltr'><em>Ad</em></span> <span class='ocrx_word' id='word_1_147' title='bbox 506 2333 610 2396; x_wconf 87' lang='lat' dir='ltr'>prop.</span> <span class='ocrx_word' id='word_1_148' title='bbox 634 2311 740 2377; x_wconf 86' lang='lat' dir='ltr'>XVII</span> 
     </span>
    </p>
   </div>
   <div class='ocr_carea' id='block_1_4' title="bbox 22 2429 1093 3297">
    <p class='ocr_par' dir='ltr' id='par_1_7' title="bbox 23 2429 1093 2938">
     <span class='ocr_line' id='line_1_21' title="bbox 23 2429 1093 2521; baseline 0.007 -23"><span class='ocrx_word' id='word_1_149' title='bbox 23 2451 57 2500; x_wconf 81' lang='lat'><em>20</em></span> <span class='ocrx_word' id='word_1_150' title='bbox 143 2434 194 2499; x_wconf 87' lang='grc'><em>30.</em></span> <span class='ocrx_word' id='word_1_151' title='bbox 219 2429 496 2519; x_wconf 73' lang='grc' dir='ltr'><em>’ἙστωημένΑ</em></span> <span class='ocrx_word' id='word_1_152' title='bbox 515 2430 672 2520; x_wconf 87' lang='grc' dir='ltr'><em>αριθμων</em></span> <span class='ocrx_word' id='word_1_153' title='bbox 688 2433 764 2519; x_wconf 83' lang='grc' dir='ltr'><em>θ,</em></span> <span class='ocrx_word' id='word_1_154' title='bbox 748 2462 768 2521; x_wconf 97' lang='grc' dir='ltr'><em>η</em></span> <span class='ocrx_word' id='word_1_155' title='bbox 790 2433 869 2501; x_wconf 89' lang='grc' dir='ltr'><em>δεΒ</em></span> <span class='ocrx_word' id='word_1_156' title='bbox 889 2431 1093 2564; x_wconf 77' lang='grc' dir='ltr'><em>άριθμώνξ,</em></span> 
     </span>
     <span class='ocr_line' id='line_1_22' title="bbox 75 2530 1093 2627; baseline 0.008 -23"><span class='ocrx_word' id='word_1_157' title='bbox 75 2533 160 2623; x_wconf 71' lang='grc' dir='ltr'><em>ἡδὲ</em></span> <span class='ocrx_word' id='word_1_158' title='bbox 182 2530 446 2625; x_wconf 80' lang='grc' dir='ltr'><em>Γάριθμώνδ,</em></span> <span class='ocrx_word' id='word_1_159' title='bbox 471 2535 516 2618; x_wconf 85' lang='grc' dir='ltr'><em>ώς</em></span> <span class='ocrx_word' id='word_1_160' title='bbox 537 2537 577 2607; x_wconf 82' lang='grc' dir='ltr'><em>τά</em></span> <span class='ocrx_word' id='word_1_161' title='bbox 600 2531 628 2607; x_wconf 80' lang='grc' dir='ltr'><em>θ</em></span> <span class='ocrx_word' id='word_1_162' title='bbox 650 2538 734 2627; x_wconf 87' lang='grc' dir='ltr'><em>πρὸς</em></span> <span class='ocrx_word' id='word_1_163' title='bbox 755 2537 796 2608; x_wconf 82' lang='grc' dir='ltr'><em>τά</em></span> <span class='ocrx_word' id='word_1_164' title='bbox 820 2544 854 2625; x_wconf 89' lang='lat'><em>3,</em></span> <span class='ocrx_word' id='word_1_165' title='bbox 879 2540 986 2619; x_wconf 79' lang='grc' dir='ltr'><em>οὕτως</em></span> <span class='ocrx_word' id='word_1_166' title='bbox 1007 2538 1093 2612; x_wconf 63' lang='lat' dir='ltr'><em>vec}</em></span> 
     </span>
     <span class='ocr_line' id='line_1_23' title="bbox 76 2636 1093 2732; baseline 0.003 -22"><span class='ocrx_word' id='word_1_167' title='bbox 76 2641 160 2731; x_wconf 85' lang='grc' dir='ltr'><em>πρὸς</em></span> <span class='ocrx_word' id='word_1_168' title='bbox 187 2642 227 2711; x_wconf 88' lang='grc' dir='ltr'><em>τά</em></span> <span class='ocrx_word' id='word_1_169' title='bbox 252 2636 280 2713; x_wconf 86' lang='grc' dir='ltr'><em>δ.</em></span> <span class='ocrx_word' id='word_1_170' title='bbox 325 2643 363 2713; x_wconf 88' lang='grc' dir='ltr'><em>τὸ</em></span> <span class='ocrx_word' id='word_1_171' title='bbox 392 2649 478 2731; x_wconf 87' lang='grc' dir='ltr'><em>γοῦν</em></span> <span class='ocrx_word' id='word_1_172' title='bbox 504 2643 570 2713; x_wconf 82' lang='grc' dir='ltr'><em>ὑπὸ</em></span> <span class='ocrx_word' id='word_1_173' title='bbox 600 2671 668 2713; x_wconf 87' lang='grc' dir='ltr'><em>των</em></span> <span class='ocrx_word' id='word_1_174' title='bbox 688 2638 717 2713; x_wconf 85' lang='grc' dir='ltr'><em>θ</em></span> <span class='ocrx_word' id='word_1_175' title='bbox 745 2646 801 2713; x_wconf 81' lang='grc' dir='ltr'><em>καὶ</em></span> <span class='ocrx_word' id='word_1_176' title='bbox 822 2636 846 2712; x_wconf 83' lang='grc' dir='ltr'><em>δ</em></span> <span class='ocrx_word' id='word_1_177' title='bbox 875 2643 1093 2732; x_wconf 91' lang='grc' dir='ltr'><em>ὀρθογώνιον</em></span> 
     </span>
     <span class='ocr_line' id='line_1_24' title="bbox 77 2748 1093 2844; baseline 0.007 -29"><span class='ocrx_word' id='word_1_178' title='bbox 77 2757 152 2818; x_wconf 80' lang='grc' dir='ltr'><em>ἴσον</em></span> <span class='ocrx_word' id='word_1_179' title='bbox 168 2750 296 2818; x_wconf 84' lang='grc' dir='ltr'><em>ἐστὶ</em></span> <span class='ocrx_word' id='word_1_180' title='bbox 251 2777 295 2841; x_wconf 82' lang='grc' dir='ltr'><em>τω</em></span> <span class='ocrx_word' id='word_1_181' title='bbox 311 2748 375 2818; x_wconf 88' lang='grc' dir='ltr'><em>άπὸ</em></span> <span class='ocrx_word' id='word_1_182' title='bbox 395 2755 463 2819; x_wconf 84' lang='grc' dir='ltr'><em>τών</em></span> <span class='ocrx_word' id='word_1_183' title='bbox 478 2757 497 2822; x_wconf 97' lang='lat'><em>3</em></span> <span class='ocrx_word' id='word_1_184' title='bbox 515 2752 725 2844; x_wconf 88' lang='grc' dir='ltr'><em>τετραγώνω</em></span> <span class='ocrx_word' id='word_1_185' title='bbox 748 2750 899 2839; x_wconf 89' lang='grc' dir='ltr'><em>τετράκις</em></span> <span class='ocrx_word' id='word_1_186' title='bbox 917 2750 980 2840; x_wconf 84' lang='grc' dir='ltr'><em>γάρ</em></span> <span class='ocrx_word' id='word_1_187' title='bbox 1000 2761 1026 2819; x_wconf 90' lang='grc' dir='ltr'><em>θ</em></span> <span class='ocrx_word' id='word_1_188' title='bbox 1040 2756 1093 2838; x_wconf 75' lang='grc' dir='ltr'><em>λς,</em></span> 
     </span>
     <span class='ocr_line' id='line_1_25' title="bbox 74 2856 389 2938; baseline 0.006 -16"><span class='ocrx_word' id='word_1_189' title='bbox 74 2857 131 2922; x_wconf 81' lang='grc' dir='ltr'><em>καὶ</em></span> <span class='ocrx_word' id='word_1_190' title='bbox 155 2856 262 2937; x_wconf 80' lang='grc' dir='ltr'><em>ἑξάκις</em></span> <span class='ocrx_word' id='word_1_191' title='bbox 284 2860 318 2938; x_wconf 71' lang='grc' dir='ltr'><em>ἓξ</em></span> <span class='ocrx_word' id='word_1_192' title='bbox 341 2862 389 2928; x_wconf 75' lang='grc' dir='ltr'><em>λξ.</em></span> 
     </span>
    </p>

    <p class='ocr_par' dir='ltr' id='par_1_8' title="bbox 22 2973 770 3068">
     <span class='ocr_line' id='line_1_26' title="bbox 22 2973 770 3068; baseline 0.001 -21"><span class='ocrx_word' id='word_1_193' title='bbox 22 2998 56 3048; x_wconf 77' lang='lat'><em>25</em></span> <span class='ocrx_word' id='word_1_194' title='bbox 440 2984 496 3048; x_wconf 83' lang='lat' dir='ltr'><em>Ad</em></span> <span class='ocrx_word' id='word_1_195' title='bbox 518 3005 623 3068; x_wconf 87' lang='lat' dir='ltr'><strong>prop.</strong></span> <span class='ocrx_word' id='word_1_196' title='bbox 646 2982 734 3048; x_wconf 89' lang='lat' dir='ltr'>XIX.</span> <span class='ocrx_word' id='word_1_197' title='bbox 765 2973 770 2984; x_wconf 55' lang='lat'>¹</span> 
     </span>
    </p>

    <p class='ocr_par' dir='ltr' id='par_1_9' title="bbox 74 3100 1092 3297">
     <span class='ocr_line' id='line_1_27' title="bbox 142 3100 1092 3191; baseline -0.001 -19"><span class='ocrx_word' id='word_1_198' title='bbox 142 3108 195 3172; x_wconf 87' lang='lat'><em>31.</em></span> <span class='ocrx_word' id='word_1_199' title='bbox 237 3100 333 3170; x_wconf 77' lang='grc' dir='ltr'><em>Οὕτω</em></span> <span class='ocrx_word' id='word_1_200' title='bbox 362 3103 404 3191; x_wconf 83' lang='grc' dir='ltr'><em>δη</em></span> <span class='ocrx_word' id='word_1_201' title='bbox 432 3107 532 3172; x_wconf 81' lang='grc' dir='ltr'><em>τοῦτο</em></span> <span class='ocrx_word' id='word_1_202' title='bbox 560 3105 677 3190; x_wconf 85' lang='grc' dir='ltr'><em>σαφώς</em></span> <span class='ocrx_word' id='word_1_203' title='bbox 707 3101 947 3190; x_wconf 84' lang='grc' dir='ltr'><em>κατελάβομεν·</em></span> <span class='ocrx_word' id='word_1_204' title='bbox 990 3101 1092 3190; x_wconf 83' lang='grc' dir='ltr'><em>ὅμοια</em></span> 
     </span>
     <span class='ocr_line' id='line_1_28' title="bbox 74 3207 1091 3297; baseline 0.003 -21"><span class='ocrx_word' id='word_1_205' title='bbox 74 3208 223 3296; x_wconf 87' lang='grc' dir='ltr'><em>τρίγωνά</em></span> <span class='ocrx_word' id='word_1_206' title='bbox 247 3212 344 3295; x_wconf 88' lang='grc' dir='ltr'><em>είσιν,</em></span> <span class='ocrx_word' id='word_1_207' title='bbox 368 3207 432 3277; x_wconf 82' lang='grc' dir='ltr'><em>ὅσα</em></span> <span class='ocrx_word' id='word_1_208' title='bbox 454 3211 513 3288; x_wconf 88' lang='grc' dir='ltr'><em>τάς</em></span> <span class='ocrx_word' id='word_1_209' title='bbox 529 3235 565 3277; x_wconf 90' lang='grc' dir='ltr'><em>τε</em></span> <span class='ocrx_word' id='word_1_210' title='bbox 582 3214 709 3295; x_wconf 91' lang='grc' dir='ltr'><em>γωνίας</em></span> <span class='ocrx_word' id='word_1_211' title='bbox 728 3215 801 3290; x_wconf 83' lang='grc' dir='ltr'><em>ίσας</em></span> <span class='ocrx_word' id='word_1_212' title='bbox 822 3208 989 3297; x_wconf 80' lang='grc' dir='ltr'><em>ἔχεικατὰ</em></span> <span class='ocrx_word' id='word_1_213' title='bbox 1009 3216 1091 3297; x_wconf 87' lang='grc' dir='ltr'><em>μίαν</em></span> 
     </span>
    </p>
   </div>
   <div class='ocr_carea' id='block_1_5' title="bbox 147 3366 1091 3438">
    <p class='ocr_par' dir='ltr' id='par_1_10' title="bbox 147 3366 1091 3438">
     <span class='ocr_line' id='line_1_29' title="bbox 147 3366 1091 3438; baseline 0.001 -16"><span class='ocrx_word' id='word_1_214' title='bbox 147 3374 190 3423; x_wconf 79' lang='lat'><em>29.</em></span> <span class='ocrx_word' id='word_1_215' title='bbox 210 3372 223 3423; x_wconf 77' lang='lat' dir='ltr'><strong>t</strong></span> <span class='ocrx_word' id='word_1_216' title='bbox 241 3366 343 3436; x_wconf 82' lang='grc' dir='ltr'><em>(νέον);</em></span> <span class='ocrx_word' id='word_1_217' title='bbox 362 3367 485 3438; x_wconf 76' lang='lat' dir='ltr'>pertinet</span> <span class='ocrx_word' id='word_1_218' title='bbox 504 3367 540 3422; x_wconf 81' lang='lat' dir='ltr'><em>ad</em></span> <span class='ocrx_word' id='word_1_219' title='bbox 558 3367 585 3422; x_wconf 93' lang='lat' dir='ltr'><em>II</em></span> <span class='ocrx_word' id='word_1_220' title='bbox 603 3385 630 3437; x_wconf 87' lang='lat' dir='ltr'><em>p.</em></span> <span class='ocrx_word' id='word_1_221' title='bbox 647 3372 705 3435; x_wconf 79' lang='lat'>120,</span> <span class='ocrx_word' id='word_1_222' title='bbox 723 3374 764 3423; x_wconf 78' lang='lat'><em>12.</em></span> <span class='ocrx_word' id='word_1_223' title='bbox 837 3374 880 3423; x_wconf 80' lang='lat'><em>30.</em></span> <span class='ocrx_word' id='word_1_224' title='bbox 899 3368 926 3422; x_wconf 90' lang='lat' dir='ltr'><em>b.</em></span> <span class='ocrx_word' id='word_1_225' title='bbox 999 3375 1042 3423; x_wconf 78' lang='lat'><em>81.</em></span> <span class='ocrx_word' id='word_1_226' title='bbox 1063 3370 1091 3425; x_wconf 88' lang='lat' dir='ltr'><em>b.</em></span> 
     </span>
    </p>
   </div>
   <div class='ocr_carea' id='block_1_6' title="bbox 136 3506 1093 3584">
    <p class='ocr_par' dir='ltr' id='par_1_11' title="bbox 136 3506 1093 3584">
     <span class='ocr_line' id='line_1_30' title="bbox 136 3506 1093 3584; baseline 0.001 -21"><span class='ocrx_word' id='word_1_227' title='bbox 136 3516 159 3563; x_wconf 81' lang='grc' dir='ltr'><em>σ.</em></span> <span class='ocrx_word' id='word_1_228' title='bbox 185 3510 268 3584; x_wconf 77' lang='grc' dir='ltr'><em>πῶς]</em></span> <span class='ocrx_word' id='word_1_229' title='bbox 285 3508 400 3583; x_wconf 78' lang='lat' dir='ltr'><em>scripsi3</em></span> <span class='ocrx_word' id='word_1_230' title='bbox 424 3509 454 3566; x_wconf 87' lang='lat' dir='ltr'><em>in</em></span> <span class='ocrx_word' id='word_1_231' title='bbox 473 3511 487 3567; x_wconf 79' lang='lat' dir='ltr'><strong>t</strong></span> <span class='ocrx_word' id='word_1_232' title='bbox 506 3507 649 3583; x_wconf 60' lang='lat' dir='ltr'><em>scriptum</em></span> <span class='ocrx_word' id='word_1_233' title='bbox 664 3506 790 3577; x_wconf 60' lang='grc' dir='ltr'><em>ὶοοοιλεα</em></span> <span class='ocrx_word' id='word_1_234' title='bbox 810 3507 863 3564; x_wconf 54' lang='lat' dir='ltr'>m</span> <span class='ocrx_word' id='word_1_235' title='bbox 878 3507 915 3561; x_wconf 67' lang='grc' dir='ltr'><em>δε</em></span> <span class='ocrx_word' id='word_1_236' title='bbox 930 3526 953 3560; x_wconf 79' lang='grc' dir='ltr'><em>π</em></span> <span class='ocrx_word' id='word_1_237' title='bbox 969 3511 1093 3564; x_wconf 49' lang='lat' dir='ltr'><em>pomp</em></span> 
     </span>
    </p>
   </div>
   <div class='ocr_carea' id='block_1_7' title="bbox 0 0 1186 3796">
    <p class='ocr_par' dir='ltr' id='par_1_12' title="bbox 0 0 1186 3796">
     <span class='ocr_line' id='line_1_31' title="bbox 0 0 1186 3796; baseline 0 1"><span class='ocrx_word' id='word_1_238' title='bbox 0 0 1186 3796; x_wconf 95' lang='lat' dir='ltr'><em> </em></span> 
     </span>
    </p>
   </div>
  </div>
 </body>
</html>
