2362 3796
289 121 448 175 SOHOLIA
465 123 504 174 IN
521 122 796 175 EIAEMENTORUM
813 123 953 175 LIBRUM
966 123 988 176 I.
1099 119 1140 184 91

128 265 238 346 ὀξείας
255 263 477 350 προστιθέναι
494 261 533 331 τδ
552 263 651 349 γένος
669 260 906 350 εὐθύγραμμος
923 268 1042 349 γωνία,
1065 259 1140 329 ἀλλ’

128 369 192 457 οὐχ
210 367 322 450 ἁπλῶς
339 375 460 455 γωνία·
489 370 546 436 καί
564 368 628 457 γάρ
649 368 669 454 ἡ
688 367 900 456 κερατοειδὴς
913 372 1019 455 πάσης
1033 365 1143 457 ὀρθῆς

128 480 220 546 ἐστιν
244 473 406 561 ἐλάσσων,
430 473 517 544 ὅπου
539 474 595 543 καί
615 476 722 556 ὀξείαις
739 477 857 560 πάσης,
879 472 973 561 καὶὴ
993 479 1054 543 τοῦ
1067 472 1142 562 ἡμι-

127 588 269 651 κυκλίου
290 581 398 668 πάσης
421 578 529 668 ὀρθῆς
557 584 723 662 ἐλάσσων,
751 577 825 648 ἀλλ’
852 578 914 649 οὐκ
942 578 1057 661 ὀξείας.
1102 582 1141 648 τὸ

129 687 162 757 δ’
180 697 299 774 αίτιον,
319 687 372 757 ὅτι
386 692 500 775 μιτταί
510 692 597 756 είσιν
610 687 667 755 καὶ
686 689 748 756 οὐκ
766 684 1012 775 εὐθύγραμμοι.
1044 686 1144 754 τοῦτό

127 821 164 864 τε
188 787 253 863 οὖν
276 795 526 881 ἑπισημαντέον,
548 796 605 862 καί
629 792 681 863 ὅτι
700 792 762 881 τὴν
780 793 842 881 μὲν
861 790 973 880 ὀρθὴν
991 790 1056 860 ἀπὸ
1075 817 1143 859 τον

129 903 249 988 ἐφεξῆς
275 909 359 969 ίσων
388 897 502 970 οὖσάν
534 899 694 990 ὡρίσατο,
726 903 789 987 τὴν
822 901 860 969 δέ
892 897 1057 987 ἀμβλεῖαν
1087 896 1143 965 καί

129 1004 241 1089 ὀξεῖαν
265 1002 390 1094 οὐκέτι,
419 1004 470 1076 ὅτι
493 1005 625 1096 ἄπειροι
649 1011 687 1075 αί
708 1010 870 1093 ἐγκλίσεις
893 1008 946 1075 έπί
969 1007 1006 1074 τὸ
1030 1010 1143 1093 μεῖζον

127 1114 183 1182 καί
206 1119 352 1199 ἔλαττον,
375 1112 432 1181 καί
456 1111 518 1180 οὐκ
537 1114 618 1200 ένῆν
635 1108 699 1180 άπό
722 1116 780 1199 τῆς
797 1117 937 1191 κλίσεως
955 1108 1067 1198 ὁρίσαι
1085 1113 1144 1196 τῆς

127 1217 271 1302 εὐθείας.
319 1219 434 1309 ὀρθῶς
461 1217 527 1307 ἀρα
549 1223 634 1306 πρὸς
656 1219 718 1305 τὴν
742 1219 853 1307 ὀρθὴν
874 1219 1056 1307 ἀναφέρων
1079 1220 1142 1287 τὸν
1162 1245 1176 1294 1

123 1326 229 1413 λόγον
253 1325 469 1396 ἀποδέδωκεν
491 1330 560 1393 τῶν
581 1330 709 1394 λοιπῶν
731 1338 876 1413 γωνιῶν.

183 1432 282 1521 Ὅρος
304 1435 407 1518 ἐστίν,
432 1430 451 1500 ὀ
474 1433 565 1511 τινός
587 1433 657 1500 έστι
679 1433 788 1518 πέρας.

192 1537 252 1606 τὸν
271 1537 354 1624 ὀρον
373 1536 415 1605 οὐ
433 1540 517 1621 πρὸς
535 1534 666 1604 ἅπαντα
679 1534 862 1624 ἀναφέρειν
877 1542 931 1605 δεί
943 1537 984 1605 τδι
999 1537 1141 1623 μεγέθη·

127 1644 184 1708 καί
207 1645 272 1728 γὰρ
295 1645 449 1729 γραμμῆς
472 1638 552 1727 ὅρος
574 1641 643 1707 ἐστὶ
665 1640 721 1707 καί
743 1643 857 1728 πέρας·
893 1639 977 1708 ἀλλὰ
1001 1642 1084 1728 πρὸς
1101 1638 1142 1708 τά

129 1753 235 1835 χωρία
258 1744 298 1813 τδι
324 1748 361 1813 έν
385 1747 593 1832 ἐπιφανείαις
610 1744 666 1811 καὶ
684 1744 725 1812 τδι
745 1745 869 1832 στερεά.
901 1751 966 1814 νῦν
980 1745 1044 1832 γὰρ
1059 1744 1142 1834 ὀρον
1162 1772 1176 1820 1

127 1860 225 1922 καλεί
235 1851 298 1940 τὴν
311 1850 473 1938 περιοχὴν
483 1848 545 1937 τὴν
558 1847 788 1937 άφορίζουσαν
803 1852 942 1920 ἕκαστον
952 1858 1078 1940 χωρίον
1086 1852 1142 1920 καί

125 1962 229 2049 πέρας
247 1956 441 2044 ἀφορίζεται
458 1967 580 2024 τοῦτον
599 1958 660 2024 τὸν
680 1955 773 2045 ὅρον,
799 1952 861 2044 οόχ
884 1953 931 2036 ιός
946 1957 984 2026 τὸ
1003 1970 1142 2044 σημείου

126 2067 257 2153 λέγεται
289 2066 391 2152 πέρας
421 2068 588 2152 γραμμῆς,
621 2061 694 2131 ἀλλ’
720 2061 766 2143 ὡς
794 2062 832 2132 τὸ
866 2071 1054 2153 περικλεῖον
1085 2065 1140 2134 καί

127 2185 318 2258 περιεῖργον
339 2169 405 2240 ἀπὸ
424 2174 493 2238 τῶν
510 2171 758 2257 περικειμένων.
795 2168 881 2238 ὥστε
899 2174 962 2250 πᾶς
980 2170 1041 2257 μέν
1060 2169 1139 2260 ὅρος

128 2279 185 2345 καί
207 2280 318 2365 πέρας,
342 2277 384 2346 οὐ
407 2275 475 2364 μὴν
497 2286 531 2345 εί
549 2302 581 2344 τι
603 2278 715 2365 πέρας,
738 2276 793 2344 καί
816 2275 903 2364 ὅρος.

196 2384 317 2472 Σχῆμά
350 2386 419 2453 ἐστι
449 2380 488 2451 τὸ
519 2380 586 2450 ὑπό
617 2408 710 2464 τινος
741 2382 763 2469 ἥ
794 2409 897 2451 τινων
929 2382 1019 2472 ὅρων
1051 2410 1139 2475 περι-

128 2490 299 2578 εχόμενον.

192 2601 254 2665 τοῦ
278 2600 442 2685 σχήματος
464 2602 588 2664 πολλαί
606 2599 694 2676 τινές
716 2601 780 2664 είσι
804 2601 980 2684 διαφοραί,
1009 2599 1064 2665 καί
1089 2602 1142 2665 δεῖ

127 2704 247 2782 ταύτας
269 2702 455 2771 ἐπελθόντα
477 2704 532 2771 καί
555 2701 593 2770 τὸ
616 2709 837 2790 προκείμενον
856 2701 937 2790 ἡμῖν
955 2707 1139 2791 θεωρῆσαι,

127 2810 197 2877 ἀπὸ
228 2812 328 2877 ποίαν
360 2812 429 2876 τῶν
462 2812 638 2896 διαφοράν
668 2807 837 2893 ἀνάγεται.
889 2814 958 2877 ἔστι
985 2807 1048 2894 μέν
1076 2801 1174 2882 οθνκ

127 2919 235 3002 σχῆμα
258 2915 314 2982 καί
337 2912 419 2983 κατδι
442 2913 569 3001 τροπήν
593 2912 822 3002 ὑφιστάμενον
844 2914 900 2982 καί
924 2914 988 2982 ἀπὸ
1007 2914 1140 2996 πάθους

124 3023 362 3108 πληττομένων
381 3017 402 3107 ἢ
423 3022 669 3109 διαιρουμένων
684 3017 705 3107 ἢ
720 3019 982 3109 ἀφαιρουμένων
999 3016 1020 3107 ἢ
1040 3043 1139 3109 προσ-

124 3129 313 3215 τιθεμένων
335 3130 449 3194 τινῶν.
496 3123 605 3212 σχῆμά
630 3129 720 3194 ἐστιν
747 3128 803 3193 καί
830 3125 868 3194 τὸ
904 3123 987 3193 κατὰ
1019 3127 1138 3215 τέχνην

124 3234 308 3322 γινόμενον
334 3232 390 3300 καί
417 3231 478 3300 τὸν
508 3233 545 3300 έν
568 3229 652 3321 αὐτῇ
680 3234 799 3319 λόγον,
830 3237 889 3318 τῆς
916 3239 1139 3321 χαλκευτικῆς,

125 3388 340 3400 ,,.,..-.-.-..

201 3469 243 3520 17.
263 3459 344 3533 ὀρον]
363 3456 469 3531 τρόπον
487 3448 601 3514 Ριοοὶυε
620 3479 648 3530 p.
664 3466 723 3527 136,
741 3467 766 3515 6.
