2362 3796
79 132 144 198 362
222 133 378 186 SOHOLIA
395 136 435 187 IN
453 135 726 188 ELEMENTOBUM
743 137 884 189 LIBRUM
895 138 956 192 VII.

145 279 174 342 2.
207 270 253 342 ‘H
272 273 355 354 δυάς
377 275 461 344 κατά
484 303 515 344 τι
539 274 601 363 μὲν
623 275 786 365 άριθμός,
813 277 896 345 κατά
919 303 951 344 τι
974 277 1013 346 δέ
1037 276 1098 347 οὔ·

77 382 166 450 καθὸ
194 379 255 467 μὲν
282 381 348 469 γάρ
376 385 444 450 τῶν
473 379 526 468 ἐφ’
553 381 690 470 ἑκάτερα
713 379 817 470 αὐτῆς
839 384 1098 471 συντιθεμένων

78 486 236 574 άριθμῶν
258 485 297 555 τὸ
321 488 426 574 ἥμισυ
450 493 531 575 ἔχει,
559 485 706 576 άριθμός
729 491 836 574 ἐστιν,
862 487 950 557 καθὸ
976 489 1016 557 δέ
1037 492 1098 558 καὶ

78 594 301 680 συντιθεμένη
334 594 389 661 καὶ
422 595 752 682 πολυπλασιαζομένη
784 593 823 663 τὸ
850 592 932 664 αὐτὸ
962 599 1098 682 πλῆθος

43 723 60 772 b
80 697 261 791 άπογεννηῖ,
280 698 343 767 οὐκ
357 705 447 768 ἔστιν
461 697 617 789 άριθμός,
637 705 705 769 τῶν
719 699 877 789 ἀριθμῶν
891 700 1095 788 πεφυκότων

78 807 458 893 πολλαπλασιαζομένων
481 807 583 875 πλέον
602 806 763 894 συνάγειν
781 834 802 894 η
787 803 1094 895 Ἃ’συντιθεμένων

78 914 150 1000 τρὶς
176 911 302 999 μὲν
265 940 330 1000 γαρ
357 925 446 997 τρεῖς
468 923 509 999 θ
540 927 629 1001 τρεῖς
656 914 693 982 δέ
721 914 777 982 καὶ
800 926 888 1002 τρεῖς
911 918 945 999 ξ,
979 913 1032 994 δὶς
1057 913 1096 981 δὲ

79 1010 266 1087 δάοδκαὶ
289 1010 482 1107 βκαὶβδ.

483 1251 539 1315 Ad
563 1216 633 1317 def.
658 1254 687 1316 1.

27 1398 61 1448 10
146 1376 175 1440 3.
211 1369 334 1450 Μονάς
356 1373 486 1457 λέγεται
509 1373 565 1439 καὶ
588 1374 625 1440 ἐν
653 1385 724 1452 τοῖς
746 1380 856 1457 θεοῖς,
883 1373 1014 1459 λέγεται
1036 1373 1095 1439 καὶ

78 1483 115 1549 έν
137 1492 208 1558 τοῖς
235 1490 406 1564 φυσικοῖς,
439 1479 568 1563 λέγεται
594 1478 651 1546 καὶ
679 1480 717 1546 έν
743 1491 815 1558 τοῖς
838 1487 1094 1565 μαθηματικοῖς.

77 1585 133 1653 καὶ
162 1585 214 1653 ἐπὶ
241 1582 303 1670 μὲν
329 1588 398 1651 τῶν
426 1593 519 1652 θεοῖν
546 1582 681 1672 μονάδα
703 1585 845 1672 λέγομεν
867 1583 929 1653 τὸν
953 1582 1095 1671 ἑκάστης

78 1697 190 1779 σείρας
204 1688 361 1778 άρχοντα,
384 1687 445 1777 οὐχ
465 1691 516 1758 ὅτι
531 1695 599 1758 ἔστι
614 1688 731 1778 μονάς,
751 1688 824 1758 ἀλλ’
842 1687 895 1758 ὅτι
909 1686 950 1759 ὃν
963 1689 1094 1776 τρόπον

77 1795 98 1884 ἡ
127 1794 449 1884 μαθηματικὴ-άρχη
476 1807 537 1864 τοῦ
566 1792 717 1887 άρνθμοῦ
749 1798 854 1883 ἐστιν,
892 1795 953 1865 τὸν
985 1792 1094 1865 αὐτὸν

26 1928 59 1976 15
77 1903 204 1991 τρόπον
231 1903 286 1970 καὶ
314 1902 415 1982 αὐτὸς
438 1901 567 1990 ἐξάρχει
594 1908 653 1989 τῆς
681 1908 801 1990 σείρας.
847 1899 868 1989 ἡ
898 1901 936 1969 δέ
963 1901 1092 1988 φυσικὴ

78 2008 187 2094 μονάς
214 2012 304 2077 ἐστιν
332 2007 352 2096 ἡ
382 2010 563 2096 μετέχουσα
590 2013 648 2095 τῆς
677 2011 910 2096 μαθηματικῆς
931 2005 1093 2093 μονάδος,

79 2109 153 2182 οἷον
183 2112 201 2182 ὁ
231 2108 278 2193 εἷς
305 2117 404 2195 ἵππος
427 2115 534 2202 μονάς
557 2117 626 2184 ἐστι
649 2113 790 2202 φυσική,
822 2112 873 2183 ὅτι
900 2117 958 2202 τῆς
983 2121 1095 2200 μαθη-

78 2223 216 2308 ματικῆς
248 2220 420 2307 μετασχὼν
453 2220 603 2308 μονάδος
635 2223 672 2288 ἓν
705 2220 843 2306 λέγεται.
887 2218 993 2308 μονάς
1025 2211 1094 2305 οὖν

78 2326 217 2412 λέγεται,
240 2323 319 2392 καθ’
341 2323 385 2412 ἣν
404 2327 581 2414 μετέχοντα
599 2326 640 2395 τὰ
659 2325 784 2414 φυσικά
802 2329 931 2414 λέγεται
949 2327 997 2394 έν.
1032 2329 1095 2412 τῆς

26 2457 60 2506 20
80 2432 227 2518 μονάδος
249 2436 307 2518 τῆς
330 2437 562 2520 μαθηματικῆς
584 2437 650 2502 νῦν
674 2434 849 2520 μέμνηται·
880 2434 1003 2518 ταύτης
1025 2430 1093 2521 ’γάρ

79 2539 133 2605 καὶ
157 2540 334 2624 μετέχοντα
357 2537 397 2606 τά
422 2537 547 2625 φυσικά
575 2540 703 2626 λέγεται
726 2541 778 2623 έν,
805 2539 862 2606 καὶ
884 2535 1031 2623 άριθμὸς
1055 2537 1095 2605 δὲ

78 2641 201 2731 ὁμοίως
224 2646 293 2712 ἐστὶ
315 2644 545 2732 μαθηματικὸς
568 2643 586 2712 ὁ
611 2645 828 2733 μετεχόμενος
850 2645 906 2712 καὶ
929 2640 1040 2724 αὐτός.

149 2863 174 2912 ε.
194 2858 216 2911 Β
233 2856 301 2911 ibid.
317 2856 419 2927 (ειν).
493 2863 517 2912 3.
536 2856 791 2930 εοετιιυινᾳ
806 2857 892 2928 (1111).

148 3057 173 3106 4.
204 3047 411 3122 συντιθεμένη]
440 3068 471 3119 q,
499 3050 702 3122 συντιθέμενος
729 3050 760 3105 Β
862 3058 904 3106 11.
932 3049 1008 3122 τοῖς]
1035 3067 1093 3106 om.

78 3121 198 3176 PBVat.
259 3119 383 3193 λέγεται]
403 3137 456 3176 om.
477 3123 502 3194 β.
567 3128 608 3177 12.
625 3123 696 3207 τῶν]
716 3123 771 3175 τῶν
791 3119 844 3210 μέν
862 3121 896 3178 V
962 3127 1005 3176 13.
1023 3119 1095 3178 Post

78 3212 205 3320 ῗὲἔάῗ
217 3192 306 3247 ὼ
275 3189 635 3347 ’άῗνέέῖάῖσῖέῖέάω
651 3190 941 3332 μοῖέδαέὲζῖάνάς
1002 3212 1095 3332 ⁹⁰2⁶?

77 3333 166 3396 κάδος
184 3330 378 3420 μετασχάυθ.
452 3341 494 3390 19.
515 3333 558 3406 έν]
579 3351 632 3389 om.
652 3335 682 3390 P.
744 3285 789 3390 ἕο.
804 3262 1094 3419 μονάδοςέίμονάδος

78 3403 162 3471 δέΒ,
180 3401 305 3473 μονάδος
324 3395 375 3458 οὖν
394 3404 473 3476 Vqfi.
555 3404 709 3474 wv'vnvF.
797 3411 839 3459 21
859 3404 922 3476 καί]
942 3402 991 3458 καὶ
1010 3400 1045 3459 τά
1066 3407 1092 3477 β.

107 3447 162 3549 τά]
174 3491 229 3530 om
249 3473 358 3550 PVqss.
