2362 3796
200 149 356 201 εοΗοπτΑ
374 149 414 200 m
431 150 707 204 ELEMENTORUM
725 153 864 205 LIBRUM
877 154 952 207 xm.
1016 150 1079 214 671

65 297 120 374 ἴση
139 292 180 376 τή
198 296 273 355 YP·
297 297 352 376 ἴση
372 287 438 378 ἀρα
461 290 517 358 καὶ
536 291 673 379 ἑκατέρα
690 293 759 359 τῶν
773 299 849 376 ΒΧ,
864 297 931 360 PX
945 292 1081 381 ἑκατέρῳ

62 397 131 461 τῶν
151 400 224 479 ΒΤ,
247 401 321 464 ΤΦ.
362 395 486 482 ὁμοίως
510 394 552 481 δή
575 397 631 463 καὶ
654 395 717 482 τήν
739 403 804 465 ΦΓ
826 399 978 484 δείξομεν
1002 405 1080 483 ἴσην

63 512 136 578 ταῖς
158 500 312 588 τέτρασιν
336 501 561 584 ἐπιζεύξαντες
587 501 650 588 τήν
673 510 744 571 ΣΓ
766 504 822 571 καὶ
850 502 1010 590 λαβόντες
1034 506 1081 582 είς

66 604 128 690 τήν
151 603 327 687 ἀπόδειξιν
349 607 411 693 τήν
434 611 499 685 ΞΓ
519 616 597 694 ἴσην
619 617 660 696 τῇ
685 610 754 686 ΟΞ..
801 618 871 677 ἴσαι
894 608 960 692 ἀρα
977 613 1080 676 πᾶσαι

65 715 103 777 αι’
124 721 185 779 τοῦ
205 715 420 799 πενταγώνου
438 719 583 798 πλευραί
599 718 662 781 είσι
679 712 763 802 πρὸς
777 711 931 800 ἀλλήλας.
963 714 1079 801 ἕξομεν
1117 738 1134 787 5

68 817 105 885 δέ
128 819 184 884 καὶ
207 815 269 903 τήν
292 816 357 886 ὑπὸ
385 825 487 886 ΥΦΓ
505 825 634 905 γωνίαν
659 828 736 905 ἴσην
759 824 799 908 πή
823 817 888 889 ὑπὸ
913 825 1024 905 ΒΧΓ,
1051 823 1082 886 εί

63 924 225 1010 λάβοιμεν
249 919 325 992 ἀντὶ
347 936 407 1011 τής
429 932 506 991 ΝΣ
526 925 589 1013 τήν
610 927 674 1002 ΟΞ
693 926 749 992 καὶ
773 925 996 1013 ἐπιζεύξωμεν
1019 922 1080 1011 τήν

63 1036 134 1116 ΡΓ,
156 1036 221 1097 ΤΓ
239 1030 389 1110 καὶτοῖς
413 1033 570 1117 ῥηθεῖσιν
594 1032 646 1100 ἐπὶ
669 1036 709 1120 τή
733 1029 900 1114 ἀποδείξει
922 1035 983 1099 τοῦ
1007 1039 1081 1111 ἴσας

64 1135 150 1204 εἶναι
173 1135 233 1215 τὰς
252 1135 335 1224 πρὸς
353 1149 423 1216 τοῖς
440 1145 477 1224 Τ,
493 1145 524 1204 X
541 1143 666 1223 γωνίας
684 1138 740 1205 καὶ
754 1136 847 1226 ἡμεῖς
860 1143 1080 1227 χρησαίμεθα.

132 1245 184 1312 64.
218 1240 307 1311 Ἐπεὶ
330 1240 395 1332 γὰρ
420 1243 556 1330 εἀατέρα
579 1248 648 1312 τῶν
674 1251 750 1330 ΤΦ,
774 1251 840 1311 ΒΓ
860 1248 900 1332 πή
923 1251 989 1311 ΡΣ
1010 1246 1079 1312 ἐστι
1099 1269 1133 1318 10

66 1348 289 1436 παράλληλος,
315 1350 372 1416 καὶ
394 1347 554 1434 ἀλλήλαις
577 1351 642 1418 εἰσὶ
666 1349 873 1438 παράλληλοι
897 1349 953 1418 διά
977 1349 1015 1418 τὸ
1039 1349 1078 1419 θ’

63 1458 124 1521 τοῦ
144 1454 201 1524 ια’.
236 1454 292 1522 καὶ
311 1455 380 1523 ἐπεὶ
400 1453 420 1540 ή
443 1461 515 1522 ΨΧ
529 1456 585 1522 καὶ
606 1453 626 1541 ή
642 1463 708 1524 ΒΓ
721 1459 904 1544 τέμνουσιν
923 1454 1079 1542 ἀλλήλας,

64 1562 102 1627 ἐν
126 1561 181 1628 ἑνί
201 1565 286 1629 εἰσιν
310 1562 454 1650 ἐπιπέδῳ
480 1559 536 1628 διδι
560 1560 598 1628 τὸ
623 1562 783 1650 δεύτερον
805 1566 867 1631 τοῦ
891 1561 947 1629 ια’·
980 1562 1017 1630 ἐν
1041 1562 1079 1629 δὲ

61 1669 107 1755 τῷ
133 1665 178 1732 δι’
205 1664 318 1734 αὐτῶν
343 1667 487 1755 ἐπιπέδῳ
510 1664 548 1734 τὸ
572 1666 790 1753 πεντάγωνόν
819 1671 924 1736 ἐστιν·
962 1669 999 1735 ἐν
1027 1668 1079 1735 ένὶ

62 1769 129 1858 ἀρα
153 1771 243 1838 ἐστὶν
267 1772 410 1862 ἐπιπέδῳ
434 1769 467 1838 τί
495 1772 720 1858 πεντάγωνον.
1098 1796 1130 1846 15

131 1879 182 1944 65.
228 1875 386 1963 Σχόλιον.
433 1875 488 1944 διὰ
518 1878 553 1965 β’
581 1882 642 1946 τοῦ
671 1877 720 1945 ια’
749 1882 802 1946 δεῖ
832 1880 995 1960 ἐπιζεῦξαι
1022 1879 1076 1946 καὶ

61 1982 122 2062 τὰς
149 1989 228 2069 XY,
258 1988 324 2049 ΤΦ
356 1981 493 2064 εὐθείας
526 1983 582 2051 διὰ
611 1984 659 2070 ιη’
687 1987 748 2051 τοῦ
777 1983 824 2051 ια’
852 1986 970 2063 τελέως
997 1982 1078 2052 ἀπο-

64 2091 172 2171 δεῖξαι
199 2088 237 2157 τὸ
268 2087 486 2175 πεντάγωνον
520 2091 557 2158 ἐν
588 2091 639 2157 ένί
668 2086 709 2158 δν
738 2091 881 2182 ἐπιπέδῳ
909 2087 930 2178 ή
960 2089 1016 2158 διὰ
1042 2089 1077 2156 α’

62 2200 123 2262 τοῦ
148 2194 205 2262 ια’.

130 2303 184 2368 66.
213 2298 291 2367 Ἐὰν
311 2300 375 2368 δύο
395 2298 525 2369 εὐθεῖαι
544 2307 589 2392 τῷ
609 2300 699 2395 αὐτῷ
714 2305 857 2396 ἐπιπέδῳ
871 2301 954 2390 πρὸς
969 2300 1076 2391 ὀρθὰς
1094 2327 1129 2376 20

63 2399 137 2492 οἷσι,
161 2406 372 2494 παράλληλοί
391 2412 477 2476 εἰσιν
501 2411 539 2475 ac
559 2407 691 2477 εὐθεῖαι
717 2409 772 2478 διὰ
798 2410 830 2486 ς’
852 2414 915 2478 τοῦ
937 2412 994 2478 ια’.
1040 2413 1080 2477 αί

63 2520 139 2599 ΡΤ,
163 2520 234 2581 ΣΦ
257 2510 389 2582 εὐθεῖαι
411 2513 618 2602 παράλληλοι
641 2513 799 2602 ἀλλήλαις
815 2521 916 2584 είσίν.
949 2518 1014 2584 είσὶ
1038 2515 1076 2583 δέ

61 2619 117 2686 καὶ
151 2627 218 2686 ἴσαι
352 2620 468 2701 αὐταῖς
499 2619 558 2700 τὰς
585 2628 666 2707 ΡΟ,
691 2629 759 2690 ΟΣ
786 2620 943 2708 ἀλλήλαις
974 2621 1074 2690 εἶναι·

62 2716 160 2791 αὗται
189 2725 225 2792 δέ
254 2734 324 2793 ἴσαι
348 2727 412 2794 εἰσὶ
441 2725 497 2794 διὰ
523 2726 557 2793 α’
581 2731 642 2796 τοῦ
666 2730 720 2814 ιγ’.
766 2730 822 2796 καὶ
850 2732 888 2796 αί
910 2735 985 2813 ΓΦ,
1009 2735 1078 2795 ΡΣ

62 2838 133 2897 ἴσαι
151 2832 205 2898 καί
220 2830 430 2918 παράλληλοί
442 2836 515 2899 είσι.
543 2832 754 2919 παράλληλος
773 2832 810 2900 δέ
824 2831 844 2919 ή
859 2841 925 2900 ΡΣ
939 2843 979 2920 τή
994 2839 1073 2900 ΒΓ·
1093 2855 1129 2904 25

61 2936 116 3002 καί
135 2935 156 3023 ή
178 2942 243 3003 ΤΦ
262 2934 327 3024 ἀρα
344 2947 384 3023 τή
404 2943 471 3004 ΒΓ
486 2937 698 3026 παράλληλός
721 2941 789 3006 ἐστι
809 2937 864 3005 διά
884 2937 923 3006 θ’
937 2941 999 3006 τοῦ
1015 2937 1074 3021 ια’,

133 3117 175 3167 64.
194 3113 216 3167 Ρ
236 3114 282 3182 (ad
302 3131 329 3182 p.
345 3118 405 3182 318,
425 3118 458 3169 17
470 3131 510 3182 sq.
531 3114 604 3168 sicut
621 3133 661 3169 nr.
676 3118 709 3169 65
729 3116 759 3168 et
777 3115 831 3183 66).
905 3119 948 3169 65.
968 3113 1016 3166 V⁸.

61 3191 104 3239 66.
126 3184 164 3236 V⁸
183 3185 344 3254 (corrupta).

132 3349 156 3398 3.
177 3343 250 3414 ΣΓ]
270 3345 298 3396 Σ
314 3343 430 3398 dubium
449 3343 483 3398 V.
561 3352 586 3400 6.
605 3344 725 3415 γωνίαν]
745 3358 899 3413 suprascr·
919 3343 952 3398 V.
1032 3348 1074 3399 22.

58 3410 231 3540 mim?
244 3409 389 3538 ήλλήλαις]
408 3411 479 3483 πρὸς
492 3412 611 3484 ἀλλήλας
630 3417 663 3472 V.
718 3421 762 3470 23.
782 3417 856 3470 Ante
871 3409 972 3476 αὐταῖς
987 3430 1074 3480 quaer
