2362 3796
237 146 394 200 scnom
410 149 450 199 IN
467 148 742 201 ELEMENTORUI
759 149 898 201 LIBRUM
912 149 934 200 1.
1020 145 1085 210 217

72 288 233 391 κειμένην
253 288 473 376 καταγραφήν
495 288 706 375 τετράγωνον
729 293 806 375 ἔχει.
840 288 963 358 τούτου
981 287 1083 375 γάρὴ

72 390 297 463 ὑποτείνουσα
329 391 455 480 πλευρά
486 391 550 480 τήν
581 390 692 480 ὀρθήν
723 397 853 479 γωνίαν
884 391 941 460 διὰ
973 393 1012 462 τὸ
1039 393 1085 480 μὴ

72 498 244 586 σκαληνὸν
278 498 478 568 ὑποκεῖσθαι
518 497 580 568 ούκ
617 504 686 568 ἔστι
722 498 819 585 μήκει
856 499 960 588 ῥητή,
1000 498 1085 568 άλλίι

72 605 230 693 δυνάμει·
251 605 392 693 καὶγὰρ
415 603 499 693 αύτη
522 606 683 694 μονάδων
702 605 771 674 ἐστὶ
792 597 859 686 ξδ’
879 605 930 673 ιε”
950 605 1004 672 vm
1023 606 1085 674 λ””

71 713 131 781 καὶ
153 711 249 799 μήκει
272 708 335 780 ούκ
358 717 426 780 ἔστι
449 710 545 799 ῥητή,
568 708 653 779 άλλά
677 708 829 795 δυνάμει.
927 714 932 725 “
1123 726 1140 774 σ

145 821 217 887 156.
248 823 430 885 Δείιινυται
448 821 548 886 τοῦτο
566 816 605 886 τὸ
624 821 683 903 τής
700 817 835 903 νύμφης
852 817 1014 903 θεώρημα
1032 818 1088 884 καὶ

70 922 301 1011 ἀριθμητικῶς
314 922 433 1004 οὕτως·
447 923 593 992 Πλάτων
607 927 675 993 τῶν
689 921 918 991 άνισοσκελῶν
928 920 973 1003 ὡς
982 927 1088 1009 δήλου

71 1029 183 1118 μόνον
204 1033 308 1098 ταῦτα
330 1030 387 1098 καὶ
404 1029 511 1119 ῥητήν
529 1034 643 1116 έχουσι
660 1027 722 1115 τήν
740 1028 900 1116 πλευράν,
922 1035 982 1095 καί
997 1030 1089 1096 ἐστιν

71 1137 129 1205 ἐπὶ
146 1139 214 1204 τῶν
232 1135 357 1223 ἀρτίων
374 1133 532 1223 άριθμων
546 1135 767 1222 δεικνύμενον
782 1132 902 1215 οὕτως·
924 1134 1088 1221 λαμβάνει

70 1244 113 1311 τδ
135 1239 240 1329 ἥμισυ
266 1246 328 1311 τοῦ
354 1243 578 1329 προκειμένου
605 1239 695 1331 αὐτῷ
722 1241 874 1329 ἀριθμοῦ
901 1241 957 1308 καὶ
989 1249 1088 1310 πολυ
1107 1254 1141 1303 10

71 1346 247 1430 πλασιάζει
268 1354 403 1436 πρῶτον
426 1346 480 1434 ἐφ’
506 1348 620 1416 ἑαυτό·
657 1345 728 1415 εἶτα
752 1346 943 1435 ἀφαιρεῖται
965 1348 1088 1416 τούτου

70 1453 113 1522 τὸ
138 1457 176 1523 ἓν
197 1455 254 1523 καὶ
276 1454 337 1522 τὸν
360 1455 480 1522 λοιπὸν
503 1449 654 1542 ἀριθμὸν
676 1452 739 1539 τήν
758 1455 874 1541 ἑτέραν
893 1451 980 1521 εἶναι
999 1454 1088 1539 λέγει

72 1560 234 1648 πλευράν.
270 1558 341 1628 εἶτα
364 1559 467 1627 πάλιν
489 1564 693 1646 προστίθησι
711 1562 756 1649 τῷ
776 1557 842 1626 άπὸ
861 1562 920 1644 τής
938 1555 1089 1643 ἡμισείας

72 1665 270 1759 τετραγώνῳ
289 1667 422 1751 μονάδα
438 1664 495 1732 καὶ
514 1663 640 1750 ταύτην
657 1661 821 1750 εἶναιτὴν
835 1661 1089 1733 ὑποτείνουσαν.

72 1776 159 1840 έστω
178 1770 242 1860 γὰρ
262 1768 308 1851 ὥς
326 1773 363 1839 έν
381 1768 601 1856 ὑποδείγματι
619 1774 786 1856 τρίγωνον
806 1768 972 1850 ἰσοσκελὲς
987 1766 1089 1854 ὀρθο-
1110 1786 1142 1834 15

75 1877 205 1964 γω’νιον
227 1876 290 1963 τήν
314 1882 394 1964 μίαν
418 1881 496 1962 ἕχον
519 1874 667 1962 πλευράν
689 1867 799 1942 δεῖτε
822 1885 1002 1962 σπιθαμῶν
1025 1884 1089 1945 εἴτε

501 1986 638 2065 ποδοῖν,
678 1989 744 2048 εἴτε
784 1978 1004 2067 ὁπωσδήποτε
1041 2009 1090 2062 τις

501 2086 608 2173 αὑτήν
631 2083 809 2173 ὑποθῆται.
862 2091 1003 2171 ζητεῖται
1026 2080 1090 2156 οὑν

406 2253 423 2260 ,
500 2191 521 2280 ἡ
550 2192 649 2280 λοιπὴ
677 2190 805 2276 πλευρὰ
832 2192 889 2259 καὶ
916 2190 937 2279 ἡ
960 2190 1089 2262 ὑποτεί-

501 2320 622 2384 νουσα,
644 2299 701 2366 καὶ
723 2299 864 2384 λέγομεν
887 2296 1006 2379 οὑτως·
1039 2300 1090 2380 δὶς
1108 2315 1143 2364 20

502 2407 564 2472 δύο
601 2405 770 2491 τέσσαρες·
813 2409 912 2472 τοῦτο
948 2404 1014 2493 γὰρ
1046 2397 1090 2491 ήν

500 2509 539 2578 τὸ
562 2509 667 2597 ἥμισυ
688 2519 750 2577 τοῦ
768 2511 990 2595 προκειμένου
1010 2508 1090 2597 ἡμῖν

414 2661 417 2666 ·
502 2613 663 2704 άριθμοὺ.
697 2613 768 2683 εἶτα
786 2613 998 2702 ἀφαιροῦμεν
1015 2616 1090 2685 τού-

503 2748 564 2790 του
589 2720 627 2790 τὸ
652 2724 705 2806 ἕν,
740 2720 796 2786 καὶ
823 2719 922 2786 τοῦτό
951 2723 1041 2787 ἐστιν
1068 2718 1089 2807 ἡ

503 2825 630 2911 πλευρὰ
666 2825 773 2911 ήγουν
810 2823 827 2891 ὁ
858 2829 943 2909 τρία.
991 2843 1090 2908 προσ·
1109 2839 1144 2891 25

76 2935 213 3018 τίθεμεν
237 2934 276 3002 δὲ
303 2934 360 3001 καὶ
388 2938 435 3013 είς
457 2932 495 3001 τὸ
523 2930 588 2998 ἀπὸ
613 2935 671 3016 τῆς
697 2927 848 3015 ἡμισείας
879 2929 1091 3017 τετράγωνον

75 3037 224 3125 μονάδα,
256 3038 337 3127 ὅπερ
369 3031 413 3125 ήυ
442 3037 459 3107 ὁ
485 3031 521 3123 δ,
552 3041 611 3104 καί
635 3036 726 3102 ἐστιν
757 3031 779 3120 ἡ
810 3031 1035 3102 ὑποτείνουσα
1064 3047 1092 3104 ε.

76 3147 248 3212 δείκνυται
286 3137 349 3213 οὑν
383 3144 422 3213 τὸ
459 3143 621 3231 θεώρημα
654 3138 760 3220 οὑτως
796 3137 841 3220 ὥς
873 3141 910 3207 έν
941 3144 987 3233 τῷ
1020 3145 1091 3209 δια-

149 3290 209 3341 156.
229 3285 272 3351 f¹;
295 3281 313 3355 ή
333 3282 433 3356 νύμφη
452 3285 490 3340 ad
507 3285 529 3353 1,
548 3290 582 3338 47
601 3283 689 3338 adscr.
709 3281 742 3336 V.

151 3414 174 3463 1.
200 3407 277 3463 Finis
302 3407 403 3462 scholii
425 3407 492 3463 inb
516 3407 590 3462 male
612 3405 726 3461 habitus
751 3408 803 3462 est.
894 3411 919 3463 7.
943 3401 981 3471 ὥς
1003 3408 1090 3479 δήλου

77 3474 181 3550 μόνον]
200 3478 310 3535 incerta
329 3479 359 3533 et
377 3481 518 3548 corrupta.
