2362 3796
115 134 159 198 94
268 134 424 187 SOHOLIA
441 136 481 187 m
498 134 773 188 ELEMENTOBUM
790 135 930 188 LIBRUM
943 137 965 190 1.

114 287 248 362 χειρετν,
266 278 311 365 τῷ
327 272 358 341 δ’
376 271 500 361 άληθεῖ
516 271 601 342 αῦτῦι
620 272 680 361 ἀφ’
697 274 826 344 ἑαυτῶν
844 274 913 363 ἅμα
927 275 1129 346 διδάσκουσι

114 382 170 448 καί
191 385 259 449 τῦν
284 383 320 448 ἐν
349 378 463 460 αὐτοῖς
490 381 678 467 δυνάμεων.
723 378 808 450 άλλδι
835 382 944 450 πόθεν
970 383 1127 471 πρόεισιν

116 485 133 555 ὁ
157 492 217 555 τοῦ
241 487 407 574 σχήματος
429 487 544 574 λόγος;
573 485 636 556 άπὸ
661 491 722 555 τοῦ
744 490 884 576 πέρατος
906 490 963 556 καὶ
985 487 1129 577 άπείρου

113 594 169 661 καλ
201 599 328 680 μικτοῦ.
372 592 412 661 τδι
445 594 506 681 μὲν
537 593 602 680 γὰρ
634 598 796 682 περιφερῆ
829 588 941 663 αὐτῶν
971 592 1038 665 άπὸ
1065 601 1129 666 τοῦ

79 702 253 789 οπέρατος
280 691 375 786 ἧκεν,
407 698 448 766 τά
477 697 508 767 δ’
535 696 758 787 εὐθύγραμμα
788 697 854 768 άπδ
883 705 944 769 τοῦ
974 698 1128 792 ἀπείρου,

113 805 153 874 τὰ
177 806 216 874 δὲ
238 805 335 893 μικτδι
358 803 423 875 άπὸ
446 810 509 874 τοῦ
532 810 660 893 μικτοῦ.

180 913 314 992 Κύκλος
346 913 415 980 ἐστὶ
448 915 556 999 σχῆμα
589 915 746 981 ἐπίπεδον
773 910 840 981 ῦπδ
869 917 946 1000 μιᾶς
973 920 1127 1002 γραμμῆς

113 1020 367 1106 περιεχόμενον,
399 1016 484 1104 πρὸς
510 1014 553 1104 ἣν
581 1016 640 1103 ἀφ’
667 1016 743 1099 ἑνὸς
770 1025 910 1106 σημείου
936 1024 1005 1088 τῦν
1033 1021 1127 1101 ἐντὸς

112 1128 174 1192 τοῦ
192 1126 357 1211 σχήματος
369 1125 533 1210 κειμένων
546 1128 650 1192 πᾶσαι
664 1127 703 1191 αί
713 1131 980 1213 προσπίπτουσαι
994 1122 1125 1195 εῦθεῑαι

62 1253 95 1304 10
114 1239 183 1298 ίσαι
207 1227 365 1315 άλλήλαις
388 1234 482 1300 είσίν.
527 1232 667 1319 κέντρου
696 1230 733 1298 δὲ
760 1234 822 1300 τοῦ
848 1230 974 1299 κύκλου
999 1231 1037 1298 τὸ
1067 1251 1123 1317 ση-

113 1347 209 1422 μεῖον
230 1342 387 1403 καλεῖται.

179 1437 229 1509 τὸ]
249 1445 383 1529 πρῶτον
415 1443 471 1509 καλ
503 1439 734 1512 ἁπλούστατον
766 1447 834 1511 των
865 1445 1040 1532 σχημάτων
1068 1444 1124 1510 καὶ

112 1546 316 1628 τελειότατος
339 1546 357 1616 ὁ
377 1548 498 1630 κύκλος
517 1552 597 1617 ἐστί·
623 1553 692 1618 τῶν
710 1548 771 1636 μὲν
788 1577 853 1636 γαρ
868 1561 1014 1638 στερεῶν
1028 1548 1126 1639 ῦπερ-

114 1656 208 1743 φέρει
230 1660 276 1748 τῷ
300 1657 337 1722 ἐν
364 1652 574 1746 ἁπλουστέρα
602 1655 693 1738 τάξει
719 1665 870 1742 κεῖσθαι,
902 1658 971 1724 νῦν
1000 1652 1031 1723 δ’
1058 1657 1124 1724 ἐτι-

60 1785 92 1835 16
112 1763 224 1830 πάδων
241 1765 281 1850 τῇ
301 1759 472 1849 ὁμοιότητι
488 1763 544 1830 καλ
557 1762 741 1848 ταυτότητι.
773 1768 833 1829 καί
848 1763 938 1829 ἐστιν
953 1757 1125 1848 άνάλογον

112 1872 151 1957 τῇ
175 1866 330 1955 ἀμείνονι
353 1875 538 1959 συστοιχίᾳ·
575 1873 607 1937 εί
633 1869 696 1955 μὲν
722 1868 787 1957 γδιρ
816 1873 863 1947 είς
891 1865 1041 1956 οῦρανδν
1069 1868 1125 1935 καλ

110 1976 243 2061 γένεσιν
267 1978 411 2062 διαιροῖς
433 1974 471 2042 τὸ
494 1978 574 2059 πᾶν,
596 1979 642 2067 τῷ
666 1973 727 2062 μὲν
751 1971 885 2066 οὐρανῷ
909 1973 947 2042 τὸ
965 1977 1125 2043 κυκλικὸν

111 2078 201 2159 ελδος
227 2080 429 2164 ἀποδύσεις,
460 2085 501 2168 τῇ
529 2079 567 2147 δὲ
594 2082 721 2166 γενέσει
747 2079 785 2148 τὸ
814 2081 919 2149 εύθύ·
964 2082 1020 2148 καλ
1047 2080 1124 2169 γάρ,

112 2185 195 2254 ὅσον
219 2188 256 2254 έν
277 2198 346 2264 τοῖς
365 2198 515 2271 γενητοῖς
535 2188 603 2253 ἐστι
621 2186 790 2274 κυκλικόν,
814 2186 951 2255 άνωθεν
970 2182 1036 2254 άπὸ
1056 2191 1124 2254 τῶν

58 2315 93 2364 20
112 2291 283 2380 οὐρανίων
306 2291 434 2379 ἐφήκει·
472 2290 528 2358 διὰ
553 2292 618 2379 γάρ
641 2291 703 2378 τὴν
727 2295 864 2363 ἐκείνων
891 2297 1124 2381 κυκλοφορίαν

113 2395 132 2485 ἡ
152 2398 281 2483 γένεσις
299 2395 533 2466 άυακυκλεϊται
547 2397 630 2483 πρὸς
644 2399 776 2486 ἑαυτήν.
809 2408 856 2479 είς
868 2426 906 2486 γε
925 2397 992 2487 μὴν
1011 2413 1124 2487 ύυχην

111 2503 167 2570 καλ
186 2507 272 2570 νοῦν
291 2506 433 2593 διαιροῦν
451 2503 491 2573 τὰ
512 2505 669 2592 άσοάματα
693 2509 739 2598 τῷ
763 2505 824 2592 μὲν
842 2511 891 2594 νῷ
910 2506 947 2574 τὸ
963 2504 1124 2574 κυκλικδν

111 2607 307 2697 άποδάσεις,
329 2610 367 2679 τὸ
392 2610 430 2678 δὲ
453 2608 541 2680 εῦθῦ
562 2615 603 2699 τῇ
626 2616 724 2702 ψυχῇ.
764 2613 821 2681 καλ
843 2611 907 2700 γάρ
931 2615 992 2700 τὴν
1009 2610 1123 2697 ψυχὴν

110 2716 193 2785 κατά
217 2716 343 2785 κύκλου
367 2719 576 2806 ἐπιστρέφειν
593 2716 678 2806 πρὸς
696 2721 782 2787 νοῦν
801 2744 921 2804 φαμεν.
952 2719 1009 2786 καὶ
1028 2719 1124 2804 ὅλως,

57 2845 92 2895 25
111 2822 193 2913 ὅπερ
216 2822 237 2910 ἡ
260 2825 389 2911 γένεσις
411 2822 495 2908 πρὸς
513 2820 674 2912 οὐρανόν,
697 2829 797 2892 τοῦτο
816 2821 904 2910 ψυχὴ
924 2821 1008 2912 πρὸς
1025 2827 1123 2891 νοῦν.

110 2931 165 2999 καὶ
192 2928 256 3018 γὰρ
284 2928 383 2998 είκιῦν
411 2934 475 2999 νοῦ
503 2929 564 3018 μὲν
593 2927 754 3018 οὐρανός,
781 2930 911 3015 γένεσις
932 2929 976 2998 -δδ
1002 2933 1121 3017 ψυχῆς.

111 3034 194 3104 ὥστε
221 3034 358 3106 πάντων
384 3041 453 3104 τῶν
476 3037 659 3123 θειοτέραν
688 3036 788 3103 είκων
812 3035 830 3103 ὁ
854 3034 986 3114 κύκλος·
1023 3044 1120 3114 θεοῖς

73 3182 83 3189 -
110 3141 171 3228 μὲν
194 3145 259 3229 γάρ
284 3139 489 3231 ἐπιστροφὴν
512 3140 567 3209 καλ
591 3142 713 3209 ἕνωσιν
736 3141 792 3208 καὶ
810 3139 919 3228 μονὴν
938 3141 1123 3228 παρέχεται,

181 3343 207 3391 4.
227 3332 305 3411 άτιό]
323 3354 376 3392 om.
450 3341 474 3390 6.
494 3336 606 3406 μικτοῦ]
627 3331 755 3405 άμίκτου.
828 3341 853 3390 9.
872 3332 1012 3404 κειμένων
1031 3335 1123 3389 πᾶσαι

109 3404 157 3479 αί]
177 3426 232 3477 mg.
251 3424 325 3463 man.
347 3414 370 3462 1.
450 3411 490 3461 16.
511 3408 678 3482 συστοιχείρι.
751 3413 794 3462 21.
813 3402 1030 3477 άνακοκλεῖται]
1051 3401 1122 3460 άνα·

110 3483 211 3535 κυκλεῖ
224 3473 259 3532 τά
334 3485 376 3532 23.
396 3473 495 3538 εῦῦύς.
