2362 3796
125 135 189 200 170
275 136 432 188 SOHOLIA
449 137 489 187 IN
506 134 781 186 ELEMENTORUM
800 133 939 186 LIBRUM
952 134 974 185 Ι.

124 277 310 364 ἐλάμβανεν
325 284 399 355 ἴσας
412 277 511 344 δυσὶν
525 275 580 343 καί
599 280 706 366 γωνίᾳ
725 279 784 365 μιᾷ
803 278 884 360 μίαν
904 281 992 358 ἴσην,
1013 268 1055 340 οό
1074 269 1143 358 τήν

123 388 292 471 τυχοῦσαν
303 382 501 470 ἐλάμβανειν
511 388 651 468 γωνίαν,
663 380 751 468 ἀλλ’,
766 379 811 460 ὡς
820 377 925 448 αὐτοῦ
933 383 1143 466 προσετίθει,

123 487 184 575 τήν
198 488 264 558 ὑπὸ
282 493 351 559 τάν
370 497 455 559 ἴσων
469 488 614 557 εὐθειῶν
627 488 878 576 περιεχομένην,
898 484 985 554 οὕτω
1000 485 1058 553 καὶ
1074 485 1141 554 δύο

122 601 248 680 γωνίας
267 596 345 663 δυσὶ
363 595 545 683 λαμβάνων
564 603 638 675 ἴσας
656 595 712 662 καί
735 599 816 680 μίαν
838 592 987 680 πλευράν
1011 596 1072 681 μιᾷ
1097 591 1139 660 οὐ

88 727 105 776 5
122 704 185 788 τήν
202 712 372 789 τυχοῦσαν
391 701 565 788 λαμβάνει,
588 699 661 768 ἀλλ’
680 698 755 786 ήτοι
777 698 840 787 τήν
862 697 945 787 πρὸς
962 710 1036 776 ταῖς
1050 706 1143 779 ἴσαις

123 813 263 893 γωνίαις
275 805 296 895 ή
311 811 373 896 τήν
387 806 632 876 ὑποτείνουσαν
646 804 713 874 ὑπὸ
724 812 804 892 μίαν
817 810 885 874 τῶν
895 814 980 874 ἴσων
991 810 1142 891 γωνιῶν.

124 911 201 981 οὔτε
228 913 293 1003 γάρ
321 918 449 1001 γωνίαν
478 914 530 982 έπί
558 917 620 981 τοῦ
647 912 806 1001 τετάρτου
837 920 1029 999 ληφθεῖσαν
1058 921 1140 998 ἰσην

122 1018 185 1104 τήν
204 1024 373 1107 τυχοῦσαν
393 1017 471 1088 οὔτε
488 1021 638 1108 πλευράν
657 1019 711 1086 έπί
729 1021 830 1086 τοῦδε
842 1021 904 1086 τοῦ
918 1017 1141 1105 θεωρήματος

124 1127 200 1191 οἵαν
224 1124 303 1192 ποτε
327 1128 501 1193 δεικνύναι
523 1123 564 1192 τά
586 1125 686 1192 λοιπά
711 1133 767 1192 ἴσα
791 1124 947 1193 δυνατόν.

72 1257 106 1306 10
189 1230 284 1308 τέλος
304 1234 365 1298 τοῦ
389 1230 423 1297 α’
445 1231 620 1316 τμήματος.

191 1340 243 1403 98.
276 1337 386 1422 Μέχρι
404 1336 527 1404 τούτου
544 1341 605 1405 τοῦ
623 1341 839 1424 θεωρήματος
858 1341 980 1418 ίκανῶς
999 1335 1138 1418 διδάξας

125 1439 143 1508 ὃ
171 1439 357 1528 Εὐκλείδης
382 1444 457 1530 περὶ
484 1447 543 1528 τής
569 1443 730 1528 γενέσεως
762 1447 830 1511 τῶν
856 1442 1032 1530 τριγιόνων
1059 1463 1139 1531 σχη-

124 1546 238 1632 μάτων
265 1549 321 1615 καῖ
349 1547 424 1637 περὶ
452 1552 510 1634 τής
538 1547 690 1634 ἰσότητος
713 1550 825 1617 αὐτῶν
847 1550 903 1616 καῖ
926 1545 1139 1638 ἀνισότητος,

125 1655 188 1723 ὅσα
207 1657 355 1724 δυνατὸν
373 1658 410 1723 έν
430 1656 634 1742 στοιχειώσει
652 1657 772 1741 λέγειν,
795 1658 954 1724 ἐντεῦθεν
972 1656 1048 1743 περὶ
1068 1661 1139 1726 τῶν

73 1786 106 1835 15
125 1763 376 1851 τετραπλεύρων
401 1763 566 1848 διδάσκει,
593 1762 855 1848 προηγουμένως
878 1760 940 1846 μὲν
963 1762 1039 1849 περὶ
1067 1768 1139 1832 τῶν

123 1870 489 1958 παραλληλογράμμων,
510 1871 550 1956 τή
570 1868 608 1935 δέ
625 1867 755 1936 τούτων
775 1875 903 1959 θεωρίᾳ
922 1870 1140 1958 συνεισφέρει

123 1975 179 2041 καί
206 1974 268 2061 τήν
296 1975 371 2061 περὶ
398 1979 466 2042 των
494 1978 676 2063 τραπεζίων
705 1977 939 2042 διδασκαλίαν·
981 1973 1140 2063 διήρηται

124 2081 188 2168 γάρ
211 2078 249 2148 τό
273 2081 518 2169 τετράπλευρον
538 2088 585 2159 εἰς
602 2105 638 2146 τε
655 2077 693 2147 τὸ
713 2080 1063 2169 παραλληλόγραμμον
1082 2083 1139 2150 καὶ

125 2188 173 2263 εἰς
198 2188 236 2252 τὸ
263 2185 453 2272 τραπέζιον,
485 2184 541 2251 καί
568 2189 672 2253 ταῦτα
699 2185 837 2273 ἑκάτερα
865 2191 912 2266 εἰς
935 2189 1030 2275 έτερα
1053 2193 1140 2275 εἴδη.

71 2319 106 2368 20
126 2289 182 2357 διὰ
207 2289 244 2357 δὲ
266 2288 329 2375 τήν
354 2293 414 2375 τής
442 2289 592 2376 ἰσότητος
620 2297 814 2376 μετουσίαν,
847 2289 890 2378 ήν
924 2297 989 2380 ἔχει
1017 2293 1071 2362 άεῖ
1098 2294 1138 2363 τὸ

124 2395 488 2484 παραλληλόγραμμον,
521 2395 656 2476 εἰκότως
681 2399 833 2466 τέτακται
864 2401 1140 2486 προηγουμένως,

124 2498 162 2568 τὸ
196 2500 233 2568 δὲ
264 2502 439 2587 τραπέζιον
471 2498 645 2587 άνισότητι
677 2508 874 2589 περιπίπτον
911 2506 947 2572 ἐκ
978 2515 1037 2592 τής
1068 2511 1139 2575 τῶν

124 2607 481 2695 παραλληλογράμμων
503 2611 607 2694 τομής
628 2606 690 2694 τήν
713 2611 847 2694 γένεσιν
870 2612 948 2696 ἕξει,
976 2611 1022 2692 ὥς
1044 2615 1140 2680 ἔσται

124 2720 303 2801 προιοῦσιν
316 2712 397 2800 ήμίν
413 2718 525 2799 δήλου.
559 2715 628 2781 έπεί
648 2713 685 2781 δὲ
702 2716 1049 2805 παραλληλόγραμμόν
1069 2721 1140 2788 ἐστι

73 2847 107 2896 25
126 2817 163 2888 τὸ
195 2818 260 2888 ὑπὸ
294 2819 518 2908 παραλλήλων
549 2824 714 2908 γραμμῶν
750 2817 895 2890 εὐθειῶν
932 2819 1139 2893 ἀπεναντίον

125 2929 286 3014 κειμένων
310 2921 468 3012 άλλήλαις
489 2925 782 3015 περιγραφόμενον
804 2933 925 3016 σχήμα,
947 2926 1140 3017 ἀναγκαίως

126 3031 191 3101 άπὸ
219 3036 286 3100 τόν
313 3033 535 3120 παραλλήλων
562 3045 704 3100 ποιεῖται
730 3033 794 3119 τήν
824 3032 933 3124 ἀρχήν
958 3039 1019 3123 τής
1045 3039 1140 3104 διδα-

126 3145 273 3224 σκαλίας,
291 3138 347 3207 καί
365 3140 448 3206 κατὰ
466 3141 575 3227 βραχὺ
592 3137 721 3227 προιιδν
737 3141 773 3206 ἐκ
785 3139 916 3209 τούτων
930 3146 979 3222 εἰς
991 3140 1054 3229 τήν
1068 3147 1140 3212 τῶν

126 3244 481 3333 παραλληλογράμμων
504 3243 670 3330 εἰσβάλλει
694 3252 845 3334 θεωρίαν
869 3247 921 3315 ἕνί
944 3250 1034 3340 μέσῳ
1058 3275 1140 3337 χρη-

92 3540 115 3594 h
191 3480 233 3530 98.
257 3474 373 3546 ἴ·(ἴς).
