2362 3796
120 137 188 201 462
269 138 426 190 ΒΟΗΟΙᾸΑ
443 139 483 190 IN
500 139 775 192 ELEMENTORUM
791 139 931 191 LIBRUM
944 140 979 196 X.

189 282 240 348 88.
268 278 369 348 Ἀλλο
393 281 674 368 προγραφόμενον
698 283 745 359 είς
767 282 804 347 τὸ
829 276 923 348 αὐτό.

189 383 314 471 Εὑρεῖν
338 385 400 454 δύο
424 384 469 473 μή
489 382 628 473 ὁμοίους
645 384 814 473 ἀριθμοὺς
832 387 1020 473 ἐπιπέδους,
1041 411 1139 455 τουτ-

122 494 213 560 έστιν
232 489 322 572 ὅπως
338 490 422 581 πρὸς
436 490 602 580 ἀλλήλους
619 491 724 577 λόγον
741 490 786 579 μή
806 497 939 579 ἔχωσιν,
962 488 1005 561 ὃν
1022 492 1136 582 τετρά-

120 624 230 683 γωνος
244 583 390 684 ἀριθμὸς
403 597 488 687 πρὸς
501 597 712 686 τετράγωνον
726 593 886 685 ἀριθμόν.
905 599 1136 667 ἐκκείσθωσαν

86 706 277 792 ετέσσαρες
298 702 441 792 ἀριθμοὶ
465 706 499 772 oc
520 713 567 789 A,
592 710 636 789 B,
659 709 702 787 Γ,
726 710 775 789 Δ,
803 700 889 772 ὥστε
910 700 956 790 μή
979 701 1071 772 εἶναι
1093 701 1136 784 ὡς

121 807 180 878 τὸν
204 819 236 877 A
266 809 349 899 πρὸς
371 814 431 879 τὸν
455 817 497 895 Γ,
531 808 637 890 οὕτως
664 813 724 879 τὸν
748 817 776 877 Β
804 809 887 897 πρὸς
914 809 975 879 τὸν
999 818 1050 898 Δ,
1081 812 1134 880 καλ

121 918 284 1002 γεγονέτω
309 919 345 985 ἐκ
366 916 428 1003 μὲν
450 918 518 983 τῶν
536 922 628 1000 Α,Β
653 913 671 984 6
693 923 733 1001 E,
756 918 792 984 ἐκ
811 915 849 984 δὲ
866 918 934 984 τῶν
952 921 992 1002 Γ,
1007 925 1042 984 Δ
1062 916 1082 986 6
1100 926 1134 986 Z.

122 1022 273 1110 φανερὸν
297 1026 350 1110 δή,
373 1020 425 1091 ὅτι
449 1025 484 1090 οί
500 1030 541 1108 Ε,
560 1031 587 1091 Ζ
611 1021 752 1110 ἀριθμοὶ
775 1025 930 1092 ἐπίπεδοί
945 1027 1044 1110 είσιν,
1069 1027 1133 1094 ἐπί·

121 1132 217 1197 πεδοι
241 1129 278 1197 δὲ
301 1127 471 1216 ἀνόμοιοι,
499 1127 675 1217 ἐπειδήπερ
703 1131 741 1196 αλ
765 1130 905 1218 πλευραὶ
933 1126 1049 1198 αὐτῶν
1073 1129 1133 1200 οὐκ

71 1259 103 1308 10
123 1235 209 1303 είσλν
232 1232 415 1322 ἀνάλογον·
444 1232 524 1323 ὅπερ
548 1240 616 1303 ἔδει
640 1236 754 1317 δεῖξαι.

163 1345 238 1441 Ι89.
289 1341 334 1410 Τὸ
366 1337 578 1429 ἀσύμμετρον
612 1345 712 1428 διχῶς
743 1341 826 1410 κατά
860 1340 1028 1430 θάτερον,
1059 1341 1131 1411 κατ’

121 1446 221 1534 άμφω
253 1449 309 1515 καὶ
341 1449 501 1537 θάτερον,
531 1445 593 1515 οὐκ
619 1443 862 1534 ἀφωρισμένως
891 1446 989 1535 μήκει
1015 1448 1132 1535 μόνον.

121 1551 294 1640 ἀμήχανον
312 1557 377 1641 γάρ
395 1555 454 1632 τάς
474 1552 616 1640 δυνάμει
635 1551 866 1642 ἀσυμμέτρους
880 1552 1016 1635 εὐθείας
1030 1553 1134 1634 αὐτάς

119 1683 199 1728 ποτε
221 1664 371 1746 φανῆναι
394 1661 609 1747 συμμέτρους.

69 1790 101 1838 15
187 1770 239 1835 90.
275 1759 360 1835 Οἷον
378 1772 527 1835 ἔστωσαν
545 1769 590 1854 μή
610 1765 722 1854 ὅμοιοι
740 1769 889 1835 ἐπίπεδοι
907 1765 1052 1854 ἀριθμοὶ
1072 1764 1133 1837 δεῖ

119 1873 175 1940 καλ
204 1870 221 1941 6
244 1884 277 1958 ε,
306 1870 324 1941 6
352 1873 390 1942 δέ
412 1883 614 1960 προτεθεῖσα
641 1873 758 1941 εὐθεῖα
785 1870 806 1960 ή
829 1878 874 1960 ἰή.
919 1874 1008 1960 λέγει
1033 1873 1074 1942 δὲ
1095 1874 1131 1942 τὸ

119 1978 295 2066 θεώρημα,
324 1978 389 2048 ὅτι·
426 1980 589 2067 γεγονέτω
613 1977 658 2059 ὡς
680 1976 697 2047 6
722 1985 752 2047 ῖε
774 1978 858 2067 πρὸς
879 1977 940 2047 τὸν
962 1990 994 2067 ἓ,
1023 1977 1132 2060 οὕτως

119 2084 157 2153 τὸ
181 2082 245 2154 ἀπὸ
269 2089 327 2172 τής
355 2091 574 2172 προτεθείσης
600 2089 658 2171 τῆς
680 2090 717 2172 ὦ
743 2085 828 2172 πρὸς
855 2081 892 2152 τὸ
921 2081 988 2152 ἀπὸ
1015 2097 1078 2173 τῆς
1100 2091 1132 2157 ξ·

120 2191 290 2278 ἐμάθομεν
314 2191 378 2279 γάρ
403 2191 459 2259 διά
476 2195 538 2260 τοῦ
555 2197 760 2277 πορίσματος
777 2194 838 2258 τοῦ
856 2189 889 2261 ς’
908 2195 969 2259 τοῦ
989 2191 1029 2261 ι’.
1063 2194 1132 2262 ἐπεὶ

67 2320 101 2369 κο
120 2296 138 2364 6
162 2300 297 2384 λεπρὸς
324 2297 384 2365 τὸν
406 2309 424 2364 ἓ
446 2296 640 2386 τριπλάσιός
664 2299 745 2385 ἐστι,
772 2298 828 2365 καὶ
852 2295 959 2376 οὕτως
981 2300 1133 2387 θέλομεν

119 2406 255 2489 ποιήσαι
278 2400 315 2469 τὸ
340 2402 405 2470 ἀπὸ
429 2407 488 2488 τής
509 2409 728 2490 προτεθείσης
750 2408 865 2492 τήςῐή
894 2403 979 2491 πρὸς
1000 2403 1041 2472 τὸ
1065 2403 1133 2473 ἀπὸ

119 2513 177 2593 τής
204 2513 239 2593 ξ,
268 2507 420 2594 εἰλήφθω
443 2513 554 2596 τρίτος
580 2507 747 2596 ἀνάλογος
773 2506 794 2597 ή
818 2518 857 2578 Β.
907 2514 966 2576 καί
990 2510 1087 2578 ἐστιν
1116 2507 1134 2579 6

117 2613 179 2702 μὲν
203 2610 267 2681 ἀπὸ
291 2618 349 2700 τής
370 2619 407 2701 ῐή
429 2617 505 2701 ἧιδ,
536 2612 554 2682 6
585 2614 622 2682 δὲ
649 2613 715 2684 ἀπὸ
743 2619 801 2701 τής
824 2619 844 2686 ξ
866 2620 915 2686 λξ.
960 2616 1017 2683 καὶ
1044 2617 1133 2704 λέγω

153 2791 488 2918 θοδὸὐὴΡΡλίελΝΝθα
511 2793 545 2861 (Β
565 2795 668 2862 euan.);
697 2789 719 2845 ι’
739 2791 803 2847 add.
823 2809 849 2859 q.
940 2797 983 2846 89.
1003 2790 1133 2861 ΡΝθο.

116 2983 255 2993 --·--—--

189 3046 213 3095 1.
237 3037 303 3094 ἀλλο
323 3071 356 3080 -
377 3036 463 3112 αὐτό]
488 3056 542 3094 om.
563 3038 609 3096 Vss.
647 3040 752 3094 Deinde
776 3039 840 3094 add.
860 3034 976 3094 ἐκεῖθεν
996 3037 1077 3109 ζήτει
1102 3040 1133 3107 1¹¹,

117 3111 147 3164 in
171 3127 226 3180 quo
250 3109 359 3179 reliqua
382 3128 446 3180 pars
469 3111 499 3164 in
518 3112 618 3167 eodem
640 3110 709 3165 folio
728 3126 809 3166 uerso
828 3109 940 3178 legitur.
1034 3118 1060 3167 2.
1080 3111 1132 3183 μή]

117 3199 171 3238 om.
192 3181 262 3250 V²q.
335 3178 487 3252 ἀνομοίους
503 3180 552 3235 Ψ.
626 3176 778 3244 ἐπιπέδους
796 3175 937 3250 ἀριθμούς
956 3180 1030 3249 V⁸q.
1106 3189 1131 3239 δ.

116 3267 214 3393 λόγοήή
233 3286 287 3325 om.
301 3269 393 3324 FVat.
450 3273 473 3324 5.
494 3266 635 3337 τέσταρεις
649 3268 680 3338 Ρ,
699 3259 922 3325 &Fv66v⁸v0.
979 3275 1004 3325 6.
1025 3263 1130 3342 οὕτως]

116 3356 170 3396 om.
217 3346 260 3408 ⁵q.
354 3347 376 3394 7.
405 3337 436 3394 ἐκ
460 3337 511 3409 μὲν
535 3340 607 3411 τῶν]
631 3338 672 3401 είς
695 3338 747 3410 μὲν
770 3337 802 3394 τό
826 3358 852 3408 q.
943 3345 969 3394 8.
994 3336 1132 3397 ἐπίπεδοι

111 3409 160 3484 δέ]
178 3427 232 3468 om.
257 3413 301 3468 Va.
376 3418 399 3465 9.
422 3407 520 3480 ἐπειδή
541 3412 587 3465 V2.
654 3415 694 3464 10.
714 3405 783 3481 ὅπερ
803 3409 864 3466 ἔδει
882 3411 987 3483 δείξαι]
1009 3428 1067 3469 om.
1085 3413 1131 3470 δι”.

139 3491 183 3543 11.
204 3486 275 3558 δίχα
295 3504 324 3557 q.
402 3490 446 3542 14.
466 3482 614 3557 ‹9626qu
631 3481 760 3551 φανῆναι
775 3484 826 3535 καί
837 3481 874 3535 Ἦ.
