2362 3796
239 140 395 195 scHoLIA
412 143 451 193 IN
468 141 743 193 EIAEMENTORUM
759 142 899 213 LIBRUM
912 143 958 195 VI.
1040 139 1105 205 337

92 282 251 369 πέμπτων
265 277 307 350 ὂν
320 285 357 368 ῑη
370 281 536 368 πέμπτων,
550 281 588 350 τὸ
603 281 640 349 δὲ
655 282 769 367 ἕτερον
780 287 813 352 ιξ
827 276 868 348 ὀν
882 281 1039 367 πέμπτων
1051 270 1105 368 ἷδ,

92 385 115 475 ή
148 387 187 456 δὲ
217 386 360 467 κάθετος
385 379 423 473 ιβ
453 387 610 473 πέμπτων
643 378 729 454 οὖσα
755 390 813 472 ιἰδ,
845 387 900 454 καί
932 390 1106 474 γενήσεται

92 493 196 562 πάλιν
222 492 305 562 κατὰ
332 492 369 560 τὸ
398 492 555 580 πόρισμα.
600 489 759 572 ὡσαύτως
787 491 824 560 δέ
852 496 923 578 καί,
952 491 1013 560 ἐδιυ
1040 519 1105 580 τρι-

93 599 405 686 πλασιασθήσονται
434 601 473 666 αί
498 598 638 687 πλευραὶ
664 602 725 667 τοῦ
747 597 905 667 τοιούτου
926 597 1105 685 τριγώνου,

94 705 435 793 τριπλασιασθήσεται
456 705 512 772 καὶ
534 702 575 772 τὰ
593 704 744 791 τμήματα
761 705 817 773 καὶ
836 702 857 791 ἡ
874 703 1028 789 κάθετος,
1051 706 1105 772 καὶ
1143 733 1159 782 5

95 810 155 881 έδιν
168 810 578 899 τετραπλασιασθήσονται
588 813 627 878 αί
636 816 787 897 πλευραί,
801 811 1106 898 τετραπλασιασθή-

95 938 214 987 σονται
226 918 283 985 καὶ
297 916 338 985 τά
351 917 503 1004 τμήματα
516 917 571 984 καὶ
585 915 605 1003 ἡ
619 915 771 1003 κάθετος,
785 916 841 984 καὶ
855 917 1106 1004 φυλαχθήσεται

96 1021 115 1092 ὁ
135 1022 235 1103 αὐτὸς
253 1021 352 1108 λόγος
369 1023 425 1090 καὶ
440 1023 556 1109 ἐφεξῆς
569 1020 739 1102 ὡσαύτως.
771 1019 929 1103 ὡσαύτως
943 1022 980 1091 δέ
992 1025 1049 1091 καὶ
1063 1019 1106 1092 άν

95 1126 454 1198 ὑποδιπίασιασθώσιν
467 1124 488 1215 ἢ
503 1126 881 1216 ύποτριπλασιασθώσιν
895 1125 915 1213 ἢ
930 1126 1106 1216 ύποτετρα-

77 1238 352 1307 ,πλασιασθώσιυ
370 1236 408 1301 αί
423 1235 564 1322 πλευραὶ
581 1238 642 1302 τοῦ
661 1236 826 1322 ῥηθέντος
842 1235 1020 1325 τριγώνου,
1040 1240 1107 1325 τρί·
1126 1260 1160 1311 10

94 1366 188 1426 γωνα
196 1341 298 1408 πάλιν
312 1337 571 1411 άποτελέσουσιν
583 1339 789 1429 ὀρθογώνια,
804 1337 879 1412 οἷον
889 1341 934 1423 ὡς
943 1344 995 1412 ἐπὶ
1005 1367 1106 1432 παρα-

96 1450 280 1533 δείγματος,
295 1445 355 1514 ἐάν
366 1447 533 1534 τριγώνου
543 1451 677 1533 ἔχοντος
686 1446 748 1534 τήν
758 1447 821 1535 μὲν
830 1452 909 1534 μίαν
919 1450 1068 1536 πλευρὰν
1077 1454 1107 1536 γ,

95 1551 157 1638 τήν
173 1551 210 1620 δέ
224 1552 340 1639 ἑτέραν
356 1544 379 1618 δ
394 1553 446 1619 καὶ
465 1550 526 1640 τήν
542 1548 815 1621 ὑποτείνουσαυῐ
828 1550 1059 1640 ήμισευθώσιν
1071 1556 1109 1619 αί

96 1663 245 1746 πλευραί,
265 1662 399 1726 ἔσονται
417 1656 518 1725 πάλιν
534 1655 749 1744 ὀρθογώνιον
768 1662 934 1745 τρίγωνον
953 1662 1031 1744 ἔχον
1044 1655 1106 1744 τήν

96 1763 158 1850 μὲν
185 1767 266 1850 μίαν
288 1768 356 1831 τών
378 1765 454 1851 περὶ
481 1762 544 1848 τήν
573 1758 682 1847 ὀρθὴν
709 1768 837 1847 γωνίαν
860 1774 882 1828 ᾶ
905 1760 951 1849 [,’,
978 1761 1041 1848 τήν
1069 1762 1107 1830 δὲ
1127 1786 1161 1836 15

96 1869 218 1956 λοιπήν
244 1877 266 1957 β
293 1871 349 1937 καὶ
371 1867 432 1954 τήν
464 1866 708 1935 ὑποτείνουσαν
730 1873 752 1953 β
775 1867 816 1955 ζ’,
843 1865 942 1953 καὶὴ
966 1865 1108 1954 άτιότής

97 1976 203 2062 ὀρθής
230 1979 355 2061 γωνίας
386 1973 440 2040 ἐπὶ
471 1975 534 2059 τήν
561 1971 663 2058 βάσιν
693 1973 837 2051 κάθετος
867 1986 959 2059 τεμεί
982 1971 1107 2058 ταύτην

97 2086 143 2163 είς
165 2074 192 2148 θ
216 2083 336 2148 δέκατα
359 2079 414 2145 καὶ
439 2085 472 2150 a}
495 2079 630 2163 δέκατα,
658 2082 749 2146 ἔσται
778 2077 816 2146 δὲ
841 2079 897 2145 καὶ
920 2075 940 2165 ἡ
966 2077 1109 2158 κάθετος

97 2187 227 2255 δώδεκα
247 2183 405 2269 δεκάτων,
424 2185 479 2251 καὶ
498 2183 750 2271 φυλαχθήσεται
767 2184 808 2252 τά
822 2187 883 2253 τοῦ
896 2190 1108 2273 πορίσματος.

164 2294 217 2358 21.
246 2287 345 2368 Ὅσας
374 2288 435 2375 μέν
466 2294 536 2359 τών
567 2286 717 2378 άποριὼν
748 2286 844 2377 ήμείς
875 2286 1107 2378 ἠδυνήθημεν,
1125 2316 1161 2367 ευ

98 2393 340 2478 έπελυσάμεθα,
358 2395 484 2482 ταύτην
499 2395 537 2463 δὲ
549 2396 605 2463 καὶ
619 2397 741 2485 ἑτέρας,
760 2393 800 2478 ἃς
813 2397 941 2486 προιὼυ
955 2394 1108 2483 εὑρήσεις

99 2501 344 2588 δεδηλωμένας,
372 2502 417 2590 μὴ
446 2503 651 2589 δυνηθέντες
673 2516 743 2583 τοῖς
766 2504 1006 2590 ἐντυγχάνουσι
1032 2528 1108 2572 τιατ-

99 2611 254 2692 ελίπομεν
291 2605 461 2690 ἀξιοῦντες
495 2607 533 2677 τὸ
571 2611 724 2678 ἐλλεῖπον
754 2606 835 2696 ήμίν
873 2607 996 2691 αότοὺς
1027 2605 1108 2677 ὀνα-

98 2716 271 2798 πίηρώσαι
295 2710 339 2792 ὡς
361 2714 460 2803 χάριν
484 2716 539 2782 καὶ
562 2714 640 2802 παρ’
667 2711 763 2802 ἡμῶν
787 2713 829 2783 ού
855 2713 917 2801 τήν
939 2723 1108 2802 τυχοῦσαν
1157 2702 1161 2705 ’

98 2819 242 2898 ἕξοντας.
281 2830 351 2898 πώς
373 2820 438 2909 γάρ
462 2816 535 2889 ούιι
549 2819 679 2908 ἄπορον
700 2823 811 2905 τοῦτο,
836 2817 886 2888 ὅτι
909 2819 964 2887 καὶ
983 2822 1019 2888 ἐν
1037 2830 1136 2899 τοίςι

97 2923 162 3010 πρὸ
194 2923 318 2993 τούτου
344 2927 379 3013 η’
403 2927 621 3016 θεωρήματος
652 2925 708 2993 καὶ
736 2928 773 2994 ἐν
803 2938 873 3004 τοῖς
899 2923 979 3010 μετδι
1007 2934 1107 2994 τοῦτο

96 3028 274 3116 τριγώνοις
305 3034 412 3098 ποιώυ
444 3029 628 3117 ἀναλογίαν
666 3026 684 3099 ὀ
717 3029 901 3116 Εὐκλείδης
937 3034 1108 3116 συγκρίνει

97 3133 255 3222 ἑκατέρου
273 3137 440 3224 τριγώνου
457 3135 605 3224 πλευράν
624 3135 704 3222 μετὰ
718 3139 776 3222 τῆς
794 3133 907 3223 ἑτέρας
924 3139 984 3203 τοῦ
1003 3131 1109 3203 ούτοῦ

169 3319 211 3370 21.
230 3315 243 3366 t
262 3313 326 3382 (νέα
344 3309 469 3384 άπορία).

172 3480 196 3527 1.
215 3473 284 3528 Post
298 3469 332 3527 ὅν
347 3473 409 3537 add.
425 3470 498 3542 δεᾪ)
514 3488 605 3542 comp.
615 3470 667 3527 Vs.
721 3475 769 3526 m.
780 3462 823 3544 'Q
831 3470 910 3540 Q
921 3461 1130 3522 mmmm.

144 3571 295 3622 Eucliden,
315 3571 368 3614 edd.
381 3571 490 3623 Heiberg
505 3574 638 3624 etuenge.
660 3572 691 3613 V.
942 3557 987 3603 ‘2¹³²-
