2362 3796
110 153 174 218 108
261 155 418 208 sellom
435 157 474 208 IN
485 156 768 210 ,ELEMENTORUM
785 157 924 208 LIBRUM
937 157 959 208 1.

108 298 275 364 ελδοῦσαί
290 295 391 362 τεκαὶ
407 293 588 381 ποιήσασαι
603 306 713 382 σχῆμα
728 291 777 362 ἐπ’
795 292 934 381 ἀπειρον
947 293 986 363 τὸ
1002 294 1124 367 λοιπὸν

108 402 319 488 ἐκφέρονται·
354 401 485 470 τούτων
508 400 545 468 δέ
569 404 607 468 αἱ
626 402 688 488 μέν
711 405 796 469 εἰσιν
820 397 1049 487 ἀσύμπτωτοι,
1074 407 1121 490 αδ,

109 505 198 586 ὅπως
211 505 285 576 ποτ’
297 504 341 575 ἀν
356 509 580 594 ἐκβληθῶσιυ,
594 505 638 594 μή
654 512 912 593 συμπίπτουσαι,
927 511 1122 595 συμπτωταδ

108 612 146 681 δέ
174 616 211 680 αἵ
234 638 313 682 ποτε
342 612 620 702 συμπεσούμεναι.
665 623 734 681 τῶν
762 611 800 679 δὲ
827 609 1058 700 ἀσυμπτῶτοιν
1087 618 1125 683 ai

73 718 170 807 εμέν
194 722 232 788 ἐν
260 721 315 788 ἑνί
339 724 426 788 εἰσιν
454 718 614 807 ἀλλήλαις
640 720 800 810 ἐπιπέδῳ,
828 722 866 786 αλ
891 718 928 786 δέ
955 719 1007 789 οὔ.
1052 733 1122 790 τῶν

107 824 145 894 δὲ
168 824 398 913 ἀσυμπτῶταιν
416 826 471 893 καὶ
490 828 527 894 ἐν
547 825 596 892 ἑνὶ
616 821 729 893 οὐσῶν
747 826 891 915 ἐπιπέδῳ
911 828 949 892 αἱ
965 825 1028 914 μὲν
1045 835 1122 896 ἴσον

107 932 172 1000 αἰεὶ
197 931 361 1018 διάστημα
384 929 612 1017 ἀφεστήκασιν
640 928 809 1017 ἀλλήλων,
837 932 875 997 αἱ
902 929 940 998 δὲ
967 943 1121 1019 μειοῦσιν

107 1037 159 1106 ἀεὶ
185 1037 223 1107 τὸ
254 1037 433 1124 διάστημα,
465 1036 509 1118 ῶς
536 1037 557 1124 ή
584 1035 754 1126 ὑπερβολή
782 1036 869 1125 πρὸς
895 1036 958 1125 τήν
980 1036 1121 1107 εὐθεῖαν

106 1145 162 1212 καὶ
185 1142 206 1231 ή
230 1144 425 1232 κογχοειδής
447 1144 531 1231 πρὸς
556 1142 619 1230 τήν
649 1141 801 1212 εὐθεῖαν·
844 1135 942 1212 αὗται
972 1143 1034 1230 γὰρ
1067 1142 1120 1211 ἀεὶ

64 1271 88 1319 io
107 1250 354 1336 ἐλασσουμένου
382 1260 444 1317 τοῦ
477 1248 699 1338 διαστήματος
733 1246 785 1317 ἀεὶ
813 1245 1026 1336 ἀσύμπτιοτοί
1049 1251 1115 1314 εἰσι

105 1355 161 1422 καὶ
176 1355 378 1424 συννεύουσι
393 1354 454 1441 μὲν
473 1353 643 1442 ἀλλήλαις,
658 1354 820 1425 οὐδέποτε
839 1356 876 1424 δὲ
895 1355 1117 1425 συννεύουσιν

106 1465 289 1546 παντελῶς,
321 1457 340 1529 δ
366 1462 422 1529 καὶ
450 1460 720 1549 παραδοξότατόν
750 1464 841 1530 ἐστιν
868 1463 906 1530 ἐν
935 1466 1119 1552 γεωμετρία

106 1566 267 1656 θεῶρημα
296 1567 453 1637 δεικνάον
481 1568 663 1637 σύννευσίν
689 1596 793 1637 τινων
824 1572 986 1657 γραμμῶν
1018 1566 1121 1665 ἀσύν-

105 1693 255 1743 νευστον.
299 1680 368 1744 τῶν
400 1674 438 1744 δέ
470 1683 546 1745 ἴσον
578 1674 630 1744 ἀεὶ
664 1672 861 1764 ἀπεχουσῶν
889 1677 1056 1762 διάστημα
1085 1677 1121 1742 αἲ

64 1802 88 1851 ιο
108 1786 194 1850 εἰσιν
218 1778 349 1850 εὐθεῖαι
379 1785 542 1870 μηδέποτε
571 1787 713 1850 ἔλασσον
745 1784 903 1849 ποιοῦσαι
929 1778 967 1849 τὸ
998 1777 1122 1868 μεταξὺ

107 1885 217 1957 αὐτῶν
236 1891 273 1957 ἐν
292 1889 343 1957 ἑνὶ
362 1890 516 1979 ἐπιπέδῳ,
539 1887 749 1975 παράλληλοί
768 1891 863 1955 εἰσιν.
899 1890 1046 1955 τοσαῦτα
1064 1886 1120 1953 καὶ

106 1991 172 2062 ἀπὸ
196 1999 254 2080 τῆς
272 2001 419 2081 Γεμίνου
442 2001 638 2080 φιλοκαλίας
657 1998 704 2073 εἰς
722 1992 784 2079 τήν
802 1997 871 2062 τῶν
889 1994 1119 2081 προκειμένων

107 2100 263 2186 ἐξήγησιν
286 2098 523 2186 ἀνελεξάμεδα.

172 2210 203 2274 2.
236 2203 299 2271 Ἕν
330 2223 419 2272 τισιν
452 2203 671 2293 ἀντιγράφοις
698 2205 891 2294 πρόσκειται
918 2207 955 2274 ἐν
982 2210 1022 2294 τή
1050 2208 1122 2274 ἐπι-

64 2332 89 2380 ιο
106 2314 219 2398 γραφή
242 2308 280 2377 τὸ
305 2312 342 2378 ἐκ
364 2314 422 2396 τής
445 2312 578 2391 Θέωνος
601 2312 771 2393 ἐκδόσεως.

440 2507 498 2572 Ad
521 2508 786 2576 definitiones,

175 2631 205 2695 3.
237 2666 244 2679 ·
269 2627 420 2716 Σημεῖόν
444 2631 551 2715 ἐστιν,
583 2626 601 2697 ὅ
624 2656 714 2709 τινες
734 2635 876 2698 καλοῦσι
900 2629 1051 2718 στιγμήν.
1078 2669 1113 2681 -

107 2731 225 2802 εὐθεῖα
249 2737 392 2823 γραμμή.
434 2762 475 2797 ω
498 2735 633 2824 γραμμή
658 2734 720 2804 οὐκ
743 2734 868 2804 εὐθεῖα.
910 2745 944 2804 Δ
966 2737 1119 2816 ἐπίπεδος

107 2840 283 2927 ἐπιφάνεια
316 2842 337 2928 ή
370 2839 427 2909 ὑπ’
457 2839 603 2910 εὐθειῶν
630 2843 856 2928 περιεχομένη.
912 2849 941 2908 0
967 2844 1120 2922 ἐπίπεδος

64 2967 88 3016 ιο
107 2946 285 3033 ἐπιφάυεια
317 2945 338 3032 ή
371 2945 435 3015 ὑπὸ
463 2950 617 3035 γραμμῆς
644 2947 870 3035 περιεχομένη.
921 2949 1121 3028 [ἐπίπεδος

179 3288 203 3334 2.
224 3278 385 3350 ἐφέρονται,
405 3298 490 3370 supra
508 3299 560 3337 sor.
579 3302 604 3335 κ.
659 3279 706 3351 δέ]
726 3299 810 3349 supra
824 3299 875 3338 scr.
929 3283 1004 3337 Ante
1023 3283 1074 3338 alt.
1089 3280 1123 3338 αἱ

108 3346 163 3404 del.
183 3351 243 3418 μέν.
316 3358 341 3406 4.
361 3353 409 3422 αἴ]
429 3372 472 3407 αν.
548 3358 571 3406 ’1.
591 3349 665 3422 αἰεί]
685 3370 721 3404 m.
743 3359 771 3418 1,
790 3371 866 3406 καιει
883 3356 947 3421 post
965 3371 1019 3408 ras.
1038 3371 1074 3410 m.
1094 3361 1121 3411 2.

112 3416 402 3560 βιῖΙέῘ.8ξγγμεερι;μετρίρι.
468 3429 511 3476 13.
530 3417 712 3490 ἀοῶννευτον,
733 3439 882 3493 suprascr.
898 3441 921 3478 σ.
992 3430 1034 3479 14.
1053 3425 1123 3480 Post
