2362 3796
118 151 183 215 496
272 149 429 203 SOHOLIA
446 149 485 200 IN
502 146 777 200 ELEMENTORLM
793 144 935 229 mmm
947 144 986 197 X.

118 292 173 359 καὶ
196 288 347 377 ποιήσεις
372 288 436 376 τὴν
459 295 525 356 ΛΖ
553 292 633 358 ξιῖε
656 296 698 373 λη
719 290 764 372 ν“γ
785 290 822 372 ιἰ,
854 281 876 352 ἃ
904 285 963 352 καὶ
994 283 1136 371 δυνάμει

120 397 306 484 σύμμετροί
326 399 390 465 είσι
413 399 453 483 τῇ
477 402 518 463 Β·
542 392 668 481 πλευρά
691 392 756 481 γάρ
780 397 846 461 είσι
867 394 930 460 τού
952 395 1014 479 μή.

190 506 262 573 177.
299 505 420 582 Καλῶς
443 498 504 570 ούκ
532 502 629 586 ἐτέθη
657 503 756 568 τούτο
785 501 823 567 ἐν
849 501 895 590 τῷ
924 501 1053 589 βιβλίςο
1080 499 1137 566 τοῦ

117 607 288 696 Ἐφεσίου·
314 605 355 676 ού
378 609 442 696 γάρ
466 610 504 675 αί
523 608 635 693 μέσαι,
658 603 738 674 καθ’
760 601 779 674 δ
802 605 916 691 μέσαι,
940 605 1136 692 σύμμετροι,

87 737 102 787 σ
120 713 185 784 κάν
207 713 228 802 ἡ
251 718 291 803 τῇ
316 715 398 802 μέση
418 713 603 802 σύμμετρος
620 712 703 799 μέση
723 720 786 799 είη,
809 713 846 777 αί
862 710 961 796 μέσαι
980 711 1042 779 καὶ
1060 710 1136 796 σύμ·

121 847 245 909 μετροι,
268 820 324 888 καὶ
346 818 386 889 τά
409 816 474 887 άτιδ
497 822 567 887 τάν
590 820 701 905 μέσον
724 818 854 886 άτιαντα
873 813 1062 905 σύμμετροί,
1084 816 1134 884 καὶ

121 931 152 997 εί
173 931 290 1012 τοῦτο,
317 929 387 1006 τάς
415 926 478 1006 ἕξει
500 924 614 1015 χώραν
637 923 675 995 τὸ
699 926 749 994 λε’
771 922 933 1011 θεάρημα
960 920 1002 992 τδ
1027 923 1134 1011 λέγον·

122 1031 234 1119 εὑρεῖν
257 1032 321 1100 δύο
345 1028 481 1111 εὐθείας
504 1030 647 1117 δυνάμει
665 1028 896 1116 ἀσυμμέτρους
913 1027 1084 1110 ποιούσας
1099 1026 1133 1097 τό

121 1166 156 1209 τε
180 1143 398 1225 συγκείμενον
422 1139 457 1204 ἐκ
479 1140 547 1206 τάν
570 1133 628 1204 ἆτ’
653 1133 765 1204 αύτοθυ
788 1135 1012 1224 τετραγώνων
1038 1136 1131 1224 μέσον

72 1266 105 1316 10
124 1246 179 1313 καὶ
201 1244 239 1313 τὸ
263 1239 319 1312 ὑπ’
342 1239 454 1311 αὐτῶν
478 1243 581 1328 μέσον
604 1243 659 1311 καὶ
683 1247 731 1311 ἐτι
754 1239 969 1330 ἀσύμμετρον
992 1246 1044 1334 τῷ
1063 1261 1130 1328 συη-

121 1352 263 1442 κειμένῳ
287 1352 323 1418 ἐα
340 1359 410 1418 τοόυ
429 1345 485 1415 ἀντ’
503 1345 614 1417 αὐτῶν
632 1349 860 1436 τετραγώνων.
897 1344 977 1416 ίδού
998 1346 1066 1436 γάρ
1083 1346 1134 1415 ιιαὶ

123 1458 207 1544 μέσα
229 1461 335 1544 χωρία
357 1454 412 1523 καὶ
436 1451 644 1541 ἀσύμμετρα,
673 1457 704 1522 εί
731 1454 768 1523 δὲ
796 1454 880 1541 μέσα
901 1457 1012 1542 χωρία
1036 1451 1135 1541 ιἰσύμ

123 1589 241 1651 μετρα,
268 1562 324 1630 καὶ
347 1564 385 1629 αί
406 1559 593 1646 δυνάμεναι
616 1558 702 1629 αύτα
725 1558 937 1648 ἀσύμμετροι.
985 1558 1052 1629 ούιι
1074 1558 1136 1647 άρα

124 1674 161 1738 αί
181 1671 278 1757 μέσαι
301 1672 405 1736 τάσαι
427 1664 493 1754 ἤδη
516 1668 571 1735 καὶ
596 1666 787 1755 σύμμετροι.

73 1884 104 1935 15
470 1865 527 1930 Ad
550 1886 654 1949 prop.
677 1863 796 1930 XXIV.

196 1992 266 2056 178.
301 1984 389 2055 Ἐπεὶ
412 1985 477 2074 γάρ
500 1983 538 2054 τὸ
562 1984 628 2054 άτιδ
651 1987 752 2073 ῥητῆς
775 1983 894 2074 ῥητόν,
920 1983 977 2051 καί
1004 1982 1046 2052 τδ
1077 1982 1138 2052 άιιὸ

125 2097 226 2181 μέσης
249 2094 365 2179 μέσον·
389 2089 434 2172 οδς
456 2091 520 2180 γάρ
543 2104 614 2170 τοῖς
633 2092 685 2160 ἐτιὶ
703 2095 771 2158 τάν
791 2092 902 2178 ῥητῶν
920 2091 977 2158 καὶ
997 2090 1054 2158 ἐστὶ
1073 2094 1140 2160 τάν

125 2202 235 2286 μέσον
260 2200 484 2279 ἐξακολουθεῖ.

194 2308 266 2372 179.
298 2301 471 2382 Ὡσαύτως
489 2302 553 2389 γάρ
571 2315 641 2383 τοϊς
660 2302 799 2371 ἐπὶτῶν
819 2305 931 2392 ῥητῶν
951 2304 1143 2389 εἰρημένοις

73 2431 108 2481 20
126 2410 182 2476 καὶ
206 2409 258 2477 ἐπὶ
281 2418 349 2476 τῶν
372 2409 483 2494 μέσων
509 2410 728 2489 ἐξακολουθεῖ
751 2407 790 2477 τὸ
813 2405 879 2477 άπὸ
903 2408 1005 2495 μέσης
1026 2411 1143 2495 μέσον.

196 2517 267 2582 180.
305 2514 424 2581 Μέσον
448 2511 514 2603 ἄρα
537 2514 605 2582 ἐστὶ
628 2513 666 2582 τὸ
690 2522 761 2581 ΑΔ
783 2540 813 2603 p.
839 2506 947 2603 70,'9]
972 2516 1143 2601 ζητητέον,

128 2619 179 2689 ὅτι
202 2619 311 2688 τόθεν
338 2619 376 2689 τὸ
402 2629 471 2688 ΑΔ
498 2620 710 2708 τετράγωνον
734 2622 882 2707 [μέσον];
918 2620 974 2687 καὶ
997 2621 1143 2709 λέγομεν

127 2729 245 2809 οὕτως·
269 2727 339 2796 ἐπεὶ
357 2727 422 2815 γάρ
441 2725 461 2814 ἡ
482 2728 564 2815 μέση
581 2727 750 2813 [δύναται]
766 2733 890 2815 χωρίον
908 2723 981 2795 ύτδ
993 2723 1144 2795 εύθειῶν

128 2837 238 2922 ῥητῶν
261 2833 402 2920 δυνάμει
420 2834 529 2921 μόνον
548 2836 756 2922 συμμέτρων,
780 2835 916 2919 ἐδείχθη
937 2830 975 2900 δέ
1075 2829 1144 2902 ὑπὸ

74 2963 108 3012 25
128 2944 239 3028 ῥητῶν
263 2939 405 3027 δυνάμει
427 2939 536 3027 μόνον
559 2942 756 3030 συμμέτρων
779 2937 1015 3027 περιεχόμενον
1041 2935 1146 3028 ὀρθο-

200 3125 259 3175 ιιι.
280 3118 325 3174 V1.
400 3117 550 3187 178.V⁸q.
625 3123 683 3173 ιιο.
703 3116 773 3185 v2q.
848 3121 907 3172 180.
927 3112 1046 3186 B(n‹5').

128 3230 340 3239 ——-——

200 3284 225 3332 3.
243 3278 327 3333 τούτο
346 3307 380 3318 -
400 3282 425 3331 4.
441 3271 588 3348 Ἐφεσίου]
613 3294 639 3331 u.
659 3277 717 3331 not.
736 3275 797 3331 crit.
818 3275 854 3330 ad
872 3274 912 3329 111
953 3317 959 3330 .
979 3279 1024 3344 68,
1046 3281 1082 3331 20
1103 3293 1146 3347 sq.

165 3354 205 3401 19.
225 3345 291 3420 γάρ]
311 3350 364 3402 καί
378 3347 411 3402 V.
494 3347 566 3431 τοῖς]
585 3346 616 3401 τύ
635 3347 669 3402 V.
752 3345 954 3416 εἰρημένον.
1037 3350 1082 3400 21.
1102 3354 1144 3418 sq.

127 3417 220 3472 Uerba
243 3416 322 3472 uncis
345 3418 453 3473 inclusa
471 3419 567 3474 addich
591 3417 622 3471 in
640 3417 747 3473 lacunis
767 3417 879 3475 codicis.
970 3421 1013 3472 24.
1038 3414 1146 3491 μόνον]

120 3505 207 3560 supra
225 3488 290 3548 add.
311 3510 333 3547 οι
353 3507 390 3549 m.
412 3494 427 3546 1
447 3489 479 3549 Β.
551 3492 599 3546 25.
618 3484 709 3561 μάνου
726 3489 763 3544 Β.
