2362 3796
356 119 629 179 PROLIIGOIIENA
648 124 800 179 ORITICA.
1028 124 1089 181 clx

72 259 245 317 editionibus
263 258 370 317 sotumi
388 264 461 330 sunt,
480 269 563 324 uelut
580 268 606 322 II
624 286 652 337 p.
673 273 698 335 6,
718 272 751 321 16
770 268 896 339 γίνηται]
915 269 1024 338 γίνεται
1044 270 1089 324 ed.

71 338 170 409 buil„
188 337 302 409 cuim,
319 342 413 410 thet,
432 344 524 417 Grac,
542 347 647 417 Dusyp.
668 347 790 415 (γίνηται
809 346 871 401 cod.
891 348 990 403 Uenet.
1010 352 1090 419 301);

71 417 129 491 Ip.
142 424 221 488 66,6
238 420 368 493 ποιοῖτο]
386 422 495 495 ποιήσω
515 428 558 482 ed.
573 425 668 492 Busil,
687 424 789 493 Dusyp.
818 425 915 495 itaque
934 444 1007 496 quoe
1025 446 1088 498 pro-

71 498 257 571 priubabent,
271 499 451 559 coniecturas
465 506 581 562 editoris
594 503 747 559 tribuenda
760 505 835 572 sunt,
849 504 929 560 uelut
943 508 967 559 ΙΙ
979 526 1006 577 p.
1018 515 1043 577 6,
1055 513 1089 564 10

71 574 139 635 dno
155 598 185 635 σι
201 576 276 648 πρὸς
292 574 470 657 ἡγούμενον]
489 584 600 651 cuiun,
618 582 716 650 Rhet,
736 579 832 650 Grae,
851 582 956 653 Dueyp,
974 585 1005 639 in
1023 605 1089 656 mg,

70 654 235 731 ἡροόρεσοσ
246 656 320 729 πρὸς
332 656 400 717 ἄλλο
414 682 441 717 τι
462 665 506 720 ed.
520 663 616 731 Busil,
634 661 752 731 Desyp,;
772 660 798 714 II
814 678 841 730 p.
857 667 883 729 2,
897 668 914 716 4
929 659 1090 736 ἐλάττονος]

71 736 180 807 Guium,
198 737 290 809 Grec,
308 733 459 806 ἐλάσσονος
477 743 573 812 Besil,
592 743 686 811 Rhet,
704 740 809 810 Dusyp.
829 741 890 810 (sed
908 740 957 796 lin.
978 747 994 797 5
1013 739 1090 798 ἐλάτ-

70 836 153 883 τονος
171 819 292 888 omnes);
321 819 349 875 ΙΙ
370 839 400 892 ρ.
418 828 450 892 4,
471 829 504 879 17
529 819 603 895 ἐστί]
623 821 742 891 Dasyp,
772 815 848 874 ἐστίν
867 819 966 889 Bosil,
986 821 1091 892 cuiun,

70 898 170 968 Bhet,
189 898 271 955 Grae.
307 900 427 957 Gracilis
444 902 471 956 X
494 918 541 972 ρος
561 904 606 971 ριζ
623 902 666 956 ed.
686 899 774 955 Bosil.
794 898 903 967 omitit,
926 898 986 953 sine
1006 898 1091 955 dnbio

71 979 142 1033 notu
157 977 212 1035 illu
228 979 364 1050 marginis
382 982 466 1038 Besil.
486 983 632 1053 permotus
651 978 703 1049 (sic
722 980 809 1034 etium
828 977 986 1048 Desyp.).*)
1015 977 1091 1047 quod

71 1056 150 1113 idem
168 1060 272 1126 quarto
293 1058 356 1115 loeo
379 1061 454 1117 inter
477 1061 542 1116 deff.
561 1060 629 1116 libri
646 1060 673 1114 V
695 1059 783 1114 babet
805 1052 944 1128 ἀναλογία
963 1055 996 1113 ds'
1015 1054 1091 1113 ἐστιν

73 1133 164 1207 ἡτῶν
176 1132 269 1207 λόγον
283 1134 424 1210 ὁμοιότης,
443 1157 529 1210 quum
549 1139 638 1195 ceteri
651 1156 714 1193 enm
729 1139 773 1194 ed.
789 1138 872 1193 Besil.
887 1140 952 1209 post
964 1139 991 1194 V
1005 1138 1059 1194 def.
1076 1145 1091 1194 1

72 1216 224 1288 oolloount,
242 1218 273 1273 id
286 1219 456 1275 anctoritate
475 1217 611 1275 editionis
631 1217 773 1273 Zumberti
792 1234 817 1273 n.
839 1222 908 1274 1546
925 1218 1002 1274 feeit.
1037 1220 1091 1275 hoo

71 1312 187 1367 qnoque
204 1301 480 1355 commemorandum
503 1302 554 1368 est,
573 1300 627 1367 Ip.
638 1302 681 1366 50,
700 1304 718 1352 4
737 1295 789 1353 ἐπί
803 1298 832 1352 in
852 1298 894 1353 ed.
908 1297 994 1353 Basil.
1014 1315 1089 1353 eom·

72 1376 178 1447 pendis
190 1376 359 1448 impressum
374 1396 446 1448 esse3
468 1396 525 1448 quo
539 1379 646 1434 foetum
661 1380 713 1445 est,
731 1380 762 1431 ut
778 1376 872 1434 Ceion.
888 1379 917 1433 et
930 1377 1014 1434 Ithet.
1029 1373 1088 1434 οἷπό

73 1455 193 1511 οᾱοσοο1
205 1453 501 1530 (dntGruo.,Dusyp.).
530 1459 560 1513 in
573 1459 642 1514 libb.
657 1456 810 1513 XIv-xv
829 1458 872 1513 ed.
887 1458 972 1512 Busil.
1002 1459 1094 1513 solum

75 1541 94 1590 4
111 1536 143 1591 et
160 1542 177 1592 6
198 1537 405 1608 propositiones
423 1540 546 1594 numeris
565 1536 702 1608 signeuIt3
722 1554 810 1605 quere
828 1553 864 1592 ne
883 1537 988 1604 Goion.¹
1009 1537 1090 1592 Grae.

74 1614 190 1685 quidem
207 1615 303 1686 plures
321 1617 429 1672 hubent
445 1619 561 1688 (Dasyp.
581 1616 648 1672 XIII
667 1618 778 1671 tantum
797 1615 884 1671 libros
903 1618 1009 1680 hebet).

146 1694 326 1766 Dssypodius
353 1698 450 1752 temen
478 1695 623 1752 interdum
651 1694 805 1749 editionem
828 1695 914 1750 Besil.
937 1711 970 1750 ex
993 1693 1093 1750 Proelo

73 1775 252 1842 enudati&
280 1775 346 1831 inde
368 1776 454 1832 habet
476 1777 538 1847 lp.
557 1782 583 1844 4,
602 1782 637 1830 20
665 1770 717 1827 ὑπ’
739 1768 829 1841 αὐτῆς
850 1774 900 1841 τῆς
918 1774 967 1828 τοῦ
986 1768 1093 1828 edutos

74 1857 261 1924 περιφερείας
274 1857 352 1926 (nam
365 1855 408 1911 ita
421 1855 537 1912 Proetus
555 1853 676 1924 Grynnei
690 1872 717 1922 p.
728 1858 782 1921 44),
797 1852 846 1907 ubi
860 1848 916 1908 tut
931 1857 982 1921 τῆς
991 1873 1013 1908 τ.
1028 1873 1052 1907 κ.
1062 1870 1092 1907 π.

75 1932 120 1989 ed.
137 1933 239 2002 Boot,
259 1929 317 1989 ἀπὸ
335 1934 385 2003 τῆς
403 1955 426 1989 τ.
445 1954 471 1990 κ.
490 1953 519 1990 π.
541 1933 651 2001 Cuiam,
669 1932 763 2002 Rhet,
783 1932 877 1999 (ἔτεος
904 1950 932 2002 p.
953 1938 977 1999 6,
999 1937 1029 1986 11
1053 1930 1094 1986 ἔτι

75 2008 110 2067 di
126 2010 182 2083 (ἔτι
199 2032 230 2068 τε
249 2013 293 2069 ed.
312 2013 413 2083 Bssib,
432 2012 542 2083 cumn,
561 2014 659 2083 Rhet,
677 2013 783 2082 Grae),
807 2029 834 2081 p.
854 2018 897 2081 38,
917 2018 933 2066 6
953 2009 1004 2067 ἐπί
1019 2013 1098 2080 (περί

75 2092 120 2147 ed
140 2091 237 2160 Basil,
256 2093 360 2163 cuiun,
380 2093 473 2163 Rhet,
493 2093 595 2162 Grae),
615 2111 642 2162 p.
658 2098 702 2162 42,
722 2099 738 2147 6
756 2094 1017 2164 προσεκβληθείσης
1035 2086 1094 2160 (ἔκ-

76 2173 231 2244 βῑηθοίσης
249 2173 292 2229 ed.
311 2173 404 2242 Besil,
424 2172 532 2242 Goion,
550 2173 643 2243 Ebot,
663 2173 762 2244 Grae),
781 2191 809 2242 p.
826 2179 851 2243 6,
871 2178 904 2226 12
925 2174 954 2227 et
973 2177 1005 2226 13
1025 2172 1094 2241 μίαν

77 2251 147 2321 (om.
166 2252 272 2322 oeten).

148 2332 232 2401 Apud
251 2331 382 2388 Scheibel
399 2331 565 2402 EinleItung
582 2333 611 2387 in
626 2332 671 2388 die
685 2333 820 2389 mathem.
836 2329 1093 2387 Bdoherkenntniss

77 2410 92 2464 Ι
109 2425 136 2478 p.
152 2415 219 2481 6sq.
238 2411 312 2467 aliae
327 2428 437 2481 quoque
453 2411 592 2467 editiones
609 2414 702 2467 textus
717 2413 817 2467 Graeci
832 2418 1093 2467 commemorantur.

77 2489 128 2544 sed
141 2506 176 2545 eu
188 2491 292 2560 saltim,
306 2507 379 2560 quas
393 2510 418 2547 a.
431 2497 499 2547 1530
515 2491 644 2546 Basileus
659 2490 812 2561 uGrynueo
828 2492 905 2548 edite
919 2509 980 2547 esse
990 2492 1095 2546 dieitur

79 2572 204 2639 (anctore
229 2569 433 2626 Heilbronnero
460 2588 487 2640 p.
511 2574 586 2640 159),
613 2588 766 2640 numquam
794 2570 909 2626 exstitit.
957 2571 1095 2626 editiones

80 2665 105 2703 ut
121 2653 189 2705 1533
209 2649 320 2705 Orontii
333 2651 440 2720 Fineei,
459 2667 484 2705 a.
501 2655 571 2705 1550
591 2650 750 2706 Scheubelii
770 2650 849 2720 (libb.
861 2649 969 2718 I-VI),
988 2653 1096 2703 &1554

80 2728 195 2784 Purisiis
213 2731 306 2799 (olem.
325 2729 488 2798 arithmet.),
508 2748 534 2785 a.
556 2735 624 2784 1573
644 2729 800 2799 Dssypodii
819 2745 972 2798 numquam
990 2727 1059 2784 uidi

149 2826 184 2865 ne
203 2826 237 2865 ex
255 2809 537 2879 interpretationibus
564 2809 676 2876 quidem
695 2808 785 2864 ullum
806 2807 963 2863 subsidium
982 2807 1094 2863 critices

81 2888 142 2958 peti
159 2889 259 2958 potest.
298 2889 385 2944 editio
404 2888 491 2943 Busil.
512 2905 537 2943 a.
558 2893 626 2942 1546
647 2885 783 2958 Campani
806 2891 836 2941 et
862 2885 1004 2941 Zombetti
1027 2902 1095 2943 sune

78 2984 97 3022 ο
119 2966 279 3024 Christiano
303 2969 403 3023 Herlin
425 2966 629 3023 mathematico
652 2970 778 3022 correcta
806 2966 863 3035 est;
896 2966 944 3021 sed
967 2968 1096 3035 proeter-

81 3063 167 3116 quam
192 3049 267 3116 quod
289 3049 429 3104 interdum
448 3048 628 3103 Zembertum
651 3048 687 3101 ud
710 3047 777 3103 edit.
797 3045 884 3103 Busil.
904 3063 930 3101 e.
950 3050 1018 3101 1533
1038 3062 1096 3102 oor·

80 3126 185 3183 rexisse
204 3129 316 3183 uidetur
336 3131 373 3199 (u.
392 3144 477 3198 supro
495 3144 523 3196 p.
539 3124 631 3196 GVH),
649 3126 817 3199 nihilfecit,
838 3126 892 3181 nisi
910 3127 944 3182 ut
961 3125 1007 3181 hic
1026 3124 1094 3191 illio,

79 3207 130 3262 ubi
157 3208 322 3263 Zumbertus
349 3209 520 3263 uocabulum
551 3206 689 3262 Graecum
716 3206 808 3262 minus
837 3206 984 3262 commode
1011 3205 1097 3263 inter·

79 3287 208 3357 pietatus
226 3287 295 3355 eret,
314 3288 368 3343 hoo
385 3288 479 3357 ipsum
498 3287 810 3343 exsd.Bssil.u.1583
830 3288 992 3356 adponeret,
1011 3285 1093 3341 uelut

80 3526 86 3533 ι
152 3446 179 3517 ο)
198 3448 318 3503 ostanus
337 3462 391 3502 om.
410 3444 437 3498 x
455 3449 485 3502 ,ο
505 3446 549 3503 eo.
569 3446 653 3502 notu.
673 3449 741 3502 nou
760 3446 797 3502 ao
814 3445 841 3500 x
859 3465 887 3517 ι)
905 3418 1096 3574 asopus
