2362 3796
110 172 155 236 54
482 172 684 226 ΣΤΟΙΧΕΙΩΝ
702 167 749 228 ιε’.
768 241 775 254 '

109 315 186 402 περὶ
216 323 285 382 των
318 314 504 401 εἰρημένων
536 312 728 381 ἀποδέδωκε
765 312 867 399 λόγον
905 316 1035 399 σαφοῦς
1068 310 1121 398 ἐφ’

111 419 237 510 ἑκάστῳ
261 420 467 506 φαινομένης
490 415 580 511 αὐτῷ
603 422 662 506 τῆς
685 416 893 500 ἀποδείξεως.
940 418 992 486 ἐπὶ
1017 418 1055 486 δὲ
1077 430 1123 509 τῷ

110 525 283 614 πρόδηλον
296 527 457 612 γενέσθαι
470 523 532 611 τὴν
548 529 584 593 έν
600 523 714 604 αὐτοῖς
728 521 963 611 ύποδεικτικὴν
973 531 1124 613 θεωρίαν

110 630 290 718 τὸνλόγον
311 629 366 718 ἐφ’
386 630 527 700 ἑκάστου
546 637 732 718 σαφηνίσω,
751 630 984 719 καὶπρότερον
999 631 1126 718 έπίτης

74 742 304 826 επυραμίδος.

176 844 355 930 νενοήσθω
379 845 525 932 πυραμὶς
546 841 612 912 ὑπὸ
636 843 808 929 τεσσάρων
832 843 1041 931 ἰσοπλεύρων
1059 870 1125 929 τρι-

109 948 229 1036 γύνων
257 952 474 1037 περιεχομένη
502 948 523 1036 η
546 955 681 1018 ΑΒΓΔ
708 953 768 1018 τοῦ
791 956 895 1019 ΑΒΓ
917 950 1046 1036 βάσεως
1068 977 1124 1018 νο-

111 1057 269 1142 ουμένου,
293 1062 445 1143 κορυφῆς
468 1056 506 1124 δὲ
529 1061 590 1124 τού
614 1066 656 1125 Δ.
694 1056 750 1124 καί
773 1063 955 1143 τμηθείσης
976 1063 1035 1144 της
1052 1065 1125 1124 ΑΛ

109 1166 255 1246 πλευρᾶς
282 1167 358 1250 δίχα
385 1161 468 1230 κατὰ
493 1161 531 1231 τὸ
555 1171 587 1230 Ε
613 1162 867 1250 ἐπεζεύχθωσαν
894 1166 931 1230 αἰ
952 1171 1030 1249 ΒΕ,
1054 1169 1126 1233 ΕΓ.

58 1291 92 1341 10
110 1266 166 1334 καὶ
186 1268 255 1334 ἐπεὶ
275 1267 457 1355 ἰσόπλευρα
477 1270 547 1335 έστι
569 1269 609 1335 τὰ
628 1276 742 1354 ΑΛΒ,
761 1274 870 1337 ΑΛΓ
887 1274 1046 1356 τρίγωνα,
1069 1272 1125 1339 καὶ

105 1375 188 1460 Ιδίχα
210 1375 364 1460 τέτμηται
388 1374 408 1460 ἡ
433 1384 519 1460 ΑΛ,
544 1377 581 1441 αἰ
602 1382 680 1460 ΒΕ,
705 1380 769 1443 ΓΕ
789 1373 855 1461 ἄρα
878 1377 1018 1443 κύθετοί
1039 1381 1125 1444 εἰσιν

110 1479 163 1548 έπί
190 1477 252 1567 τὴν
280 1489 360 1548 ΑΔ.
411 1482 512 1566 λέγω,
546 1478 598 1549 ὅτι
625 1478 646 1567 ἡ
674 1477 739 1549 ύπὸ
766 1487 867 1550 ΒΕΓ
894 1486 1000 1569 γωνία
1033 1479 1124 1562 ὀξείύ

111 1589 209 1654 ἐστιν.
256 1587 326 1654 έπεί
352 1584 418 1674 γὰρ
448 1590 548 1673 διπλῆ
573 1590 663 1655 ἐστιν
691 1585 805 1673 ἡΛΓ
826 1592 885 1674 τῆς
906 1595 987 1673 ΑΕ,
1015 1611 1125 1672 τετρα-

109 1693 253 1760 πλοίσιόν
277 1695 345 1760 ἐστι
368 1691 406 1760 τδ
431 1691 496 1762 ἀπὸ
515 1697 574 1780 τῆς
593 1704 625 1760 Α
632 1698 664 1761 Γ
680 1698 741 1761 τοῦ
761 1692 826 1761 ἀπὸ
850 1698 910 1779 της
926 1701 1002 1762 ΑΕ.
1039 1691 1123 1760 ἀλλὰ

58 1821 91 1872 15
109 1797 148 1867 τὸ
175 1798 240 1867 ἀπὸ
267 1803 326 1886 τῆς
353 1805 422 1868 ΑΓ
450 1808 526 1868 ἰσου
554 1800 624 1868 ἐστὶ
651 1813 721 1880 τοῖς
748 1798 812 1868 ἀπὸ
846 1805 914 1868 τῶν
941 1808 1022 1886 ΑΕ,
1047 1807 1124 1867 ΕΓ·

111 1903 195 1974 ὥστε
218 1905 255 1974 τὸ
280 1905 345 1974 ἀπὸ
370 1913 440 1974 ΑΓ
462 1905 546 1995 πρὸς
567 1905 605 1974 τὸ
629 1905 695 1974 ἀπὸ
718 1913 783 1974 ΓΕ
803 1907 906 1994 λόγον
930 1912 1010 1993 ἔχει,
1040 1903 1080 1973 ὃν
1105 1899 1126 1972 δ

110 2009 194 2096 πρὸς
216 2025 245 2098 γ.
291 2018 350 2078 καί
375 2014 466 2079 ἐστιν
495 2020 550 2098 ἰση
578 2012 599 2099 ἡ
629 2017 693 2080 ΓΕ
717 2017 756 2102 τῇ
781 2021 858 2081 ΕΒ·
898 2013 936 2081 τὸ
965 2011 1030 2100 ἄρα
1056 2010 1121 2079 οἷπδ

71 2124 74 2130 “
110 2121 178 2184 ΒΓ
197 2116 335 2183 ἔλαττόν
358 2119 427 2185 ἐστι
450 2128 518 2186 τῶν
542 2117 607 2187 ιἰπὸ
630 2126 704 2204 ΒΕ,
723 2126 794 2188 ΕΓ.
836 2117 925 2202 ὀξεῖα
948 2116 1013 2206 ἄρα
1034 2118 1125 2185 ἐστὶν

110 2219 131 2306 ἡ
150 2218 213 2289 ὑπὸ
229 2229 337 2290 ΒΕΓ.
369 2225 438 2291 ἐπεὶ
457 2217 521 2293 ούν
540 2225 603 2293 δύο
623 2227 788 2294 ἐπιπέδων
806 2230 874 2294 τῶν
891 2234 1006 2311 ΑΒΔ,
1021 2229 1129 2292 ΑΛΓ

56 2352 92 2402 20
111 2324 210 2412 κοινὴ
229 2328 313 2415 τομή
333 2331 424 2398 ἐστιν
438 2328 459 2417 ἡ
474 2341 506 2399 Α
512 2341 556 2417 Λ,
575 2332 631 2400 καί
650 2337 689 2420 τῇ
707 2337 804 2420 κοινῇ
818 2336 902 2419 τομῇ
917 2331 1001 2414 πρὸς
1020 2330 1127 2418 ὀρθάς

112 2437 198 2500 εἰσιν
213 2431 344 2501 εύθείαι
359 2438 396 2504 έν
416 2438 558 2530 ἑκατέρω
576 2442 646 2506 τῶν
666 2439 830 2505 ἐπιπέδων
848 2434 989 2522 ἠγμέναι
1004 2440 1042 2501 αί
1050 2444 1125 2522 ΒΕ,

114 2545 179 2606 ΕΓ
196 2540 252 2607 καί
276 2538 386 2622 ὀξεῖαν
409 2550 537 2631 γωνίαν
562 2551 784 2631 περιέχουσιν,
808 2538 829 2626 ἡ
853 2538 917 2607 ὑπὸ
937 2546 1041 2607 ΒΕΓ
1059 2539 1125 2627 ἄρα

111 2652 219 2732 γωνία
237 2645 257 2731 ί,
277 2654 385 2730 κλίσις
403 2651 472 2718 έστί
490 2661 559 2719 τῶν
579 2649 752 2716 ἐπιπέδων.
792 2651 851 2713 καί
863 2647 933 2713 έστι
947 2646 1125 2733 δεδομένη·

112 2753 246 2820 δέδοται
270 2755 336 2842 γὰρ
364 2754 385 2841 ἡ
410 2763 476 2826 ΒΓ
498 2752 625 2840 πλευρδι
655 2746 740 2821 οὖσα
767 2756 828 2820 τού
855 2751 1038 2838 τριγώνου,
1069 2755 1126 2821 καὶ

55 2882 92 2932 25
112 2859 248 2943 ἑκατέρα
271 2866 339 2930 τῶν
362 2869 442 2947 ΒΕ,
467 2866 532 2929 ΕΓ
553 2860 697 2939 κάθετος
724 2849 810 2926 οὖσα
837 2862 898 2925 τού
922 2858 1126 2943 ἰσοπλεύρου

110 2966 286 3053 τριγώνου.
332 2966 482 3053 κέντροις
504 2970 622 3033 τοίνυν
649 2978 719 3044 τοῖς
741 2972 785 3050 Β,
809 2969 853 3049 Γ,
879 2965 1028 3032 τουτέστι
1054 2979 1126 3044 τοῖς

111 3074 229 3159 πέρασι
252 3077 312 3159 τῆς
333 3075 412 3158 μιᾶς
434 3077 593 3158 πλευρᾶς,
622 3071 820 3159 διαστήματι
849 3070 887 3140 δὲ
909 3075 949 3161 τῇ
973 3075 1033 3139 τοῦ
1056 3097 1125 3158 τρι-

186 3238 209 3286 1.
234 3228 419 3286 ἀποδέδωκεν
438 3229 497 3284 ΡΒ.
580 3233 678 3300 σαφῶς
699 3229 743 3286 V?
825 3237 850 3286 2.
874 3225 944 3286 αύτό
964 3249 990 3285 v.
1073 3231 1125 3302 τῷ]

112 3318 182 3358 corr.
196 3318 232 3388 με(
246 3303 278 3357 τό
299 3303 333 3371 V,
352 3304 403 3356 τοῦ
422 3300 503 3383 PBJ.
560 3307 584 3356 3.
605 3299 636 3357 έν
655 3297 765 3374 αύτοῖς]
786 3298 890 3372 έαυτης
902 3320 928 3356 v.
983 3307 1008 3356 4.
1028 3296 1082 3388 ἀφ’
1100 3319 1125 3356 v.

152 3367 259 3445 έκοιστῳ
279 3375 359 3429 PBv.
420 3379 444 3427 6.
464 3388 481 3430 ς
495 3372 588 3442 ng.
642 3375 800 3429 νενοείσθω
816 3390 852 3428 m.
913 3377 937 3426 ’1.
957 3375 1126 3442 νοουμένου]

114 3441 266 3512 γινομένου
285 3462 321 3497 m.
395 3451 418 3499 8.
439 3442 485 3513 δέ]
505 3460 559 3499 om.
579 3444 608 3499 P.
685 3451 711 3499 9.
731 3440 965 3513 αἰπεζεύχθωσιιν
983 3460 1010 3496 v.
1084 3449 1127 3498 10.

115 3513 182 3585 καί]
202 3531 256 3570 om.
272 3513 329 3569 PB.
401 3515 494 3586 ΑΔΒ]
515 3520 595 3569 ΑΒΔ
615 3535 650 3574 m.
726 3520 768 3569 13.
787 3511 896 3570 gozam.
969 3508 1036 3584 γάρ]
1056 3529 1127 3569 corr.
