2362 3796
95 135 143 192 CX
380 137 648 190 PROLEGOMENA
668 138 820 192 ORITICA.

94 297 122 349 p.
143 284 194 332 113
218 279 255 334 ad
272 278 299 333 V
316 278 371 333 def.
391 284 408 332 4
426 278 520 333 Zamb.
540 279 702 348 „proportio
721 295 786 335 vero
806 279 850 334 est
868 278 1008 333 rationum
1026 277 1106 332 iden-

96 358 183 413 titas*
207 358 319 413 addidit
343 353 486 427 iporcium,
511 359 588 426 quod
611 375 645 413 ex
662 357 689 412 V
708 358 762 413 del.
783 365 799 414 8
823 359 866 413 ed.
886 357 971 412 Basil.
990 357 1106 427 petiuit3

96 437 261 493 Zcmbertus
279 436 380 491 babuit
396 436 547 506 ταυτότης,
571 440 601 493 11
621 437 664 493 ita
686 436 792 508 legitur
817 440 847 493 in
866 436 994 493 omnibus
1014 437 1105 505 codd,

97 517 146 586 qui
168 519 242 572 hunc
264 516 458 574 definitionem
481 518 582 587 quarto
608 517 671 573 loco
694 518 836 587 habent.*)
880 519 915 573 de
938 516 1055 572 Herlino
1078 533 1106 569 u.

95 600 182 667 prael.
201 596 350 667 Heruagii:
379 597 532 667 „collatum
556 599 599 652 est
620 597 716 667 itaque
739 599 884 669 exemplar
907 597 1003 654 Iacobi
1022 597 1108 652 Fabri

96 678 270 747 stapulensis
286 678 373 733 ductu
387 676 502 733 Parisiis
518 680 583 732 ante
598 676 708 746 aliquot
721 696 809 734 annos
824 695 956 735 excusum
971 677 1009 748 [u.
1022 693 1107 747 snpra

95 776 122 828 p.
134 756 168 811 CI
180 761 238 815 not.
249 758 301 831 ⁸*)]
321 759 357 813 sd
375 759 459 813 fidem
478 755 579 812 Graeci
598 758 767 828 exemplaris
787 759 827 830 [h.
839 774 862 812 e.
873 758 916 813 ed.
927 754 1011 810 Basil.
1023 757 1106 828 1533]

97 855 114 892 a
141 839 306 895 doctissimo
329 839 390 893 uiro
415 836 573 892 Christiano
591 837 755 908 Herlino**)
778 837 1041 893 mathematicorum
1064 836 1108 890 di·

96 917 278 986 sciplinurum
285 916 400 988 publico
409 916 484 986 apud
495 914 714 985 Argentinenses
722 918 886 988 professore,
901 915 947 972 oui
961 917 1108 985 acceptum

94 995 177 1067 ierus,
196 997 330 1067 quicquid
349 995 397 1051 hic
410 998 461 1052 sut
474 997 511 1052 ad
526 998 665 1053 Graecum
683 998 828 1067 exemplar
842 999 891 1053 aut
905 997 1011 1064 alioqui
1024 996 1108 1051 docte

94 1078 257 1133 restitutum
276 1078 408 1132 uideris.“

166 1158 223 1212 iam
241 1174 308 1212 nero
327 1155 461 1211 Nicolaus
480 1157 621 1225 Tantalea,
640 1155 689 1226 qui
707 1162 818 1212 11565
837 1156 964 1212 italicum
978 1155 1107 1209 Elemen-

95 1242 187 1291 torum
201 1235 465 1306 interpretationem
480 1235 571 1291 edidit
589 1236 721 1307 (repetita
734 1237 832 1292 Uenet.
849 1239 937 1306 1585),
955 1250 990 1291 ne
1004 1234 1105 1291 editio·

94 1332 159 1371 nem
187 1315 304 1384 quidem
327 1316 463 1371 Graecam
490 1315 577 1383 adiit;
611 1317 686 1371 certe
714 1332 777 1371 eam
804 1333 861 1372 non
888 1315 1030 1383 nominat,
1057 1315 1107 1369 ubi

95 1395 280 1466 exemplaris,
309 1411 381 1465 quse
408 1395 553 1450 auditores
582 1396 611 1450 in
637 1394 767 1450 manibus
795 1396 932 1464 babeant,
961 1397 1106 1450 enumerat

96 1475 236 1545 (seconde
261 1474 380 1530 lettione
405 1482 451 1529 11:
484 1476 531 1545 „la
552 1473 646 1544 prima
666 1475 841 1531 tradottione
864 1475 912 1530 dul
935 1473 1105 1543 Campano“,

94 1553 142 1625 „la
160 1556 281 1611 secunda
302 1555 376 1610 fsttc
399 1555 435 1609 du
453 1555 633 1610 Bartolomeo
652 1556 801 1611 Zsmberto
820 1556 942 1621 Ueneto,
965 1554 1016 1608 che
1038 1554 1105 1607 uiue

94 1638 228 1704 ancora“‚
248 1635 294 1704 „la
312 1637 421 1705 stampe
439 1635 469 1688 di
486 1634 581 1690 Parisc
600 1651 668 1690 ouer
686 1635 711 1690 d'
733 1637 904 1705 Alemagns„
926 1633 1003 1688 nella
1020 1633 1104 1701 quale

93 1715 186 1771 hanno
209 1715 318 1771 incluso
341 1714 369 1771 le
391 1715 519 1784 predette
546 1717 684 1771 ambedue
710 1715 893 1783 traduttioni,
921 1729 968 1767 1111
993 1729 1106 1782 perun

94 1797 171 1850 certo
195 1796 291 1864 modo,
316 1796 382 1864 qual
406 1797 422 1850 b
444 1796 493 1866 piu
515 1798 611 1866 presto
629 1798 689 1851 utto
708 1813 726 1850 1
743 1811 877 1867 generare
897 1791 1057 1849 confusione
1077 1793 1107 1848 in

95 1876 222 1931 cadauno
241 1877 372 1931 studente
390 1876 442 1930 che
458 1874 652 1944 altramente“,
672 1874 719 1944 „la
732 1877 829 1930 nostra
842 1873 1017 1929 traduttione
1032 1873 1106 1928 latta

93 1953 123 2008 in
141 1955 288 2025 uolgare“;
307 1972 374 2009 num
393 1953 517 2009 editione
534 1956 624 2010 altera
643 1955 792 2010 Tantaleae
810 1955 894 2024 utor).

164 2034 241 2089 inter
250 2035 417 2104 interpretes
428 2035 503 2088 solus
513 2033 660 2088 chericus
669 2033 888 2088 commandinus
896 2032 991 2087 codice
998 2030 1105 2086 Graeco

93 2130 159 2168 usus
179 2117 222 2169 est
241 2112 376 2180 (Euclidis
394 2112 605 2169 Elementorum
624 2111 690 2168 libri
704 2112 756 2168 XV
773 2131 830 2168 una
848 2130 912 2168 cum
927 2109 1041 2167 scholiis
1056 2129 1107 2166 an-

92 2193 188 2261 tiquis.
226 2190 335 2245 Pisauri
356 2196 438 2258 1572,
462 2192 503 2246 ed.
524 2192 615 2249 altera
637 2193 675 2248 ib.
696 2198 778 2262 16193
805 2209 820 2248 e
838 2192 925 2262 praef.
946 2193 988 2247 ed.
1007 2210 1049 2263 pr.
1069 2192 1106 2247 ad

92 2271 271 2326 Franciscum
281 2269 400 2325 Mariam
413 2271 440 2324 ΙΙ
452 2271 622 2327 Urbinatum
635 2272 804 2343 principem:
825 2271 976 2342 „Orontius
991 2271 1106 2342 quidem

92 2350 233 2405 Phinseus
331 2350 438 2420 priores
463 2352 574 2406 tanturn
601 2369 648 2406 sex
671 2351 758 2406 libros
780 2351 860 2406 nulla
883 2350 977 2422 graeci
999 2349 1105 2406 codicis

93 2429 202 2484 ratione
226 2429 325 2484 habits
353 2429 465 2502 [itaque
489 2433 523 2486 de
548 2433 671 2487 editione
695 2448 797 2502 graeca
822 2448 847 2486 1.
874 2436 941 2485 1536
964 2430 1039 2486 iustu
1062 2433 1107 2485 est

93 2525 178 2565 causa
197 2508 354 2578 dubitandi,
374 2529 401 2568 u.
416 2529 500 2581 supra
518 2529 546 2581 p.
562 2511 634 2582 CIX]
654 2509 751 2565 edidit.
781 2509 876 2565 lucobi
889 2527 957 2565 uero
970 2509 1105 2564 Peletarii

92 2588 242 2644 incudem
266 2590 396 2645 relabor
419 2607 452 2646 eo
472 2589 558 2646 etiam
581 2591 673 2645 minus
697 2591 847 2660 probatur,
874 2589 950 2659 quod
968 2588 1105 2656 Campani

93 2668 248 2725 editionem
272 2687 306 2725 ex
324 2670 437 2724 arabica
455 2687 619 2727 conuersum
642 2671 740 2741 lingua
757 2671 848 2740 magis
868 2688 954 2739 quam
972 2684 1105 2738 graecum

92 2748 173 2818 sequi
191 2748 322 2806 uoluerit.
350 2749 401 2804 alii
420 2752 514 2805 antem
533 2751 661 2821 peracuti
679 2767 745 2805 sune
762 2749 871 2820 ingenii
889 2748 1016 2804 homines
1035 2743 1106 2802 ἄνα-

91 2825 184 2891 λύσεις
203 2829 388 2898 geometricas
405 2829 435 2882 in
452 2830 559 2900 priores
578 2847 627 2885 sex
645 2831 731 2884 libros
749 2827 988 2899 conscripserunt,
1007 2830 1103 2882 cetera

90 2909 187 2963 tamen
205 2926 263 2964 non
282 2912 347 2965 sunt
369 2909 518 2979 prosecuti.
556 2912 586 2965 at
605 2907 741 2964 Candulla
821 2924 923 2978 parum
940 2909 1050 2974 tamen,
1073 2909 1106 2961 ut

92 2989 186 3057 audio,
205 3006 237 3044 eo
256 2990 370 3044 nominc
390 2989 614 3058 commendatur,
636 2988 712 3058 quod
730 2987 842 3058 longius
860 2987 914 3042 iter
933 2987 969 3042 ab
988 2985 1105 3042 Euclide

161 3113 277 3183 *)Hinc
302 3111 385 3168 simul
408 3113 539 3236 adparet,
570 3129 624 3193 quo
653 3110 713 3166 iure
738 3127 823 3181 supra
850 3129 878 3181 p.
903 3107 963 3164 (ΗΧ
990 3110 1105 3165 conten·

91 3182 188 3249 derim,
208 3184 348 3240 Gracilcm
367 3184 394 3239 b.
410 3185 427 3238 l.
468 3199 520 3238 ano
539 3181 692 3239 editionem
710 3183 836 3237 secutum
856 3197 923 3237 esse.

151 3255 193 3325 **)
212 3257 289 3311 Idem
312 3254 356 3308 uir
379 3271 443 3309 cum
461 3254 623 3324 Dasypodio
647 3253 749 3308 edidit:
777 3252 914 3323 Analyses
932 3250 1105 3321 geometriae

93 3341 141 3380 sex
154 3326 290 3381 librorum
304 3324 438 3382 Euclidis.
466 3324 581 3395 Argent.
598 3330 675 3393 1166,
694 3322 723 3378 in
738 3340 795 3392 qno
810 3324 882 3378 libro
896 3319 1104 3393 propositiones

90 3392 158 3449 libb.
170 3397 259 3450 I-VI
273 3396 379 3451 Graece
395 3394 584 3462 continentur;
603 3397 697 3450 textus
710 3393 786 3450 idem
802 3399 846 3450 est
860 3396 944 3462 atque
958 3391 989 3447 in
1003 3391 1104 3448 ceteris

91 3463 248 3536 Dssypodii
267 3464 445 3522 editionibus.
