2362 3796
266 108 424 162 SCHOLIA
441 110 480 160 IN
498 109 772 161 ELEMENTORUM
790 111 930 162 LIBRUM
944 111 965 165 1.
1075 107 1118 172 97

171 255 239 317 ἔστι
252 249 309 317 καὶ
322 247 542 336 τετραγώνων
556 248 733 335 διάμετρος
746 249 801 316 καὶ
813 247 898 331 ὅλως
911 257 1117 336 παραλληλο·

99 355 285 446 γράμμων,
317 360 388 424 ἔστι
419 356 475 423 καὶ
496 354 561 423 ’ἐπὶ
594 358 738 441 στερεῶν
771 356 947 444 σωμάτων,
984 354 1028 437 ῶς
1059 360 1118 443 τῆς

103 469 264 550 σφαίρας,
297 459 370 530 ἀλλ’
397 463 450 530 ἐπὶ
482 461 544 548 μὲν
575 466 645 530 τῶν
672 463 936 548 γεγωνιωμένων
962 464 1016 529 καὶ
1048 466 1116 530 δια-

101 569 228 657 γῶνιος
251 565 272 654 ἡ
295 565 379 655 αύτὴ
406 567 708 657 προσαγορεύεται,
741 567 794 636 έπλ
825 567 862 635 δέ
888 571 947 654 τῆς
975 575 1118 655 σφαίρας

100 671 1172 762 Μᾶωὼωῆωωωψωωῶώωσ

104 780 285 868 διάμετρος
304 785 406 860 ίδίως.
436 777 585 868 ἀπείρων
605 781 642 849 δέ
661 779 839 868 ἀγομένων
857 777 1004 848 εὐθειῶν
1027 777 1120 858 έντὸς

103 889 168 956 τού
186 884 314 954 κύκλου
332 884 417 973 μόνη
435 883 456 973 ἡ
476 886 533 955 διὰ
550 889 612 955 τού
629 888 771 976 κέντρου
790 887 880 954 ἐστὶν
894 883 916 974 ἡ
932 886 1119 972 διάμετρος,

104 993 179 1079 ἡτις
200 992 255 1060 καί
277 997 476 1080 περατοῦται
498 991 565 1061 ὑπὸ
583 996 642 1080 τὴς
655 986 874 1081 περιφερείας.
912 989 996 1060 ἀλλά
1014 994 1119 1059 ταῦτα

104 1099 167 1187 μὲν
189 1101 321 1184 γένεσιν
347 1101 502 1187 ἐμφαίνει
530 1103 591 1185 τὴς
623 1100 817 1187 διαμέτρου,
849 1099 887 1167 τὸ
916 1095 948 1164 δ’
974 1098 1048 1184 ἑξῆς
1079 1104 1112 1166 τί

103 1211 180 1294 δίχα
207 1207 339 1291 τέμνειν
366 1203 427 1280 τὸν
454 1204 580 1274 κύκλον
608 1203 669 1292 τὴν
693 1209 784 1273 ίδίαν
810 1203 914 1292 αι’πὴς
937 1205 1116 1293 ένέργειαν.
1138 1225 1172 1276 10

101 1321 211 1381 αίτιον
231 1311 269 1380 δέ
286 1315 345 1396 τῆς
363 1311 518 1398 ίσύτητος
535 1309 557 1398 ἡ
576 1307 632 1379 διδ
650 1315 711 1380 τού
725 1314 865 1398 κέντρου
880 1309 1117 1399 ἀπαρέγκλιτος

102 1417 192 1506 φορδι
215 1422 274 1502 τῆς
297 1419 485 1504 διαμέτρου.
530 1418 586 1485 καὶ
609 1422 848 1505 μαθηματικῶς
876 1414 907 1485 δ’
932 1416 1118 1498 ἀποδείξεις

103 1524 211 1609 λέγων
226 1521 345 1601 οὕτως·
368 1520 515 1609 ἡγμένης
531 1528 591 1608 τῆς
609 1525 789 1610 διαμέτρου
807 1521 935 1609 νόησον
948 1548 986 1591 το
1002 1525 1116 1609 ἕτερον

104 1625 305 1714 ἡμικύκλιον
328 1628 381 1694 έπὶ
403 1627 442 1694 τὸ
467 1629 581 1712 ἕτερον
610 1627 891 1714 ἐφαρμοζόμενον.
936 1629 1037 1713 λέγω,
1066 1625 1118 1694 ὅτι

106 1741 183 1800 ἴσον
207 1734 305 1799 ἐστίν.
347 1736 378 1798 εί
400 1729 464 1817 γὰρ
489 1730 544 1818 μή,
566 1729 642 1817 ἡτοι
665 1730 758 1812 ἐντὸς
781 1744 927 1799 πεσεῖται
944 1731 982 1799 τὸ
1003 1733 1117 1819 ἕτερον
1136 1755 1171 1804 ισ

104 1835 126 1924 ἡ
152 1835 258 1918 ἐκτός·
282 1835 372 1916 ὅπως
394 1835 426 1905 δ’
443 1832 488 1904 ἀν
510 1833 532 1925 ἡ
556 1841 680 1918 πτῶσις
697 1829 731 1926 ἡ,
755 1834 959 1924 συμβήσεται
977 1835 1118 1904 ἀτοπον·

102 1941 213 2033 ἡγάρ
241 1948 361 2030 μείζων
392 1941 510 2012 εύθεία
535 1954 577 2032 τῇ
611 1943 767 2012 έλάσσονι
801 1952 856 2028 ίση
889 1940 1117 2030 εὑρεθήσεται·

102 2055 208 2118 πᾶσαι
231 2048 297 2137 γάρ
320 2053 358 2117 αί
377 2047 443 2118 ἀπὸ
465 2055 527 2118 τού
549 2051 692 2138 κέντρου
714 2048 797 2138 πρὸς
818 2046 881 2136 τὴν
903 2052 1117 2138 περιφέρειαν

105 2166 176 2224 ίσαι
200 2160 296 2224 είσίν.
341 2154 425 2225 ἀλλά
453 2161 484 2224 εί
511 2161 589 2243 μιᾶς
617 2155 719 2245 ούσης
747 2158 928 2246 διαμέτρου
954 2157 1017 2225 δύο
1044 2154 1115 2244 ἡμι-

103 2260 224 2328 κύκλια
247 2267 386 2347 γίνεται,
414 2259 547 2347 ῶπειροι
570 2263 608 2331 δέ
635 2267 673 2330 αί
698 2263 885 2353 διάμετροι,
909 2263 1114 2351 συμβήσεται
1133 2289 1168 2338 20

104 2370 173 2434 τῶν
187 2362 333 2456 ἀπείρων
348 2367 526 2437 διπλάσιον
541 2365 724 2458 εὑρεθῆναι
741 2368 813 2439 κατ’
830 2369 991 2459 ἀριθμόν·
1019 2371 1114 2440 ταυτὶ

106 2472 170 2561 γὰρ
192 2471 362 2556 ἀποροῦσί
380 2500 478 2554 τινες.
523 2472 617 2562 ἡμεῖς
640 2475 677 2543 δέ
700 2476 856 2561 λέγομεν,
884 2473 935 2544 ὅτι
962 2478 1114 2562 τέμνεται

104 2579 164 2667 μὲν
188 2577 239 2648 ἐπ’
264 2579 419 2666 ἀπειρον,
447 2578 509 2649 ούκ
536 2586 585 2661 είς
606 2579 728 2668 ἀπειρα
751 2581 796 2649 δέ.
841 2585 940 2650 τούτο
964 2583 1024 2669 μὲν
1048 2580 1113 2668 γάρ

102 2687 252 2776 ἐνεργείᾳ
273 2699 365 2754 ποιεῖ
386 2684 423 2753 τδ
448 2684 601 2773 ἀπειρον,
625 2689 733 2754 έκεῖνο
757 2684 794 2753 δέ
818 2685 974 2771 δυνάμει,
997 2687 1052 2752 καὶ
1075 2684 1113 2752 τὸ

102 2790 165 2879 μέν
188 2787 306 2860 ούσίαν
329 2795 374 2884 τῷ
398 2789 523 2879 ἀπείρῳ
548 2795 700 2878 δίδωσιν,
723 2789 761 2859 τὸ
785 2790 823 2859 δέ
846 2792 979 2876 γένεσιν
997 2789 1113 2874 μόνον.
1132 2815 1166 2863 2⁶

100 2897 156 2965 καὶ
184 2900 222 2964 αί
247 2900 419 2986 διάμετροι
447 2889 509 2966 ούν
537 2896 670 2983 ἀπειροι
698 2897 760 2984 μὲν
791 2895 832 2964 ού
866 2893 1112 2983 ληφθήσονται,

99 3002 151 3074 ἐπ’
176 3003 314 3092 ἀπειρον
339 3006 385 3072 δέ.

159 3095 377 3198 Ἡμικύκλιον
406 3111 446 3178 δέ
471 3111 540 3178 ἐστι
568 3114 677 3196 σχῆμα
709 3106 748 3176 τὸ
775 3105 1012 3196 περιεχόμενον
1044 3102 1112 3176 ύπό

171 3310 196 3358 3.
208 3301 373 3391 διαγῶνων.
439 3307 463 3357 5.
484 3299 626 3370 ἐλλίφεως.
691 3309 716 3358 8.
735 3305 912 3369 περαιοῦται.
966 3299 1036 3375 ύπό]
1057 3318 1112 3358 om

136 3380 179 3430 19.
200 3370 269 3428 ἀλλὰ
290 3372 329 3444 εί]
356 3367 417 3426 ἀλλ’
438 3367 499 3440 ἀείς
522 3373 572 3428 cfr.
592 3375 753 3443 Proclusp
775 3376 839 3443 158,
858 3378 883 3429 2.
969 3379 1012 3429 21.
1031 3368 1112 3445 κατ’]

101 3445 165 3511 καί;
185 3444 233 3500 cfr.
253 3446 415 3513 Proclusp
436 3414 539 3512 115an.
1058 3436 1152 3544 ,Α

152 3542 292 3584 nuceam
281 3542 663 3594 adamantum
937 3538 958 3590 1
1057 3540 1065 3543 ·
