2362 3796
215 164 371 216 SOHOLIA
387 165 427 216 IN
444 163 718 215 ELEMENTORUM
736 163 874 215 LIBRUM
887 165 948 216 XII.
1017 160 1081 226 633

73 305 163 374 ἐστὶν
192 308 311 390 μείζων
340 296 425 371 οὖσα
452 306 512 388 τῆς
539 299 725 382 ὀκτάποδος
751 305 809 389 τῆς
837 300 940 387 οὔσης
966 306 1082 389 τρίτου

72 416 132 497 τῆς
155 409 515 496 είκοσιτεσσοιρέποδος.
552 408 743 496 μᾶλλονδὲ
767 409 885 495 ῥητέον
909 406 1082 492 συντόμως

73 515 191 596 οὕτως·
229 513 342 601 ἐπειδὴ
371 511 392 601 ἡ
420 514 566 603 πυραμὶς
592 518 654 584 τοῦ
678 514 739 602 μέν
763 520 947 603 πρίσματος
968 519 1082 600 τρίτον

73 625 142 692 ἐστὶ
161 623 270 710 μέρος,
288 624 350 688 τοῦ
365 621 403 688 33
420 624 605 708 κυλίνδρου
619 626 738 708 μείζων
757 617 777 707 ἢ
792 621 830 690 τὸ
845 625 959 709 τρίτον
973 620 1083 708 μέρος,

73 729 110 798 τὸ
135 734 261 818 πρίσμα
284 726 396 814 μεῖζόν
420 729 489 795 ἐστι
512 730 573 795 τοῦ
591 731 788 812 κυλίνδρου·
813 732 843 795 εί
860 726 924 815 γὰρ
942 726 980 794 τὸ
1001 724 1083 795 αὐτὸ
1121 749 1138 799 5

72 837 128 904 καὶ
161 839 197 902 ἓν
231 833 293 902 δύο
321 844 427 903 τινῶν
454 837 515 902 τοῦ
542 833 604 919 μὲν
632 834 708 912 ἑνός
736 836 804 902 ἐστι
831 839 944 920 τρίτον
975 836 1085 919 μέρος,

73 947 134 1011 τοῦ
161 941 199 1008 δὲ
221 943 342 1008 λοιποῦ
367 937 408 1008 03
430 945 556 1027 τρίτον,
579 937 665 1007 ἀλλὰ
688 945 800 1025 μεῖζον
818 943 879 1007 τοῦ
898 944 1023 1025 τρίτου,
1046 936 1086 1005 τὸ

75 1051 190 1116 ἓντῶν
201 1044 264 1114 δύο
279 1048 316 1114 τὸ
334 1049 411 1132 ἔχον
425 1043 510 1131 πρὸς
523 1043 561 1112 τὸ
578 1040 660 1111 αὐτὸ
675 1041 734 1112 τὸν
748 1049 967 1132 τριπλασίονα
982 1044 1085 1129 λόγον

76 1153 188 1241 μεῖζόν
213 1155 282 1220 ἐστι
308 1155 370 1219 τοῦ
393 1149 436 1237 μὴ
464 1155 598 1238 ἔχοντος
619 1157 839 1237 τριπλασίονα
862 1149 982 1236 λόγον,
1010 1147 1083 1217 ἀλλ’

75 1258 205 1346 ἥττονα.
247 1263 330 1325 ἔστω
355 1248 419 1325 οὖν
443 1257 496 1324 ἐπὶ
520 1254 677 1344 ἀριθμῶν
697 1257 734 1325 τὸ
759 1256 942 1343 λεγόμενον
966 1259 1085 1342 δῆλον·
1105 1282 1139 1331 10

75 1370 224 1433 ἔστωσαν
249 1363 311 1432 δύο
336 1360 517 1449 ἆριθμοΓ
501 1390 519 1430 ο
540 1355 678 1431 3303‘
664 1391 681 1431 ο
701 1382 721 1434 ς
743 1363 799 1430 καὶ
823 1360 924 1442 ἄλλος
946 1388 995 1442 τις
1017 1389 1038 1448 3
1057 1389 1085 1448 γ

75 1497 95 1597 3
120 1469 202 1558 δὴ
182 1499 203 1557 γ
225 1474 286 1538 τοῦ
310 1469 372 1557 μεν
390 1479 416 1536 3
438 1473 552 1598 τρίτον
572 1470 641 1536 ἐστὶ
661 1471 770 1557 μέρος,
793 1473 854 1536 τοῦ
873 1468 946 1536 δὲ
929 1487 948 1539 ς
967 1474 1087 1556 μείζων

75 1572 94 1662 3'
114 1582 239 1664 τρίτον,
262 1581 322 1643 καί
338 1572 462 1644 ἐστιν
447 1602 465 1642 ο
486 1568 548 1642 3‘
533 1602 551 1643 o
573 1575 633 1642 τὸν
652 1581 869 1663 τριπλασίονα
884 1574 987 1658 λόγον
1002 1579 1087 1661 ἔχων

76 1681 159 1769 πρὸς
180 1680 240 1749 τὸν
263 1710 285 1766 γ
308 1686 427 1766 μείζων
450 1690 512 1747 τοῦ
534 1685 564 1763 ξ,
589 1677 625 1759 ὃς
649 1682 682 1760 ἓξ
707 1679 768 1747 οὐκ
792 1685 857 1766 ἔχει
880 1679 963 1766 πρὸς
985 1706 1046 1748 τον
1067 1706 1088 1766 γ

75 1791 294 1872 τριπλασίονα
318 1785 432 1871 λόγον,
456 1783 572 1851 ἀλλ’
550 1811 683 1870 ηττονα.
721 1790 869 1853 ἔστωσαν
888 1784 1024 1853 πάλιν’
1009 1813 1026 1853 ο
1048 1812 1087 1870 ιε,
1106 1811 1139 1861 15

77 1891 95 1960 3
117 1898 151 1978 ιβ
173 1893 229 1959 καὶ
249 1919 267 1960 ο
286 1893 392 1960 πέντε
426 1918 475 1958 οε
493 1896 606 1978 τριτον
626 1885 724 1978 μέρος
748 1891 816 1959 ἐστὶ
829 1901 891 1958 τοῦ
905 1897 945 1976 ιἐ,
968 1896 1087 1978 μείζων

77 1995 158 2085 δὲή
182 1997 221 2066 τὸ
244 2004 358 2085 τρίτον
381 2002 442 2066 τοῦ
467 2004 511 2084 ιβ,
535 2002 593 2065 καί
615 2000 705 2066 ἐστιν
729 1994 747 2065 3
770 2003 799 2064 ι“ε
821 2002 940 2081 μείζων
963 2001 1024 2065 τοῦ
1043 2004 1087 2084 ιβ

77 2104 256 2191 νενοήσθω
277 2101 354 2189 33
340 2131 357 2171 ο
377 2103 487 2190 μὲν
459 2130 487 2171 ιε
505 2101 543 2191 τὸ
562 2109 699 2189 πρίσμα,
719 2130 737 2172 ο
755 2103 792 2171 δ
804 2096 875 2188 ιβ’
861 2129 878 2170 ο
896 2102 1088 2191 κύλινδρος,

77 2210 94 2279 3
119 2211 195 2279 33
180 2237 195 2277 ε
218 2237 238 2296 3
262 2217 415 2298 πυραμίς.

143 2320 197 2384 44.
237 2315 281 2383 Τὸ
303 2315 344 2402 33
364 2323 499 2384 ΑΒΓΔ
521 2344 551 2405 p
569 2320 641 2404 186,
660 2319 717 2399 2]
742 2274 930 2402 ἐπειδήπερ,
953 2311 1012 2382 ἐὰν
1031 2311 1087 2382 διὰ
1106 2341 1141 2391 20

48 2447 49 2450 ’
75 2426 143 2491 τῶν
168 2431 214 2508 Α,
238 2429 282 2507 Β,
306 2428 345 2508 Γ,
369 2432 402 2490 Δ
430 2429 577 2510 σημείων
606 2422 835 2552 ἐφαπτρμένας
863 2422 999 2499 εὐθείας
1026 2423 1088 2488 τοῦ

76 2527 235 2596 κύκλον’
217 2527 406 2615 αγιὶγωμεν,
420 2533 482 2598 τοῦ
494 2527 788 2617 περιγραφομένου
802 2525 923 2615 περὶ
891 2553 951 2596 τον
962 2525 1087 2594 κύκλον

77 2634 290 2720 τετραγώνου
313 2635 458 2703 ἐλάττων
483 2637 573 2703 ἐστὶν
598 2632 615 2702 3
639 2635 772 2713 κύκλος·
797 2631 880 2702 ὥστε
898 2630 936 2700 τὸ
955 2638 1088 2699 ΑΒΓΔ

78 2742 345 2827 ἐγγεγραμμένον
377 2741 588 2827 τετράγωνον
620 2739 732 2825 μεῖζόν
764 2741 833 2807 ἐστι
864 2749 925 2806 τοῦ
952 2737 1088 2823 ἡμίσεος

77 2851 139 2914 τοῦ
162 2853 295 2914 ΑΒΓΔ
317 2845 451 2914 κύκλου.
1107 2868 1141 2918 25

109 3020 111 3025 ,
145 2955 197 3020 45.
235 2951 303 3019 Καὶ
327 2952 466 3019 ἕκαστον
490 2950 555 3040 ἄρα
577 2955 646 3019 τῶν
669 2978 699 3039 p.
718 2954 789 3037 188,
807 2954 864 3032 22]
889 2949 949 3014 ἐὰν
967 2947 1088 3035 γὰρτὸ

80 3057 271 3125 ἀνασταθὲν
299 3063 425 3144 πρίσμα
454 3055 518 3125 ιἰπο
550 3062 611 3125 τοῦ
638 3053 987 3144 παραλληλογράμμου
1009 3078 1088 3141 παρ·

150 3259 194 3307 44.
214 3254 262 3307 V2.
334 3258 377 3307 45.
397 3252 444 3309 Ψ.

79 3500 93 3559 ἐ
151 3439 196 3558 33
216 3430 273 3487 Ser.
292 3449 334 3493 τις
353 3425 368 3485 3
388 3434 413 3499 γ.
447 3425 523 3498 ὁδή.
585 3434 628 3485 27.
646 3426 946 3498 παραλληλεπίπεδονλ
959 3425 1096 3480 sumpt.

95 3523 149 3558 πιπ
185 3524 215 3576 ῳ.
