2362 3796
339 154 520 205 ΑΡΡυωουι
539 154 775 206 ευΗοιιοιιυΜ
789 156 810 210 1.
1019 150 1082 215 681

72 292 117 372 ὡς
140 291 160 379 ή
185 302 253 360 ΒΔ
275 292 359 381 πρὸς
379 301 455 378 ΔΖ,
480 291 585 372 οὕτως
608 290 628 378 ή
648 300 714 359 ΒΕ
734 290 818 380 πρὸς
836 299 908 359 ΕΖ.
955 299 1024 359 ἰσαι
1047 291 1085 359 δὲ

73 403 110 465 αἰ
131 408 209 484 ΔΒ,
233 408 310 467 ΒΕ·
348 408 418 466 ἰσαι
440 397 505 485 ἀρα
527 398 583 466 καὶ
607 401 644 464 αλ
666 405 743 483 ΛΖ,
768 405 838 466 ΖΕ.
882 398 903 483 ἡ
927 404 999 464 ΔΕ
1018 395 1085 486 ἀρα

73 509 172 592 διπλή
195 509 255 592 τής
277 515 310 573 Δ
317 512 351 574 Ζ.

140 615 174 678 9:
218 614 272 702 Τςό
305 609 343 678 δὲ
377 607 443 678 ἀπὸ
475 620 535 695 τής
567 617 634 677 ΒΕ
663 635 693 696 p.
727 615 762 694 8,
791 613 847 693 22]
884 605 1084 696 ἡμικύκλιον

72 717 136 804 γάρ
165 719 234 784 έστι
261 713 299 783 τὸ
324 723 439 801 ΒΑΕ,
473 713 494 802 ἡ
526 715 564 783 δὲ
594 719 630 783 έν
658 714 842 806 ἡμικυκλίῳ
864 721 971 801 γωνία
995 713 1084 800 ὀρθή
1122 736 1138 785 5

73 825 174 907 ἐστιν,
197 821 236 889 τὸ
261 821 299 889 δὲ
321 819 386 889 ἀπὸ
407 826 467 907 τής
484 820 727 908 ὑποτεινούσης
744 825 807 908 τήν
827 819 938 909 ὀρθήν
955 825 1084 906 γωνίαν

72 927 284 1014 τετράγωνον
313 936 388 995 ἰσον
417 927 486 996 ἐστὶ
508 940 579 1006 τοῖς
606 925 670 994 ἀπὸ
699 930 766 994 τών
789 927 865 1011 περὶ
887 925 950 1011 τήν
973 923 1084 1011 ὀρθήν

73 1040 202 1120 γωνίαν
225 1031 452 1119 τετραγώνοις.

145 1143 194 1206 10.
228 1136 307 1205 Ἐδιν
331 1138 368 1206 δὲ
390 1140 498 1224 κύβον
516 1139 643 1226 πλευρὰ
663 1137 767 1226 ἀκρον
785 1138 841 1205 καί
860 1140 963 1223 μέσον
982 1135 1085 1221 λόγον

73 1254 204 1333 τμηθῇ,
241 1243 279 1312 τὸ
314 1250 426 1332 μεῖζον
456 1244 567 1332 τμήμά
600 1247 690 1312 ἐστιν
722 1242 743 1331 ή
775 1247 836 1312 τοῦ
868 1241 1085 1329 πενταγώνου
1104 1264 1139 1314 10

73 1350 209 1435 πλενρά.

143 1462 192 1524 11.
222 1455 277 1526 Ἐν
293 1455 358 1545 γάρ
372 1468 411 1544 τή
427 1456 584 1525 συστάσει
598 1461 659 1525 τοῦ
674 1456 891 1544 εἰκοσαέδρου
905 1459 1084 1538 δείκνυται,

73 1560 125 1630 ὅτι
157 1560 177 1648 ή
210 1567 272 1631 τοῦ
304 1565 521 1646 εἰκοσαέδρου
548 1560 674 1648 πλευρά
703 1562 845 1630 δύναται
872 1560 934 1646 τήν
962 1563 997 1629 ἐκ
1023 1564 1085 1627 τού

73 1669 215 1754 κέντρου
246 1672 308 1735 τοῦ
339 1667 481 1751 κύκλον,
519 1664 579 1753 ἀφ’
611 1659 651 1734 οὗ
683 1665 721 1734 τὸ
754 1666 971 1753 εἰκοσάεδρον
1003 1665 1085 1733 ἀνα-

72 1771 252 1859 γράφεται,
279 1772 335 1839 καί
358 1773 420 1857 τὴν
442 1776 504 1839 τοῦ
528 1771 722 1857 δεκαγώνου
744 1776 805 1840 τού
828 1776 876 1850 εἰς
897 1771 957 1840 τὸν
980 1769 1084 1839 αὐτὸν
1105 1792 1138 1841 15

72 1879 197 1945 κύκλον
221 1878 484 1964 ἐγγραφομένου.

142 1988 192 2052 12.
222 1981 300 2050 Ἐὰν
319 1982 384 2070 γὰρ
403 1980 468 2051 ύπδ
489 1990 570 2070 μίαν
588 1985 729 2068 ἑκάστήν
747 1989 876 2068 γωνίαν
893 1987 954 2050 τοῦ
967 2007 1084 2049 πεντα-

73 2088 188 2175 γώνου
208 2093 390 2173 ἰσογωνίου
404 2087 504 2168 ὄντος
517 2088 695 2176 ἀγάγωμεν
710 2086 854 2174 εὐθείας,
873 2085 1084 2172 εὑρίσκονται

71 2206 89 2261 ε
113 2193 244 2261 εὐθεῖαι
268 2202 337 2261 ἰσαι
359 2192 518 2280 ἀλλήλαις
540 2194 578 2263 τό
599 2221 634 2262 τε
655 2196 863 2282 τετράγωνον
883 2193 1009 2279 δηλαδή
1029 2193 1084 2261 καί

71 2297 110 2366 τὸ
133 2298 220 2378 ὕψος
243 2302 307 2365 τοῦ
327 2298 444 2384 κύβον.
1102 2321 1138 2370 20

142 2407 192 2472 13.
229 2403 298 2470 Διά
326 2402 364 2473 τὸ
387 2404 422 2490 η’
445 2408 508 2472 τού
531 2405 578 2491 ιγ’
602 2411 749 2491 βιβλίον·
787 2404 847 2473 ἐὰν
873 2405 938 2490 γὰρ
965 2429 1083 2473 πεντα-

72 2508 187 2595 γώνου
220 2513 403 2595 ἰσογωνίου
433 2511 489 2578 καί
517 2512 720 2597 ἰσοπλεύρου
746 2511 806 2590 τδις
831 2509 914 2579 κατδι
941 2511 979 2578 τὸ
1009 2513 1083 2597 έξής

73 2613 137 2682 δύο
169 2621 293 2701 γωνίας
324 2613 547 2684 ὑποτείνωσιν
579 2615 724 2702 εὐθεῖαι,
757 2615 862 2703 ἀκρον
893 2617 949 2683 καὶ
980 2617 1083 2702 μέσον

72 2719 176 2804 λόγον
194 2723 374 2805 τέμνουσιν
393 2718 547 2807 ἀλλήλας,
571 2721 685 2788 καὶτὰ
705 2727 838 2808 μείζονα
856 2721 1008 2808 τμήματα
1027 2730 1083 2788 ἴσα

72 2824 137 2891 εἰσί
158 2836 231 2902 ταῖς
252 2835 313 2892 τοῦ
336 2825 553 2911 πενταγώνου
576 2834 741 2912 πλευραῖς.
1101 2845 1138 2895 25

141 2934 190 2998 14.
224 2927 324 3015 Ἐπεί,
348 2930 407 2998 έδιν
427 2930 490 2998 δύο
510 2927 641 2998 εὐθεῖαι
660 2930 765 3018 ἀκρον
782 2931 838 2998 καὶ
857 2933 960 3018 μέσον
979 2931 1083 3017 λόγον

71 3038 260 3122 τμηθῶσιν,
284 3037 321 3102 έν
345 3033 508 3126 ἀναλογίᾳ
531 3037 595 3104 εἰσί
612 3048 652 3124 τή
671 3037 885 3125 ὑποκειμένῃ,
908 3039 1083 3124 τέτμηνται

145 3228 237 3285 ον’.
311 3229 418 3284 10.V¹.
493 3235 534 3285 11.
554 3231 601 3286 v1.
667 3237 708 3286 ιτ.
727 3231 774 3297 V²‚
793 3231 842 3286 sed
855 3230 909 3285 del.
974 3235 1016 3284 13.
1035 3229 1082 3299 τ’,

72 3301 122 3356 sed
141 3300 196 3355 deL
270 3306 312 3355 14.
332 3301 381 3370 V²‚
399 3300 436 3354 ad
454 3318 481 3369 p.
498 3306 540 3368 12,
561 3308 585 3356 6.

70 3419 285 3430 -...——.-.—

144 3483 186 3532 24.
205 3474 343 3548 τέμνωσιν
361 3476 394 3533 V.
