2362 3796
127 123 194 190 2Ἰο
267 127 424 180 SOHOLIA
440 129 480 183 IN
497 131 773 184 ELEMENTORUM
790 130 930 183 LIBRUM
942 130 992 182 111.

127 266 283 348 ἐλάττους
306 266 437 356 ὀρθῶν,
465 274 586 357 δῆλον,
614 268 668 340 ὅτι
690 270 747 338 καί
769 268 869 357 αὐτοί,
900 274 931 339 εί
954 271 1055 358 ὅμοια
1078 281 1140 360 είη,

127 381 202 454 ίσας
216 376 343 461 δέχεται
356 381 493 463 γωνίας·
508 375 576 470 ὅσῳ
591 375 655 464 γὰρ
670 380 804 465 μείζονα
818 379 908 446 ἐστιν
922 374 1141 466 ἡμικυκλίωυ,

125 480 275 575 τοσούτω
303 481 365 570 τὴν
393 482 506 572 ὀρθὴν
533 487 670 554 έλαττοί.
718 483 841 572 ὁμοίως
867 483 925 552 καί
951 482 992 552 τὰ
1015 484 1140 554 ἐλάττω

124 592 193 658 τῶν
216 587 422 677 ἡμικυκλίωυ
445 592 506 678 τὴν
530 587 641 679 ὀρθὴν
665 589 836 678 ἀνάλογον
854 588 956 673 αὔξει.
996 588 1083 661 ὥστε
1100 590 1139 661 τὰ

90 722 106 771 5
126 693 226 783 ὅμοια
239 687 400 784 ’τμήματα
429 705 503 779 ίσας
526 698 654 786 δέχεται
676 702 809 784 γωνίας.
850 701 888 766 αί
909 697 947 766 δὲ
969 708 1040 767 τῶν
1061 723 1141 787 τμη·

125 801 239 889 μάτων
275 809 396 890 γωνίαι
432 804 633 891 ἑτερογενεῖς
669 797 770 874 οὖσαι
806 803 896 892 παρὰ
937 803 996 886 τὰς
1038 803 1140 875 εὐθν·

123 909 310 997 γράμμους·
351 911 462 996 μικταὶ
493 909 572 999 γάρ·
614 909 656 978 οὗ
692 912 962 1000 καταβέβληνται
998 911 1141 990 ἐκείναις

124 1014 298 1108 ὡρισμένῳ
321 1018 467 1103 μεγέθει,
490 1022 522 1085 εί
543 1015 588 1104 μὴ
612 1015 719 1104 μόνον
743 1015 950 1104 μειζονότητι
972 1015 1030 1084 καὶ
1048 1019 1141 1086 έλατ·

123 1120 287 1209 τονότητι.
333 1122 390 1191 διὰ
413 1122 456 1211 δὴ
480 1127 580 1192 τοῦτο
604 1128 783 1210 συμβαίνει
805 1128 867 1193 τοῦ
890 1128 1042 1210 μείζονος
1056 1121 1140 1210 τμή-

72 1255 104 1304 10
123 1254 226 1316 ματος
244 1229 297 1299 ἐπὶ
317 1234 454 1298 ἔλαττον
472 1231 650 1318 προιόντος
668 1229 725 1298 διὰ
743 1231 848 1316 μέσον
863 1233 925 1297 τοῦ
938 1228 1141 1318 ἡμικυκλίου

123 1441 283 1512 ἐλάττονα
305 1444 458 1528 προιέναι
482 1443 526 1530 μὴ
551 1441 608 1512 διὰ
630 1446 690 1530 τῆς
713 1438 832 1530 ὀρθῆς·
864 1441 949 1530 αὕτη
972 1441 1039 1529 γὰρ
1063 1439 1139 1531 ὦρι·

123 1549 247 1636 σμένον
269 1549 385 1618 ποσόν.
423 1548 512 1631 δόξει
537 1550 574 1618 δέ
597 1548 790 1638 παράδοξον
813 1546 915 1618 εἶναι·
941 1546 982 1617 τὰ
1004 1548 1071 1637 γὰρ
1091 1553 1140 1631 είς

122 1652 324 1726 τούναντίον
348 1655 598 1743 μεταβάλλοντα
622 1654 679 1725 διὰ
701 1659 770 1725 τῶν
792 1657 906 1742 μέσων
932 1667 1055 1742 χωρεῖν
1083 1656 1138 1726 πέ·

70 1785 103 1834 15
123 1789 238 1849 φνκεν.
276 1768 345 1831 ἔστι
369 1762 406 1832 δὲ
423 1762 479 1831 καί
502 1764 539 1831 έν
562 1761 677 1844 ἄλλοις
698 1760 806 1850 ἅμεσα
828 1759 943 1850 εὑρεῖν
964 1759 1005 1832 τὰ
1029 1760 1139 1841 οὕτως

121 1867 340 1958 ἀντικείμενα.
372 1869 428 1939 καὶ
447 1868 511 1958 γὰρ
526 1867 547 1958 ἡ
561 1866 622 1938 τὸν
635 1867 761 1938 κύκλον
775 1870 975 1959 περιέχουσα
987 1869 1136 1958 γραμμή,

120 1976 223 2062 κνρτὴ
248 1975 313 2064 ἄρα
336 1977 391 2044 καί
414 1983 508 2062 κοίλη
533 1968 631 2061 οὖσα,
655 1974 718 2044 οὐκ
742 1975 890 2044 ἐστικαὶ
913 1974 1041 2044 εὐθεῖα.

188 2087 240 2151 32.
275 2081 321 2150 Ἡ
347 2082 407 2168 μέν
435 2086 497 2151 τοῦ
526 2079 726 2170 ἡμικυκλίου
752 2085 859 2170 γωνία
882 2079 973 2151 ἐστὶν
1000 2079 1137 2172 ἡτιερι-

121 2189 260 2274 εχομένη
289 2187 357 2256 ὑπό
386 2214 420 2256 τε
446 2191 506 2275 τῆς
527 2194 738 2278 περιφερείας
768 2189 825 2256 καί
856 2198 915 2276 τῆς
943 2189 1136 2278 διαμέτρου,

67 2291 141 2380 2οὴ
175 2293 213 2361 δὲ
245 2297 281 2362 έν
313 2292 496 2388 ἡμικυκλίῳ
528 2302 636 2382 γωνία
667 2293 688 2384 ἡ
721 2297 937 2387 περιεχομένη
969 2292 1036 2365 ὑπὸ
1070 2297 1135 2366 δύο

121 2397 266 2468 εὐθειῶν
289 2405 356 2469 τῶν
381 2403 414 2483 ἐξ
437 2399 551 2490 ἄκρων
574 2411 633 2490 τῆς
652 2404 834 2492 διαμέτρου
852 2400 1031 2491 ἀγομένων
1050 2403 1138 2494 πρὸς

118 2505 181 2592 τὴυ
204 2508 426 2596 περιφέρειαν.

456 2671 513 2736 Ad
534 2693 639 2758 prop.
661 2670 795 2738 XXXII.

208 2794 261 2861 33.
290 2790 449 2874 Ἐναλλὰξ
467 2800 587 2880 γωνίαι
606 2795 643 2862 ἐν
661 2792 807 2882 τμὴμασι
827 2793 954 2864 κύκλου
977 2794 1134 2882 λέγονται

66 2895 160 2968 1εού
192 2900 276 2984 πρὸς
307 2899 364 2982 τὰς
396 2898 546 2988 εὐθείας,
584 2898 669 2969 ἀλλὰ
701 2899 784 2989 πρὸς
814 2903 856 2969 τὰ
887 2902 1040 2990 τμήματα
1068 2904 1134 2970 τοῦ

117 3003 253 3089 κύκλου,
277 3004 314 3073 τὸ
339 3012 450 3092 μεῖζον
473 3008 559 3094 λέγω
582 3006 638 3074 καὶ
656 3005 693 3074 τὸ
714 3013 863 3095 ἔλαττον,
886 3005 1133 3097 θεωρούμεναι.

188 3152 231 3202 32.
250 3147 289 3216 αθ.
363 3154 405 3203 33.
424 3148 464 3205 b’.

116 3236 330 3248 -u———n—-n

190 3276 213 3325 1.
233 3265 320 3342 αὕτα]
339 3272 429 3326 ταῦτα
447 3272 538 3327 Nat.
621 3278 645 3327 6.
666 3266 829 3343 ἕτερογενής
850 3270 911 3328 ναῒ.
996 3275 1021 3329 7.
1040 3291 1132 3341 παρα·

117 3338 183 3412 βέβλ
203 3362 250 3397 ται
267 3343 331 3410 BF,
349 3343 578 3416 παραβέβλησται
595 3341 660 3399 Vat.
753 3348 795 3398 12.
814 3343 963 3414 προσιέναι
981 3343 1012 3398 Ρ.
1088 3349 1132 3399 13.

117 3361 207 3486 δόξεί]
227 3429 295 3468 corr.
315 3430 349 3468 ex
368 3415 456 3481 δείξει
474 3433 510 3470 m.
531 3421 545 3469 1
564 3413 596 3471 B.
671 3420 711 3470 14.
731 3419 832 3484 χωρεῖν
881 3416 974 3483 ωρίωυ
993 3413 1026 3468 Β.
1088 3418 1131 3470 16.

108 3480 235 3541 ίατινΡ.
314 3490 356 3542 16.
376 3482 443 3561 γοίρ]
464 3503 518 3545 om.
538 3484 569 3543 B.
643 3492 686 3542 1‘1.
706 3484 763 3542 ἔστι
781 3487 833 3540 καί
864 3434 943 3542 έστιν
960 3483 1020 3539 FB.
