2362 3796
113 118 178 185 318
265 120 421 173 scflom
438 120 478 172 m
495 117 770 172 ELEMENTORUM
787 118 926 171 mmm
945 119 976 171 v.

111 258 214 346 τυχὸν
232 256 253 345 ἢ
273 257 354 328 ἀλλο
373 285 415 344 τι,
439 256 513 328 ἀλλ’
536 255 577 326 οὐ
595 259 748 339 τεθέντες
766 255 803 326 τὸ
823 255 868 338 ὡς
886 259 942 326 καὶ
960 257 999 326 τὸ
1021 256 1132 341 οὕτως

111 365 167 433 καὶ
195 364 343 444 εἰπόντες
375 362 420 446 ὡς
446 364 524 434 τόδε
551 363 653 452 τυχὸν
686 363 723 432 τὸ
753 366 894 451 μέγεθος
925 368 1011 453 πρὸς
1038 364 1131 453 τόδε,

112 468 218 551 οὕτως
244 472 300 539 καὶ
323 471 402 540 τόδε
423 470 507 561 πρὸς
528 470 621 556 τόδε,
651 469 903 558 έκλαμβάνομευ
931 468 969 539 τὸ
997 467 1044 551 ὡς
1071 472 1130 540 καὶ

110 602 148 645 το
174 575 280 657 οὕτως
301 576 454 646 καθόλου
481 576 535 645 ἐπὶ
556 575 680 656 παντὸς
703 576 809 663 λόγον
835 573 881 657 ὡς
908 578 1042 664 ἀδήλως
1068 578 1127 646 καὶ

38 724 43 739 ·
75 711 90 761 5
110 681 274 771 ἀορίστως
286 689 430 772 κείμενα.
456 681 756 769 προδιορισάμευοι
775 681 813 751 δὲ
825 684 881 750 καὶ
896 681 1127 772 προειπόντες,

110 787 161 858 ὅτι
191 795 274 858 ἔστω
301 789 380 859 τόδε
406 793 507 858 τοῦδε
529 788 781 857 πολλαπλάσιον
810 788 913 877 τυχὸν
937 787 1048 869 ἰσάκις
1069 790 1128 858 καὶ

107 895 186 965 τόδε
208 898 318 982 τοῦδε,
341 893 411 964 εἶτα
435 896 669 982 ἐπαγαγόντες,
692 892 743 964 ότι
765 896 821 964 καὶ
846 892 891 976 ὥς
914 900 980 982 ἔχει
1003 895 1128 965 λοιπὸν

108 1001 186 1071 τόδε
209 1004 291 1089 πρὸς
313 1000 407 1086 τόδε,
432 998 519 1069 οὕτω
542 1000 598 1068 καὶ
620 999 699 1069 τόδε
721 1024 804 1088 προς
824 999 914 1086 τόδε,
938 998 977 1069 τὸ
999 997 1047 1082 ὥς
1067 1001 1127 1069 καὶ

108 1107 145 1176 τὸ
166 1106 272 1188 οὕτως
294 1110 443 1175 ἐνταῦθα
461 1103 502 1174 οὐ
521 1105 675 1174 καθόλου
693 1107 747 1174 ἐπὶ
764 1129 889 1186 παντος
906 1105 1023 1193 λόγον,
1046 1104 1123 1175 ἀλλ’

57 1241 89 1289 10
108 1214 161 1283 ἐπὶ
184 1217 245 1282 τοῦ
268 1214 597 1299 προνποτεθειμέυον
618 1213 674 1280 καὶ
697 1213 988 1302 προδιωρισμένου
1009 1211 1126 1299 μόνου

108 1318 213 1405 λόγου
236 1317 404 1406 δεχόμεθα
422 1320 533 1386 ταῦτα.
572 1318 655 1386 ὥστε
676 1319 825 1387 ἐνταῦθα
845 1318 907 1406 μὲν
925 1343 1060 1406 μερικον
1080 1317 1121 1385 τὸ

109 1424 153 1504 ὡς
171 1426 225 1493 καὶ
243 1430 282 1493 τὸ
302 1424 418 1510 οὕτως,
442 1426 512 1492 ἐκεῖ
527 1422 565 1492 δὲ
583 1428 629 1506 είς
647 1424 685 1493 τὸ
703 1424 856 1512 πρόσθεν
870 1423 1020 1495 καθόλου
1039 1429 1124 1510 λαμ-

107 1530 255 1618 βάνεται,
279 1530 389 1620 ὥσπερ
412 1531 467 1598 καὶ
491 1527 536 1610 ὡς
560 1527 641 1598 ὅταν
664 1532 827 1617 λέγωμεν·
853 1534 917 1611 πάς
940 1527 1124 1618 ἀνθρωπος

108 1642 206 1720 ζαῑον·
236 1634 278 1706 οά
299 1636 337 1706 τὸ
363 1636 516 1705 καθόλου
540 1640 625 1718 ζῶον
647 1646 810 1723 νοοῦμεν,
838 1632 924 1704 ἀλλὰ
947 1633 1055 1722 μόνον
1082 1631 1123 1704 τὸ

53 1769 87 1835 15
107 1748 144 1812 έν
166 1747 211 1834 τῷ
235 1741 423 1835 ἀνθρώπω,
456 1744 511 1811 καὶ
541 1741 597 1810 διά
621 1745 720 1811 τοῦτο
750 1740 830 1810 οὐδὲ
853 1743 923 1811 ἐκεῖ
942 1741 1122 1828 δυνάμεθα

106 1846 383 1936 ἀναστρέψαντες
410 1852 531 1933 εἰπεῖν,
564 1845 616 1915 ότι
643 1847 699 1915 καὶ
725 1850 793 1914 πᾶν
821 1849 907 1927 ζῶον
930 1843 1123 1932 ἄνθρωπος.

106 1955 169 2044 ὅρα
193 1959 245 2042 δέ,
275 1953 319 2042 μὴ
344 1953 609 2042 σνναρπασθήσῃ
634 1957 673 2041 τῇ
699 1950 876 2043 όμοφωνίςι
903 1955 971 2020 τῶν
998 1953 1122 2032 λέξεων

104 2067 163 2149 τῆς
186 2061 431 2147 ἀναστρέψαντι
454 2059 509 2126 καὶ
532 2062 591 2144 τῆς
612 2054 824 2146 ἀντιστρέφει
848 2058 903 2126 καὶ
926 2060 1059 2144 νοήσεις
1083 2061 1121 2127 ἓν

105 2174 282 2255 σημαίνειν
313 2168 448 2250 ταύτας,
480 2164 526 2244 ὥς
557 2190 644 2244 τινες
675 2161 915 2251 ἠπατήθησαν,
948 2164 1032 2232 ὥστε
1062 2166 1121 2232 καὶ

51 2298 86 2346 20
106 2281 365 2359 σχολιογραφεϊν
392 2271 445 2338 ἐπὶ
473 2280 585 2338 τοῦτο·
623 2268 695 2338 ἀλλ’
722 2275 814 2339 ἔστιν
837 2267 1034 2357 ἀναστροφὴ
1056 2269 1121 2356 μὲν

104 2377 219 2465 λόγου,
239 2375 284 2458 ὡς
303 2374 405 2457 αάτος
421 2376 636 2465 παραδέδωκε
655 2380 754 2445 τοῦτο
770 2378 808 2445 έν
820 2389 890 2456 τοῖς
905 2374 1008 2464 ὅροις,
1027 2373 1120 2444 ἀντι-

104 2481 232 2571 στροφὴ
257 2483 294 2551 δὲ
316 2484 372 2550 καὶ
395 2480 621 2570 ἀντιστρόφου
644 2481 682 2551 τὸ
701 2479 813 2564 ἅπλῶς
832 2479 939 2562 οὕτως
956 2477 1119 2551 τάναντία

102 2593 171 2657 τῶν
193 2592 426 2677 προτεθέντων
448 2591 557 2675 λέγον.

467 2786 523 2852 Ad
544 2807 649 2871 prop.
672 2785 760 2852 XXI.

49 2915 83 2966 25
172 2914 222 2979 86.
260 2907 354 2997 Πρὸς
380 2934 417 2977 το
443 2915 471 2976 Ζ
499 2914 633 2993 μείζονα
659 2906 763 2993 λόγον
791 2912 857 2994 ἔχει
879 2934 911 2996 p.
932 2911 988 2989 60,
1011 2910 1115 2993 5-6]

103 3021 285 3104 σημείωσαι
317 3014 355 3084 τὸ
388 3014 570 3102 λεγόμενον
605 3017 757 3094 διανοίας
784 3011 890 3095 οὕτως
917 3018 1007 3101 ἕχον·
1045 3014 1116 3083 ἐπεὶ

100 3137 313 3155 p...-

171 3182 213 3232 ει.
234 3176 297 3242 vaq
310 3175 410 3245 (ευρ.

144 3281 156 3286 --
172 3323 195 3373 1.
211 3317 286 3371 Fort.
301 3311 363 3372 ἀλλ’
375 3307 427 3372 οὖν
441 3314 544 3378 θέντες
557 3315 603 3370 uel
613 3312 749 3378 τιθέντες.
816 3320 857 3370 17.
873 3313 1099 3387 ονναρπαοθήοῃ

91 3403 189 3511 fflmp.
211 3386 326 3513 ἀνοίξατε
350 3388 370 3442 t.
410 3386 534 3513 1Ιιὶλῖἰεεεε
557 3385 636 3442 uncis
661 3386 694 3458 []
720 3385 844 3442 inclusas
867 3386 929 3456 ipse
954 3385 1053 3440 addidi
1076 3315 1113 3442 πό

57 3478 90 3590 Ι
142 3474 213 3512 unas
232 3473 264 3514 νο
283 3474 336 3515 ιοιε
356 3475 408 3531 exp
422 3474 456 3514 en
478 3475 515 3514 οε.
