2362 3796
117 140 181 204 144
268 141 425 193 SCHOLIA
442 142 481 194 IN
498 140 774 193 ELEMENTORUM
791 140 932 193 LIBRUM
946 141 968 194 L

118 281 200 351 αὑτὸ
238 282 494 369 συμβαλλοὺσας
531 287 645 369 έχουσι
681 293 829 366 σημεῖον.
881 278 1031 366 κορυφαὶ
1067 279 1128 368 γὰρ

117 386 231 456 αὐτῶν
258 387 295 456 τὸ
329 402 483 476 σημεῖον,
514 385 594 454 καθ’
620 383 639 454 ὃ
669 385 894 474 συναγόμεναι
924 388 961 454 έν
985 387 1127 478 ἐπιπέδῳ

116 493 176 575 τάς
197 500 322 582 γωνίας
344 498 511 563 ποιοῦσιν.

185 603 246 670 οὐκ
274 606 339 688 ἔχει
368 599 478 668 πάντα
506 597 547 667 τά
574 597 740 686 κεφάλαια
766 595 804 666 τὸ
832 595 994 685 θεώρημα
1017 602 1128 667 τοῦτο·

82 706 137 796 εὴ
161 708 222 795 μὲν
246 706 311 795 γάρ
336 704 522 793 κατασκευὴ
546 710 665 792 λείπει,
693 702 715 792 ἡ
740 704 778 773 δὲ
801 702 969 785 ἀπόδειξις
991 701 1129 792 ἤρτηται

116 819 177 882 τοῦ
202 814 249 900 ιγ’
272 813 505 902 θεωρήματος,
536 817 654 901 χρῆται
678 811 716 880 δὲ
738 810 900 900 ἀξιώμασι
923 810 1003 879 δυσὶ
1026 816 1074 905 τῷ
1098 810 1129 879 δ’

117 920 157 990 τά
186 925 231 1014 τῷ
262 918 351 1012 αὐτῷ
387 929 444 988 ῖσα
475 920 530 986 καὶ
562 928 607 1011 τῷ
635 918 670 1005 γ’
699 920 758 986 έάν
791 917 829 986 δὲ
860 915 925 985 ἀπὸ
958 926 1046 985 ῖσων
1078 927 1130 986 ῖσα

118 1028 298 1116 ἀφαιρεθῇ.
326 1025 363 1095 τὰ
380 1025 417 1094 δὲ
432 1027 484 1094 έπὶ
498 1027 582 1093 τέλει
596 1029 657 1092 τοῦ
670 1022 888 1112 θεωρήματος
902 1025 938 1090 ἐκ
953 1025 995 1111 δὴ
1010 1024 1130 1093 τούτου

119 1133 270 1219 φανερὸν
298 1132 446 1220 πόρισμα
480 1135 579 1200 ἐστιν.
633 1131 671 1199 τὸ
700 1128 736 1198 δὲ
764 1130 911 1217 πόρισμα
940 1131 977 1197 έν
1005 1156 1037 1198 τι
1063 1135 1129 1200 τῶν

66 1263 100 1311 10
119 1242 350 1327 γεωμετρικῶν
378 1237 555 1325 ὀνομάτων
584 1241 690 1322 ἐστίν,
723 1243 879 1324 σημαίνει
906 1236 945 1304 δέ
970 1236 1130 1323 διάφορα·

119 1348 259 1412 καλοῦσι
277 1343 341 1432 γάρ
365 1350 563 1430 πορίσματα,
586 1344 643 1410 καὶ
661 1341 724 1412 ὅσα
747 1341 950 1432 θεωρήματα
972 1360 1126 1429 συγκατα-

122 1449 337 1532 σκευάζονται
361 1448 444 1537 πρὸς
467 1447 580 1518 ἀλλων
608 1448 797 1536 ἀπόδειξιν,
826 1443 901 1518 οἷον
929 1451 1048 1537 ἕρματα
1074 1448 1131 1516 καὶ

119 1559 221 1644 κέρδη
240 1561 308 1624 τῶν
323 1557 512 1643 ζητούντων
526 1553 732 1644 ὑπάρχοντα,
749 1557 805 1624 καὶ
820 1554 883 1624 ὅσα
901 1562 1041 1643 ζητείτω
1060 1556 1131 1642 μέν,

120 1661 281 1748 εὑρέσεως
314 1661 350 1731 δὲ
385 1662 494 1752 χρῄζει
529 1662 586 1729 καὶ
619 1660 696 1730 οὔτε
727 1664 887 1750 γενέσεως
918 1663 1026 1750 μόνης
1057 1662 1132 1730 οὔτε

68 1792 100 1842 15
119 1775 265 1857 θεωρίας
292 1767 406 1857 ἀπλῆς.
454 1770 507 1839 ἐπὶ
534 1771 597 1856 μὲν
624 1768 688 1856 γάρ
716 1772 784 1837 τῶν
812 1767 1046 1857 θεωρημάτων
1076 1766 1132 1838 ὑπ-

120 1875 294 1962 αρχόντων
322 1875 388 1963 ἤδη
415 1881 484 1945 τῶν
512 1874 715 1962 πραγμάτων
742 1879 915 1961 θεωρῆσαι
937 1871 1048 1962 μόνον
1072 1879 1131 1960 δεῖ,

121 1982 173 2050 ἐπὶ
185 1981 221 2049 δὲ
235 1986 302 2050 των
313 1982 559 2070 προβλημάτων
572 1987 709 2068 ποίησιν
719 1979 853 2049 ἀπαιτεῖ
862 1979 901 2049 τὸ
910 1987 1131 2068 προκείμενον

121 2084 141 2174 ἢ
165 2087 228 2173 τὴν
250 2094 379 2174 γωνίαν
404 2092 480 2176 δίχα
502 2101 613 2175 τεμεῖν
632 2085 653 2173 ἢ
673 2094 840 2174 τρίγωνον
859 2082 1131 2173 συστήσασθαιῆ

121 2192 259 2279 ἀφελεῖν
278 2190 298 2278 ἢ
319 2194 455 2278 θέσθαι,
474 2198 535 2262 τοὺ
554 2193 591 2262 δὲ
611 2194 775 2273 δοθέντος
792 2193 919 2260 κύκλου
937 2193 974 2260 τὸ
993 2194 1132 2283 κέντρον

68 2322 102 2372 20
121 2295 232 2386 εὑρεῖν
259 2294 280 2385 ἀ
310 2298 374 2366 δύο
403 2301 577 2368 δοθέντων
605 2300 802 2386 συμμέτρων
830 2302 984 2385 μεγεθῶν
1012 2296 1050 2367 τὸ
1082 2299 1132 2386 μέ

121 2423 238 2489 γιστον
269 2406 324 2472 καὶ
357 2405 475 2474 κοινὸν
507 2407 629 2492 μέτρον
662 2403 773 2493 εὑρεῖν
804 2405 861 2472 καὶ
898 2402 960 2472 ὅσα
996 2409 1134 2474 τοιαῦτα

122 2509 244 2597 μεταξύ
267 2511 336 2592 πώς
360 2515 428 2580 έστι
451 2514 695 2599 προβλημάτων
716 2512 770 2578 καὶ
789 2513 1034 2598 θεωρημάτων·
1058 2509 1133 2580 οὔτε

121 2613 186 2704 γάρ
209 2620 354 2702 γενέσεις
377 2620 463 2686 εἰσὶν
487 2622 524 2687 έν
549 2604 681 2699 τούτοις
704 2623 773 2686 τῶν
802 2621 1031 2705 ζητουμένων,
1057 2615 1130 2687 ἀλλ’

123 2721 279 2812 εὑρέσεις,
304 2720 381 2793 οὔτε
405 2732 533 2811 θεωρία
556 2726 648 2812 ψιλή.
685 2724 768 2793 ἀλλά
792 2725 866 2811 περὶ
890 2724 953 2812 μὲν
975 2730 1046 2793 τῶν
1069 2750 1132 2793 τοι-

69 2853 103 2904 25
123 2830 233 2899 οὑτων
247 2831 465 2919 πορισμάτων
479 2836 548 2898 ῖδια
564 2833 774 2919 συνέγραψεν
789 2828 806 2898 ὑ
818 2829 1004 2917 Εὐκλείδης
1013 2836 1133 2918 βιβλία.

122 2935 162 3004 τά
186 2936 222 3006 δὲ
246 2941 282 3006 έν
308 2941 347 3026 τῇ
377 2936 579 3025 στοιχειώσει
606 2943 794 3025 πορίσματα
822 2943 1133 3024 συναναφαίνονται

122 3041 184 3130 μὲν
207 3058 279 3124 ταῖς
302 3041 414 3112 ἀλλων
443 3041 669 3129 ἀποδείξεσιν,
702 3040 786 3111 αάτά
815 3041 853 3112 δὲ
881 3044 1134 3132 προηγουμένης

196 3279 219 3327 7.
239 3275 288 3347 τῷ]
305 3274 376 3344 (alt.)
391 3293 417 3343 q,
433 3272 465 3327 τό
479 3273 504 3326 V
519 3275 548 3327 οῖ
561 3273 580 3341 f,
596 3274 644 3328 sed
655 3291 722 3329 corr.
784 3279 826 3328 12.
844 3270 925 3344 πρός]
945 3275 1008 3336 ταῖς
1023 3275 1053 3329 et
1066 3269 1134 3329 ἀπο·

123 3344 245 3409 δείξεσιν
264 3344 380 3400 Proclus
398 3364 425 3414 p.
446 3350 506 3412 σοι,
526 3350 639 3400 εο-ει.
713 3349 754 3398 23.
779 3339 840 3398 ἀμ’
862 3375 895 3384 -
914 3350 958 3399 ει.
977 3340 1063 3417 ψιλή]
1082 3362 1133 3400 om.

122 3412 202 3483 qu3
226 3414 274 3469 cfr.
293 3414 408 3470 Proclue
427 3433 454 3484 p.
474 3421 539 3482 302,
559 3421 663 3470 9-10.
737 3421 779 3470 26.
804 3417 1053 3484 σνναναφαίνεται
1070 3435 1090 3487 q
1108 3415 1135 3471 οῖ

117 3484 237 3541 Ρεοαλαε
251 3504 280 3556 μ.
302 3492 361 3556 302,
383 3490 424 3543 15.
