2362 3796
108 160 174 225 426
258 161 415 214 scflomA
432 162 472 213 IN
489 160 763 213 ELEMENTORUM
780 158 920 211 LIBRUM
932 160 969 213 X.

111 300 130 372 ὁ
153 301 235 384 ῖῶς
256 308 416 391 γραμμαί,
439 303 495 370 καί
518 308 601 371 ἔστω
621 299 639 370 ὁ
658 294 686 369 ἶ)
707 298 728 389 ῆ
748 309 814 370 ΑΒ
835 300 986 388 γραμμή,
1011 296 1032 367 ὁ
1053 299 1131 387 δὲῆ

108 407 223 497 ῆΓΔ,
247 408 265 479 ὁ
286 411 323 480 δὲ
341 414 359 472 ῐ
377 407 398 496 ῆ
418 417 491 495 ΕΖ,
515 405 534 477 ὁ
554 406 669 495 δδγῆ
688 414 764 475 ΗΘ.
801 411 833 474 εί
850 398 914 475 οὖν
932 406 1053 495 ἔροιτό
1071 432 1129 494 τις,

111 519 217 585 πόσον
241 517 309 586 ἐστὶ
336 514 374 585 τὸ
398 513 519 604 μεταξὺ
547 514 714 600 διάστημα
741 517 811 583 τῶν
834 522 881 599 Α,
904 520 934 581 Β
962 519 1128 601 σημείων,

109 622 171 691 οὐκ
191 620 234 691 άν
249 629 381 710 ἔχοιμεν
396 624 518 707 λέγειν,
538 625 568 689 εί
586 621 618 688 δ’
636 626 757 709 ἔροιτο,
774 619 890 688 πόσων
909 619 984 688 ἐστὶ
998 626 1128 708 πηχῶν,

74 727 240 816 σάνάγκη
268 733 401 815 αίτῆσαι
428 726 516 816 ῆμάς
542 726 627 816 πρὸς
652 725 713 795 τδν
740 729 916 814 ἐρωτῶντα
944 728 1077 813 μέτρον
1098 754 1127 797 τι

110 833 307 924 ὡρισμένον.
366 841 449 904 ἔστω
482 834 541 921 δῆ,
578 832 631 903 ὅτι
663 836 808 903 δέδωκεν
839 830 921 921 ἡμῖν
953 832 1021 902 τὸν
1054 839 1128 923 τρία

109 940 271 1029 ἀριθμόν,
291 940 328 1021 ὃς
345 939 518 1010 ὑπόκειται
536 939 623 1009 εἶναι
642 940 746 1027 ῆΗΘ
763 938 907 1028 γραμμή.
944 944 1035 1009 ἔστω
1056 932 1127 1028 οὖν,

110 1046 160 1116 ὅτι
184 1050 330 1117 δέδωκεν
352 1045 434 1135 ἡμῖν
456 1047 519 1135 τῆν
542 1054 611 1116 ΗΘ
633 1046 789 1135 γραμμὴν
812 1044 858 1127 ὥς
879 1051 1003 1133 πῆχυν.
1042 1044 1126 1134 αὕτη

109 1147 173 1222 οὖν
202 1153 360 1241 δηλονότι
387 1153 471 1241 ῥητά
496 1155 580 1222 ἐστι·
618 1144 700 1241 ῥητῆ
728 1152 793 1240 γάρ
822 1156 928 1238 ἐστιν,
962 1151 1011 1233 ὥς
1040 1179 1127 1234 τινες

58 1279 91 1328 10
111 1256 285 1347 ὁρίζονται,
304 1258 325 1347 ῆ
341 1257 386 1328 δι’
403 1257 561 1348 ἀριθμῶν
575 1265 737 1348 γνωρίμη.
765 1260 835 1328 ἐπεὶ
853 1256 891 1327 δὲ
904 1258 961 1327 καὶ
978 1254 998 1327 ὅ
1018 1264 1127 1349 πῆχυς

109 1364 165 1433 διὰ
198 1371 257 1451 τῆς
288 1366 438 1454 μονάδος
469 1372 675 1452 γνωρίζεται·
711 1365 836 1453 μονάδι
867 1365 932 1452 γὰρ
960 1362 1128 1454 ἀναλογεῖ

108 1468 191 1558 πρὸς
222 1469 261 1540 τὸ
288 1473 481 1559 πεντάπηχυ
512 1472 568 1539 καὶ
596 1471 765 1558 δεκάπηχυ
796 1472 853 1539 καὶ
878 1484 950 1551 τοῖς
978 1469 1125 1561 ὁμοίοις·

109 1573 224 1658 ὁσάκις
241 1575 304 1663 γὰρ
321 1574 342 1663 ἡ
362 1574 468 1664 μονὰς
485 1603 548 1646 τον
566 1580 674 1662 πέντε,
692 1578 891 1659 τοσαυτάκις
908 1580 966 1647 καὶ
981 1577 1001 1649 ὁ
1015 1585 1126 1671 πῆχυς

107 1682 146 1751 τὸ
170 1683 363 1771 πεντάπηχυ
386 1698 509 1771 μετρεῖ·
538 1685 607 1753 ἐπεὶ
631 1677 695 1753 οὖν
719 1684 802 1771 ῥητή
822 1688 911 1754 ἐστιν
930 1682 952 1773 ῆ
972 1693 1126 1775 πηχυαίτ

56 1807 90 1857 115
108 1786 221 1876 ῆΗΘ,
240 1789 323 1877 ῥητή
343 1793 411 1860 ἐστι
430 1791 486 1859 καὶ
504 1789 525 1878 ῆ
546 1800 611 1859 ΑΒ
635 1791 655 1877 ἡ
674 1797 834 1878 τρίπηχυς
857 1791 913 1859 καί
933 1791 1128 1885 σύμμετρος

109 1896 205 1983 μῆκει
227 1901 267 1984 τῆ
291 1903 491 1986 προτεθείσῃ
518 1903 666 1987 πηχυαίᾳ
692 1901 732 1986 τῆ
757 1904 837 1966 ΗΘ·
875 1894 892 1965 ὁ
921 1895 987 1983 γὰρ
1016 1906 1127 1988 πῆχυς

108 2002 162 2070 καὶ
191 2005 311 2073 ἑαυτὸν
339 2017 451 2090 μετρεῖ
475 2002 531 2071 καὶ
558 2001 596 2072 τὸ
624 2009 775 2090 τρίπηχυ.
817 2001 837 2090 ῆ
867 2003 930 2091 μὲν
953 1997 1021 2073 οὖν
1046 2016 1126 2093 ΑΒ,

109 2106 154 2189 ὡς
177 2118 319 2196 εἴρηται,
346 2110 402 2177 καὶ
431 2108 513 2197 ῥητὴ
540 2109 596 2176 καὶ
620 2108 806 2196 σύμμετρός
829 2112 897 2179 ἐστι
923 2120 964 2199 τῇ
988 2119 1079 2200 ΗΘ,
1105 2111 1125 2201 ῆ

109 2214 146 2282 δὲ
169 2222 246 2300 ΓΛ,
274 2213 347 2301 ῆτις
375 2223 524 2303 είίηπται
552 2212 627 2283 άντὶ
654 2221 716 2283 τοῦ
743 2228 766 2303 ῆ
793 2214 959 2304 ἀριθμοῦ,
989 2216 1125 2307 ἄλογος.

55 2335 89 2386 20
108 2321 164 2387 καὶ
187 2325 286 2388 τοῦτο
311 2324 416 2406 δῆλον
440 2313 519 2390 ὦδε·
548 2321 661 2408 ἐπειδὴ
685 2321 750 2412 γὰρ
775 2319 793 2391 ὁ
816 2328 892 2411 τρία
910 2320 1062 2412 άρνδμὸς
1081 2322 1126 2407 ὥς

107 2429 212 2512 πῆχυς
241 2433 390 2511 είίῖηπται
422 2427 478 2492 καὶ
507 2426 564 2494 διὰ
591 2431 690 2496 τοῦτο
722 2430 778 2497 καὶ
806 2422 877 2497 δδ
904 2426 950 2511 ὡς
975 2436 1125 2521 τρίπηχυ

107 2533 264 2618 μέγεθος,
292 2542 355 2599 τοῦ
378 2532 440 2617 μὲν
462 2545 484 2618 η
508 2536 545 2600 αί
565 2539 586 2604 ξ
608 2534 754 2620 μονάδες
779 2540 913 2604 ἔσονται
936 2533 982 2617 οἱς
1005 2538 1124 2626 πῆχεις

108 2640 186 2724 δύο,
216 2643 470 2707 καταλείπονται
494 2639 532 2707 δὲ
555 2643 592 2707 αί
614 2640 677 2708 δύο
701 2641 854 2727 μονάδες.
896 2639 981 2710 ὥστε
1004 2646 1122 2733 ἐπειδὴ

107 2745 189 2833 ῥητή
214 2748 314 2830 ἐστιν,
340 2745 384 2825 ὡς
403 2754 541 2832 εἴρηται,
565 2743 585 2833 ῆ
606 2745 651 2814 δι’
673 2745 831 2834 άριθμῶν
849 2754 1015 2839 γνωρίμη,
1038 2748 1061 2838 ῆ
1086 2752 1123 2821 δὲ

54 2874 88 2922 νο
108 2858 170 2919 ΓΛ
193 2854 269 2921 οὔτε
293 2853 345 2932 δὶς
368 2866 532 2941 μετρεῖται
554 2851 630 2921 οὔτε
648 2859 730 2940 τρίς,
753 2852 828 2921 ἀλλ’
850 2852 925 2923 οὐδ’
941 2853 1035 2938 ’ἅπαξ
1054 2857 1122 2928 ὑπὸ

106 2963 166 3028 τοῦ
190 2960 333 3047 πήχεως,
371 2955 408 3039 δς
439 2959 610 3049 πρόκειται
640 2958 685 3040 ὡς
713 2960 795 3048 ρητῆ
823 2987 873 3042 τις
903 2962 959 3029 καὶ
990 2963 1123 3050 κανιάν,

107 3062 229 3151 άλογός
253 3067 343 3134 ἐστιν
366 3063 387 3152 ῆ
407 3073 477 3134 ΓΛ.
513 3064 598 3134 άλίδι
620 3072 655 3134 τί
675 3068 776 3150 ἐστιν,
799 3064 879 3154 ὅπερ
903 3077 1044 3155 εἴρηται,
1070 3069 1123 3140 ὅτι

107 3168 291 3258 άναγκαῐόν
325 3175 414 3239 ἐστιν
451 3171 538 3259 ἡμᾶς
574 3175 706 3259 αἰτῆσαι
738 3171 940 3259 πηλικότητα
971 3174 1123 3263 πῆχεωςς

72 3337 75 3344 .
106 3277 160 3344 καὶ
185 3277 241 3345 διὰ
260 3284 295 3344 τί
311 3277 373 3345 οὐκ
392 3287 520 3365 εἴρηται
539 3275 725 3366 ἀναγκαῖόν
744 3281 834 3348 ἐστιν
849 3282 983 3367 αίτῆσαι
996 3286 1126 3371 πῆχυν,

62 3548 66 3557 .
168 3514 191 3562 2,
213 3504 232 3581 ἦ
254 3507 321 3584 ΓΔ]
343 3513 394 3566 ΓΔ
415 3529 441 3582 q.
