2362 3796
323 167 504 218 ΑΡΡοοοΙΧ
523 166 759 219 senonem
771 170 793 220 1.
1002 161 1068 228 689

53 310 120 378 είσὶ
144 307 182 376 δὲ
204 307 260 375 καὶ
282 305 491 394 παράλληλοι
508 302 530 392 ή
545 312 612 373 ΘΚ
629 311 668 394 τή
684 313 764 373 ΗΖ·
788 309 826 373 αλ
842 305 907 393 γάρ
926 309 966 393 πή
983 303 1068 392 αὐτή

55 412 263 504 παράλληλοι
285 414 342 481 καλ
364 410 522 498 ἀλλήλαις
544 412 610 480 είσὶ
633 412 850 499 παράλληλοι.
891 409 1013 499 ὁμοίως
1032 410 1069 479 δὲ

55 521 112 588 καὶ
139 518 180 588 τά
207 520 308 588 λοιπὰ
337 518 560 606 δειχθήσεται.
609 515 660 586 ὅτι
688 517 749 605 μὲν
777 510 840 587 οὖν
869 518 1069 605 ίσόπλευρόν

55 653 91 695 τε
117 626 175 694 καί
203 625 553 713 παραλληλόγραμμον
580 623 618 692 τὸ
642 631 788 692 ΘΚΖΗ
813 623 1068 713 τετράπλευρον,

57 736 176 819 δήλου·
208 730 258 800 ὅτι
282 731 319 799 δὲ
341 733 397 800 καὶ
421 730 615 818 ἰσογώνιον,
639 731 790 818 φανερὸν
813 728 963 799 ἀπὸτοῦ
987 728 1070 817 ὅρου
1107 755 1124 802 ο

55 842 118 906 τοῦ
142 838 199 907 ια’·
237 838 396 906 ἐπιπέδου
418 836 499 924 γάρ,
528 843 648 924 φησίν,
676 835 760 925 πρὸς
783 840 941 906 ἐπίπεδον
964 841 1071 915 κλίσις

57 944 149 1012 ἐστὶν
177 941 198 1031 ή
226 944 442 1033 περιεχομένη
470 940 536 1011 ὑπὸ
563 947 632 1012 τών
660 941 743 1031 πρὸς
770 941 880 1031 ὀρθὰς
907 953 948 1031 τῇ
973 945 1070 1030 κοινή

56 1053 143 1137 τομή
167 1048 341 1137 ἀγομένων
365 1048 448 1137 πρὸς
465 1052 511 1140 τῷ
530 1045 621 1141 αὐτῷ
641 1055 766 1141 σημείῳ
786 1052 822 1118 ἐν
841 1049 984 1140 ἑκατέρῳ
1002 1051 1070 1115 τών

58 1155 233 1253 ἐπιπέδου.
271 1160 302 1223 εί
323 1155 385 1242 μὲν
409 1147 473 1224 οὖν
495 1154 606 1242 ὀρθὸν
629 1153 717 1224 εἶναι
740 1155 841 1243 φήσει
863 1183 914 1235 τις
930 1153 1015 1242 πρὸς
1033 1154 1070 1223 τὸ

58 1258 281 1348 ὑποκείμενου
303 1268 470 1351 τρίγωνον
492 1258 530 1330 τὸ
554 1270 623 1331 ΘΚ
627 1270 693 1331 ZE
700 1263 927 1350 ιίσόπλευρον,
953 1267 1071 1349 ἔχομεν
1092 1285 1126 1336 10

58 1365 97 1435 τὸ
121 1367 338 1455 ζητούμενον·
362 1372 393 1436 εί
415 1368 454 1436 δὲ
475 1369 681 1455 κεκλιμένον,
706 1366 725 1437 δ
749 1373 834 1456 δήια
856 1368 912 1437 καὶ
935 1367 1071 1455 άληδές,

59 1471 125 1541 άπὸ
148 1477 210 1542 Ιτοῦ
234 1471 465 1563 ὅρου’δήλον·’
487 1471 509 1560 ή
532 1473 598 1562 γὰρ
620 1478 660 1563 πή
683 1486 780 1564 κοινή
803 1479 888 1564 τομή
912 1486 981 1543 τών
1005 1477 1072 1542 ἐπι-

58 1581 169 1648 πέδων
188 1577 255 1649 άπὸ
274 1585 335 1649 τοῦ
354 1584 512 1649 τοιούτου
531 1582 689 1666 ἐπιπέδου
704 1582 761 1649 καλ
774 1585 837 1650 τοῦ
850 1580 1072 1668 ὑποκειμένου

58 1686 228 1774 τριγώνου
252 1684 361 1776 ὀρθάς
383 1686 517 1773 ποιήσει
539 1692 664 1773 γωνίας
687 1686 756 1774 μετ’
779 1686 889 1776 αὐτῆς.

127 1796 157 1860 3.
198 1791 367 1880 Φανερόν,
401 1791 451 1860 ὅτι
478 1794 535 1860 καὶ
562 1791 778 1881 ὀρθογώνιον
806 1820 837 1880 p.
863 1798 923 1881 42,
948 1798 1002 1877 18]
1038 1797 1075 1861 αλ
1092 1813 1127 1864 1ο

59 1894 126 1984 γάρ
150 1903 242 1983 ΚΜ,
267 1905 342 1965 ΛΝ
366 1898 539 1986 διάμετροι
562 1907 631 1966 ίσαι
654 1895 826 1985 άλλήλαις·
863 1896 973 1988 ήγδιρ
997 1906 1079 1967 ΚΜ

60 2002 272 2090 παράλληλος
296 1995 383 2071 οὖσα
407 2008 448 2093 τῇ
468 2011 540 2070 ΟΠ
559 2011 614 2090 ἴση
638 2004 730 2072 ἐστὶν
754 2001 838 2093 αὐτῇ
862 2002 918 2073 διὰ
940 2005 979 2074 τὸ
1000 2013 1074 2086 ίσας

61 2109 288 2196 ἐπιζευγνώειυ
311 2108 623 2199 καλλπαραλλήλους
644 2107 703 2190 τάς
726 2117 761 2178 Κ
766 2118 805 2197 0,
828 2118 917 2180 ΠΜ.
955 2112 1010 2179 διά
1032 2111 1073 2179 τὰ

60 2213 146 2284 αὐτὰ
173 2216 229 2284 καὶ
256 2215 277 2301 ή
306 2204 384 2284 ΛΝ
410 2223 465 2301 ἴση
493 2219 533 2303 πή
557 2218 627 2291 ΞΟ.
673 2225 744 2283 ἴσαι
771 2214 809 2284 δὲ
832 2219 869 2282 αί
889 2219 967 2303 ΞΟ,
993 2224 1073 2284 ΟΠ·

59 2324 272 2408 τετραγώνου
294 2318 359 2406 γάρ
382 2326 535 2410 πλευραί.
576 2321 633 2388 καί
657 2323 694 2388 αλ
710 2328 798 2408 KM,
817 2329 889 2391 AN
910 2320 977 2412 άρα
995 2331 1073 2391 λ’σαι.
1092 2347 1139 2397 20v

61 2427 125 2495 δύο
149 2426 216 2514 ἄρα
239 2429 277 2493 αί
297 2432 376 2512 ΚΑ,
401 2434 482 2496 ΛΜ
500 2436 569 2495 ίσαι
592 2428 657 2496 είσλ
681 2428 759 2496 δυσὶ
781 2441 853 2508 ταῖς
876 2435 962 2516 ΛΜ,
983 2437 1073 2516 ΜΝ,

61 2533 118 2601 καί
139 2532 237 2618 βάσις
259 2529 280 2620 ή
305 2540 381 2601 ΛΝ
399 2534 494 2618 βάσει
516 2537 557 2623 πή
580 2539 662 2602 ΚΜ
679 2543 750 2621 ἴση,
780 2535 837 2602 καὶ
859 2531 880 2621 ή
903 2541 1010 2621 γωνία
1033 2539 1073 2624 πή

62 2645 180 2730 γωνίᾳ,
202 2640 258 2707 καὶ
280 2638 321 2707 τά
345 2643 444 2707 λοιπὰ
469 2644 565 2727 δ’ήλα.

129 2748 159 2811 4.
183 2741 255 2811 Ὅτι
269 2744 376 2812 δὲκαὶ
391 2747 532 2813 ἕκαστον
545 2749 614 2812 τών
627 2757 688 2813 τοῦ
703 2743 886 2832 ὀκταέδρου
899 2747 1073 2835 τριγώνων

63 2855 140 2916 ἴσον
155 2851 234 2950 ἐστί,
250 2854 356 2937 δήλου
370 2853 543 2919 ἐντεῦθεν·
566 2852 750 2940 περιέχεται
760 2850 824 2939 γὰρ
838 2852 875 2920 τὸ
892 2851 1074 2940 ὀκτάεδρον
1092 2877 1141 2930 κο,

62 2950 128 3021 ὑπὸ
153 2959 174 3022 δ
196 2955 414 3043 τετραγώνων
437 2961 505 3024 τών
529 2962 683 3044 AKEH,
708 2961 856 3044 ΗΘΚΞ,
880 2967 1028 3045 ΖΚΛΕ,
1052 2956 1073 3028 ἃ

135 3173 160 3222 3.
179 3167 226 3223 V¹.
298 3175 324 3222 4.
343 3168 382 3223 V²
401 3168 449 3239 (οά
466 3187 495 3238 p.
513 3176 557 3239 44,
578 3171 612 3238 1),
632 3170 682 3226 sed
700 3171 754 3225 del.

135 3369 159 3418 4.
182 3363 404 3435 τετράπλευρον]
422 3362 489 3418 hinc
507 3365 600 3419 totum
618 3365 672 3421 hoc
692 3365 831 3422 scholium
850 3367 905 3421 del.
924 3367 957 3422 V.
1031 3373 1073 3421 21.

58 3428 133 3504 ἄρα]
154 3433 201 3488 uel
220 3424 272 3488 οὖν
291 3433 439 3489 obscurum
458 3434 491 3491 V.
581 3437 659 3508 ΛΜ]
678 3437 778 3508 (prinas
796 3453 815 3492 ο
832 3437 966 3492 emm.
1040 3440 1096 3480 ³1&-

62 3503 188 3559 Litterae
207 3507 355 3574 corruptae
374 3506 447 3561 sunt.

110 3600 260 3655 Eucliden,
273 3603 324 3646 odd.
338 3604 444 3659 Heiberg
459 3610 485 3652 et
498 3608 595 3663 Mense.
617 3611 654 3653 V.
928 3589 973 3638 ΒΑ
