2362 3796
338 167 521 221 APPEm
540 168 776 220 εοΗοΙαοειυΜ
791 170 813 219 1.
1019 164 1083 229 691

137 315 168 380 9.
198 309 305 389 Ὅπως
329 308 366 377 δὲ
389 309 445 376 καὶ
467 306 504 376 τὸ
528 306 615 387 ὕψος
634 316 708 375 ἰσον
728 312 820 374 ἐσται
837 318 877 394 τῇ
896 310 957 374 τοῦ
974 330 1086 390 τετρα-

70 418 185 505 γώνου
207 420 346 506 πλευρᾷ,
371 417 524 502 δείξομεν
547 412 667 492 οὕτως·
700 410 950 501 ἀναγεγράφθω
975 411 1087 495 τετρά-

72 551 184 610 γωνον
213 521 279 591 άπὸ
308 526 388 608 μιάς
415 525 484 589 τών
508 520 698 606 διηγμένων
725 516 815 602 παρὰ
840 523 920 604 μίαν
943 517 1086 603 ἑκάστην

71 634 139 698 τών
163 629 295 715 βάσεων
317 631 387 696 τών
413 626 606 715 τριγώνων,
633 625 690 692 καὶ
720 623 1020 711 συμπεπληρώσθω
1048 623 1087 693 τὸ

72 735 292 822 τετράγωνον.
344 743 413 801 ἰσαι
441 731 509 821 άρα
535 736 648 800 πάσαι.
699 734 736 797 αἰ
764 735 881 798 τοίνυν
911 731 1087 816 διηγμένων
1124 751 1141 801 5

73 840 163 930 παρά
191 840 252 927 τὴν
281 839 402 926 κοινὴν
429 840 529 925 βάσιν
560 843 629 907 τών
662 836 714 923 ἐφ’
747 835 886 923 ἑκάτερα
912 835 1087 923 τριγώνων

74 956 144 1015 ἰσαι
164 939 263 1015 οὖσαι
275 946 366 1034 πρὸς
383 945 447 1033 τὴν
467 948 647 1033 εἰρημένην
660 945 780 1031 κοινὴν
794 942 896 1029 βάσιν
910 944 970 1011 τὸν
984 940 1087 1011 αὐτὸν

74 1056 186 1135 ἕξουσι
214 1052 331 1139 λόγον·
368 1051 408 1119 τὰ
437 1052 502 1138 γὰρ
532 1060 587 1118 ἰσα
615 1050 699 1139 πρὸς
725 1049 763 1118 τὸ
788 1047 870 1118 αὐτὸ
898 1047 958 1117 τὸν
982 1045 1088 1117 αὐτὸν

75 1162 139 1240 ἕξει
153 1159 268 1243 λόγον.
306 1156 391 1225 ἀλλὰ
407 1155 447 1225 όν
467 1157 569 1244 λόγον
589 1161 725 1244 ἐχουσιν
744 1147 841 1224 αὗται
860 1155 975 1241 βάσεις
989 1147 1088 1223 οὖσαι

74 1275 144 1333 τών
169 1264 355 1332 ἐλαττόνων
377 1264 554 1352 τριγώνων
577 1261 661 1349 πρὸς
678 1262 740 1350 τὴν
758 1261 878 1349 κοινὴν
896 1262 996 1348 βάσιν
1015 1258 1087 1330 ἓκα·
1107 1284 1141 1334 10

74 1373 174 1457 τέρου
196 1374 264 1439 τών
287 1368 464 1456 μειζόνων,
492 1371 581 1439 οὕτω
603 1371 660 1438 καὶ
683 1372 720 1437 αἰ
741 1371 881 1456 πλευραὶ
904 1373 973 1437 τών
997 1371 1088 1436 ἐλατ-

74 1479 183 1546 τόνων
221 1476 395 1566 τριγώνων
431 1475 514 1566 πρὸς
546 1476 606 1556 τὰς
637 1481 706 1545 τών
738 1475 902 1564 μειζόνων
934 1473 991 1542 διά
1025 1472 1087 1561 τὴν

74 1581 261 1671 ὁμοιότητα.
307 1580 380 1652 ἀλλ’
408 1587 446 1650 αἰ
466 1587 535 1651 τών
559 1583 720 1668 μειζόνων
747 1581 923 1669 τριγώνων
946 1582 1087 1669 πλευραὶ

74 1699 152 1758 ἰσαι.
194 1688 278 1758 ὥστε
301 1691 358 1757 καί
382 1692 419 1755 αἰ
439 1691 508 1756 τών
532 1687 719 1756 ἐλαττόνων
743 1696 820 1756 ἰσαι.
863 1687 947 1756 ώστε
969 1686 1086 1756 καὶτὰ

74 1797 283 1884 ἐγγραφέντα
300 1793 492 1880 τετράγωνα
512 1802 588 1862 ἴσον
606 1792 770 1880 ἀπέχοντα
788 1799 849 1861 τοῦ
863 1792 1086 1880 τετραγώνου,
1107 1814 1140 1864 15

74 1901 134 1988 ἀφ’
157 1894 199 1971 οὗ
221 1900 259 1969 τὸ
284 1897 469 1989 ὀκτάεδρον
492 1899 733 1986 άναγράφεται,
758 1909 815 1967 ἴσα
837 1904 935 1967 ἔσται.

143 2013 194 2076 10.
222 2012 283 2088 Εἰς
302 2006 407 2075 δοθὲν
427 2005 646 2092 εἰκοσάεδρον
665 2003 898 2091 δωδεκάεδρον
913 2005 1087 2092 ἐγγράψαι.

140 2117 281 2198 κέντρον
309 2114 397 2198 λέγει
423 2116 492 2180 τών
519 2110 654 2179 κόκλων
680 2115 748 2178 τών
776 2111 851 2200 περὶ
877 2110 918 2179 τά
941 2118 1088 2200 τρίγωνα

62 2221 314 2306 ,γεγραμμένων
346 2219 386 2287 τά
419 2216 484 2286 άπὸ
513 2221 589 2304 μιάς
618 2217 756 2304 ἑκάστης
782 2223 843 2285 τοῦ
870 2219 1088 2304 πενταγώνου

75 2329 220 2408 πλευράς
243 2324 476 2393 ἀνασταθέντα
499 2324 555 2390 καὶ
575 2327 882 2411 συγκορνφωθέντα
900 2323 984 2414 πρὸς
1001 2323 1039 2394 τὸ
1059 2332 1087 2392 Ζ
1106 2347 1141 2397 20

77 2442 224 2516 σημεῖον.
275 2433 531 2516 ἐπιζευχθεισῶν
565 2422 628 2498 οὖν
654 2433 722 2497 τών
751 2428 815 2498 άπὸ
843 2434 911 2498 τών
937 2432 1087 2521 κέντρων

75 2538 144 2604 τών
176 2539 361 2626 εἰρημένων
391 2536 567 2624 τριγώνων
602 2541 731 2621 γίνεται
767 2536 983 2623 πεντάγωνον
1021 2541 1088 2608 ἰσό-

75 2652 231 2728 πλευρον.
267 2641 327 2710 ἐὰν
351 2633 414 2710 οὖν
437 2638 499 2728 άφ’
521 2640 660 2728 ἑκάστης
681 2645 749 2710 τών
768 2645 922 2729 πλευρών
940 2648 1001 2711 τοῦ
1019 2641 1085 2712 άπδ

74 2753 134 2834 τῆς
157 2748 346 2831 ἐπιζεύξεως
367 2752 435 2815 τών
459 2750 495 2815 ἐκ
517 2751 585 2815 τών
605 2747 754 2834 κέντρων
774 2747 953 2833 γεγονότος
970 2772 1087 2815 πεντα-

74 2854 190 2941 γώνου
226 2852 458 2922 άνασταδώσι
477 2859 623 2938 τρίγωνα
660 2853 971 2940 συγκορυφωδέντα
1004 2851 1087 2940 πρὸς
1105 2879 1140 2928 25

73 2959 112 3029 τὸ
137 2969 179 3046 Ζ,
207 2960 329 3047 ἑκάστη
352 2969 421 3029 τών
443 2958 528 3046 πρὸς
550 2962 596 3051 τώ
621 2967 648 3026 Ζ
675 2963 810 3046 γωνιῶν
833 2959 1087 3028 τῶντοιούτων

146 3182 171 3233 9.
190 3175 229 3229 V’
248 3175 293 3244 (ad
308 3194 336 3245 p.
351 3179 395 3244 46,
409 3176 444 3244 8).
519 3179 560 3229 10.
580 3172 619 3227 V'
638 3173 686 3244 (ad
703 3191 730 3242 p.
744 3177 788 3240 46,
809 3175 912 3242 12sq.).

72 3306 287 3320 ‚nu——

147 3381 172 3429 2.
191 3370 381 3443 τετράγωνον]
401 3386 486 3440 supra
499 3385 549 3424 sor.
560 3368 594 3423 V.
650 3374 674 3424 5.
693 3367 765 3439 ἴσαι]
782 3383 851 3425 corr.
862 3385 896 3424 ex
910 3368 954 3438 ἴση
969 3369 1003 3424 V.
1059 3376 1090 3422 ε.

74 3444 88 3504 ἐ
116 3443 124 3464 ’
160 3462 263 3501 ecorr.
283 3445 317 3500 V.
405 3447 457 3498 10.·
471 3435 627 3495 ἐλαττόνων
665 3455 736 3494 eon.
756 3456 794 3495 ex
813 3439 985 3510 μικρωυἺ,
1055 3441 1113 3482 Ἃ.

75 3538 129 3575 ουν
161 3517 263 3586 postea
281 3514 344 3571 add.
365 3512 397 3571 V.
472 3508 975 3646 211.ymnnvows'ffffse&zmm
