<?xml version="1.0" encoding="UTF-8"?>
<!DOCTYPE html PUBLIC "-//W3C//DTD XHTML 1.0 Transitional//EN"
    "http://www.w3.org/TR/xhtml1/DTD/xhtml1-transitional.dtd">
<html xmlns="http://www.w3.org/1999/xhtml" xml:lang="en" lang="en">
 <head>
  <title>
</title>
<meta http-equiv="Content-Type" content="text/html;charset=utf-8" />
  <meta name='ocr-system' content='tesseract 3.04.00' />
  <meta name='ocr-capabilities' content='ocr_page ocr_carea ocr_par ocr_line ocrx_word'/>
</head>
<body>
  <div class='ocr_page' id='page_1' title='image "./euclidisoperaom02unkngoog_0843.png"; bbox 0 0 2362 3796; ppageno 0'>
   <div class='ocr_carea' id='block_1_1' title="bbox 120 166 879 232">
    <p class='ocr_par' dir='ltr' id='par_1_1' title="bbox 120 166 879 232">
     <span class='ocr_line' id='line_1_1' title="bbox 120 166 879 232; baseline -0.018 1"><span class='ocrx_word' id='word_1_1' title='bbox 120 167 184 232; x_wconf 79' lang='lat'><strong><em>726</em></strong></span> <span class='ocrx_word' id='word_1_2' title='bbox 372 169 555 220; x_wconf 71' lang='grc' dir='ltr'><strong><em>ΑΡΡΕΝοΙΧ</em></strong></span> <span class='ocrx_word' id='word_1_3' title='bbox 574 166 811 219; x_wconf 72' lang='grc' dir='ltr'><strong><em>εοΗοιιοιιοκ</em></strong></span> <span class='ocrx_word' id='word_1_4' title='bbox 831 166 879 219; x_wconf 76' lang='lat' dir='ltr'><strong><em>w,</em></strong></span> 
     </span>
    </p>
   </div>
   <div class='ocr_carea' id='block_1_2' title="bbox 68 305 1171 3266">
    <p class='ocr_par' dir='ltr' id='par_1_2' title="bbox 68 305 1171 3266">
     <span class='ocr_line' id='line_1_2' title="bbox 118 305 1135 397; baseline -0.007 -19"><span class='ocrx_word' id='word_1_5' title='bbox 118 308 278 397; x_wconf 75' lang='grc' dir='ltr'><em>ἀριθμῶν</em></span> <span class='ocrx_word' id='word_1_6' title='bbox 306 311 462 387; x_wconf 80' lang='grc' dir='ltr'><strong><em>ἐπίπεδος</em></strong></span> <span class='ocrx_word' id='word_1_7' title='bbox 488 305 634 397; x_wconf 88' lang='grc' dir='ltr'><strong><em>άριθμὸς</em></strong></span> <span class='ocrx_word' id='word_1_8' title='bbox 660 314 733 386; x_wconf 76' lang='grc' dir='ltr'><strong><em>ἶσος</em></strong></span> <span class='ocrx_word' id='word_1_9' title='bbox 760 306 830 375; x_wconf 78' lang='grc' dir='ltr'><strong><em>ἐστὶ</em></strong></span> <span class='ocrx_word' id='word_1_10' title='bbox 857 319 929 385; x_wconf 86' lang='grc' dir='ltr'><strong><em>τοῖς</em></strong></span> <span class='ocrx_word' id='word_1_11' title='bbox 957 309 995 372; x_wconf 77' lang='grc' dir='ltr'><strong><em>ἔκ</em></strong></span> <span class='ocrx_word' id='word_1_12' title='bbox 1018 331 1054 373; x_wconf 91' lang='grc' dir='ltr'><strong><em>τε</em></strong></span> <span class='ocrx_word' id='word_1_13' title='bbox 1075 309 1135 373; x_wconf 82' lang='grc' dir='ltr'><strong><em>τοῦ</em></strong></span> 
     </span>
     <span class='ocr_line' id='line_1_3' title="bbox 118 413 1137 501; baseline -0.006 -17"><span class='ocrx_word' id='word_1_14' title='bbox 118 414 314 498; x_wconf 77' lang='grc' dir='ltr'><strong><em>ἀδιαιρέτου</em></strong></span> <span class='ocrx_word' id='word_1_15' title='bbox 340 415 397 483; x_wconf 80' lang='grc' dir='ltr'><strong><em>καὶ</em></strong></span> <span class='ocrx_word' id='word_1_16' title='bbox 424 413 566 482; x_wconf 75' lang='grc' dir='ltr'><em>ἑκάστου</em></span> <span class='ocrx_word' id='word_1_17' title='bbox 592 417 661 482; x_wconf 81' lang='grc' dir='ltr'><strong><em>τῶν</em></strong></span> <span class='ocrx_word' id='word_1_18' title='bbox 685 416 796 501; x_wconf 77' lang='grc' dir='ltr'><strong><em>μερῶν</em></strong></span> <span class='ocrx_word' id='word_1_19' title='bbox 819 416 880 480; x_wconf 83' lang='grc' dir='ltr'><strong><em>τοῦ</em></strong></span> <span class='ocrx_word' id='word_1_20' title='bbox 905 413 1137 498; x_wconf 80' lang='grc' dir='ltr'><strong><em>διαιρεθέντος</em></strong></span> 
     </span>
     <span class='ocr_line' id='line_1_4' title="bbox 118 521 512 608; baseline 0 -19"><span class='ocrx_word' id='word_1_21' title='bbox 118 523 312 608; x_wconf 79' lang='grc' dir='ltr'><strong><em>γινομένοις</em></strong></span> <span class='ocrx_word' id='word_1_22' title='bbox 334 521 512 600; x_wconf 79' lang='grc' dir='ltr'><strong><em>ἐπιπέδοις.</em></strong></span> 
     </span>
     <span class='ocr_line' id='line_1_5' title="bbox 187 623 1137 714; baseline -0.003 -20"><span class='ocrx_word' id='word_1_23' title='bbox 187 632 336 695; x_wconf 77' lang='grc' dir='ltr'><strong><em>ἔστωσαν</em></strong></span> <span class='ocrx_word' id='word_1_24' title='bbox 360 626 424 695; x_wconf 87' lang='grc' dir='ltr'><strong><em>δύο</em></strong></span> <span class='ocrx_word' id='word_1_25' title='bbox 447 623 587 714; x_wconf 78' lang='grc' dir='ltr'><strong><em>άριθμοὶ</em></strong></span> <span class='ocrx_word' id='word_1_26' title='bbox 608 628 644 694; x_wconf 78' lang='grc' dir='ltr'><strong><em>οἱ</em></strong></span> <span class='ocrx_word' id='word_1_27' title='bbox 660 630 714 711; x_wconf 87' lang='grc' dir='ltr'><strong><em>αβ,</em></strong></span> <span class='ocrx_word' id='word_1_28' title='bbox 729 651 761 710; x_wconf 83' lang='lat' dir='ltr'><strong><em>y,</em></strong></span> <span class='ocrx_word' id='word_1_29' title='bbox 785 625 841 692; x_wconf 85' lang='grc' dir='ltr'><strong><em>καὶ</em></strong></span> <span class='ocrx_word' id='word_1_30' title='bbox 860 623 1042 713; x_wconf 76' lang='grc' dir='ltr'><strong><em>διῃρήσθω</em></strong></span> <span class='ocrx_word' id='word_1_31' title='bbox 1063 623 1137 709; x_wconf 87' lang='grc' dir='ltr'><strong><em>ὁαβ</em></strong></span> 
     </span>
     <span class='ocr_line' id='line_1_6' title="bbox 84 730 1136 821; baseline -0.002 -21"><span class='ocrx_word' id='word_1_32' title='bbox 84 736 168 812; x_wconf 78' lang='grc' dir='ltr'><strong><em>εεῖς</em></strong></span> <span class='ocrx_word' id='word_1_33' title='bbox 191 730 469 820; x_wconf 83' lang='grc' dir='ltr'><strong><em>ὁσουσδηποτοῦν</em></strong></span> <span class='ocrx_word' id='word_1_34' title='bbox 494 730 662 821; x_wconf 84' lang='grc' dir='ltr'><strong><em>άριθμοὺς</em></strong></span> <span class='ocrx_word' id='word_1_35' title='bbox 693 730 773 811; x_wconf 83' lang='grc' dir='ltr'><strong><em>τοὺς</em></strong></span> <span class='ocrx_word' id='word_1_36' title='bbox 800 734 854 816; x_wconf 87' lang='grc' dir='ltr'><strong><em>αδ,</em></strong></span> <span class='ocrx_word' id='word_1_37' title='bbox 874 734 922 816; x_wconf 84' lang='grc' dir='ltr'><strong><em>δε,</em></strong></span> <span class='ocrx_word' id='word_1_38' title='bbox 942 736 989 817; x_wconf 93' lang='grc' dir='ltr'><strong><em>εβ.</em></strong></span> <span class='ocrx_word' id='word_1_39' title='bbox 1042 732 1136 816; x_wconf 74' lang='grc' dir='ltr'><strong><em>λέγω,</em></strong></span> 
     </span>
     <span class='ocr_line' id='line_1_7' title="bbox 121 835 1129 926; baseline 0.001 -21"><span class='ocrx_word' id='word_1_40' title='bbox 121 835 173 906; x_wconf 84' lang='grc' dir='ltr'><strong><em>ὅτι</em></strong></span> <span class='ocrx_word' id='word_1_41' title='bbox 196 836 214 907; x_wconf 93' lang='lat'><em>6</em></span> <span class='ocrx_word' id='word_1_42' title='bbox 239 841 275 907; x_wconf 84' lang='grc' dir='ltr'><strong><em>έκ</em></strong></span> <span class='ocrx_word' id='word_1_43' title='bbox 296 844 366 907; x_wconf 75' lang='grc' dir='ltr'><strong><em>τῶν</em></strong></span> <span class='ocrx_word' id='word_1_44' title='bbox 387 866 420 926; x_wconf 80' lang='grc' dir='ltr'><strong><em>ν,</em></strong></span> <span class='ocrx_word' id='word_1_45' title='bbox 436 844 479 924; x_wconf 95' lang='grc' dir='ltr'><strong><em>αβ</em></strong></span> <span class='ocrx_word' id='word_1_46' title='bbox 503 839 656 918; x_wconf 78' lang='grc' dir='ltr'><strong><em>ἐπίπεδος</em></strong></span> <span class='ocrx_word' id='word_1_47' title='bbox 718 870 1129 908; x_wconf 73' lang='grc' dir='ltr'><strong><em>ι--ι--ι--ι</em></strong></span> 
     </span>
     <span class='ocr_line' id='line_1_8' title="bbox 120 909 1138 1030; baseline 0.001 -19"><span class='ocrx_word' id='word_1_48' title='bbox 120 950 194 1023; x_wconf 75' lang='grc' dir='ltr'><strong><em>ἴσος</em></strong></span> <span class='ocrx_word' id='word_1_49' title='bbox 217 945 286 1012; x_wconf 79' lang='grc' dir='ltr'><strong><em>ἐστὶ</em></strong></span> <span class='ocrx_word' id='word_1_50' title='bbox 308 959 378 1025; x_wconf 91' lang='grc' dir='ltr'><strong><em>τοῖς</em></strong></span> <span class='ocrx_word' id='word_1_51' title='bbox 401 948 438 1013; x_wconf 85' lang='grc' dir='ltr'><strong><em>έιι</em></strong></span> <span class='ocrx_word' id='word_1_52' title='bbox 458 947 528 1012; x_wconf 76' lang='grc' dir='ltr'><strong><em>τῶν</em></strong></span> <span class='ocrx_word' id='word_1_53' title='bbox 550 971 583 1030; x_wconf 76' lang='grc' dir='ltr'><strong><em>μ,</em></strong></span> <span class='ocrx_word' id='word_1_54' title='bbox 600 949 655 1030; x_wconf 87' lang='grc' dir='ltr'><strong><em>αδ,</em></strong></span> <span class='ocrx_word' id='word_1_55' title='bbox 709 928 729 961; x_wconf 65' lang='grc' dir='ltr'><strong><em>α</em></strong></span> <span class='ocrx_word' id='word_1_56' title='bbox 859 909 877 960; x_wconf 61' lang='grc' dir='ltr'>ἃ</span> <span class='ocrx_word' id='word_1_57' title='bbox 994 925 1008 960; x_wconf 64' lang='lat'><em>⁸</em></span> <span class='ocrx_word' id='word_1_58' title='bbox 1123 909 1138 979; x_wconf 66' lang='grc' dir='ltr'><strong><em>β</em></strong></span> 
     </span>
     <span class='ocr_line' id='line_1_9' title="bbox 120 1033 913 1136; baseline 0 -19"><span class='ocrx_word' id='word_1_59' title='bbox 120 1077 152 1136; x_wconf 80' lang='grc' dir='ltr'><strong><em>μ,</em></strong></span> <span class='ocrx_word' id='word_1_60' title='bbox 172 1054 221 1136; x_wconf 85' lang='grc' dir='ltr'><strong><em>δε,</em></strong></span> <span class='ocrx_word' id='word_1_61' title='bbox 238 1078 271 1136; x_wconf 81' lang='grc' dir='ltr'><strong><em>μ,</em></strong></span> <span class='ocrx_word' id='word_1_62' title='bbox 289 1055 327 1136; x_wconf 91' lang='grc' dir='ltr'><strong><em>εβ</em></strong></span> <span class='ocrx_word' id='word_1_63' title='bbox 351 1051 525 1129; x_wconf 78' lang='grc' dir='ltr'><strong><em>ἐπιπέδοις.</em></strong></span> <span class='ocrx_word' id='word_1_64' title='bbox 896 1033 913 1082; x_wconf 63' lang='lat'>⁷</span> 
     </span>
     <span class='ocr_line' id='line_1_10' title="bbox 188 1152 1135 1243; baseline -0.003 -19"><span class='ocrx_word' id='word_1_65' title='bbox 188 1162 271 1224; x_wconf 82' lang='grc' dir='ltr'><strong><em>ἔστω</em></strong></span> <span class='ocrx_word' id='word_1_66' title='bbox 294 1156 359 1243; x_wconf 77' lang='grc' dir='ltr'><strong><em>γάρ</em></strong></span> <span class='ocrx_word' id='word_1_67' title='bbox 383 1159 420 1224; x_wconf 88' lang='grc' dir='ltr'><strong><em>έκ</em></strong></span> <span class='ocrx_word' id='word_1_68' title='bbox 442 1155 503 1243; x_wconf 71' lang='grc' dir='ltr'><strong><em>μὲν</em></strong></span> <span class='ocrx_word' id='word_1_69' title='bbox 525 1159 595 1225; x_wconf 80' lang='grc' dir='ltr'><strong><em>τάν</em></strong></span> <span class='ocrx_word' id='word_1_70' title='bbox 616 1182 649 1242; x_wconf 80' lang='grc' dir='ltr'><strong><em>ν,</em></strong></span> <span class='ocrx_word' id='word_1_71' title='bbox 669 1161 712 1241; x_wconf 94' lang='grc' dir='ltr'><strong><em>αβ</em></strong></span> <span class='ocrx_word' id='word_1_72' title='bbox 741 1152 759 1223; x_wconf 92' lang='lat'><em>6</em></span> <span class='ocrx_word' id='word_1_73' title='bbox 784 1161 800 1236; x_wconf 81' lang='grc' dir='ltr'><em>ζ</em></span> <span class='ocrx_word' id='word_1_74' title='bbox 826 1160 862 1222; x_wconf 78' lang='grc' dir='ltr'><strong><em>ἔκ</em></strong></span> <span class='ocrx_word' id='word_1_75' title='bbox 888 1180 923 1222; x_wconf 90' lang='grc' dir='ltr'><strong><em>τε</em></strong></span> <span class='ocrx_word' id='word_1_76' title='bbox 949 1164 1020 1222; x_wconf 80' lang='grc' dir='ltr'><strong><em>τῶν</em></strong></span> <span class='ocrx_word' id='word_1_77' title='bbox 1043 1183 1077 1241; x_wconf 77' lang='grc' dir='ltr'><strong><em>γ,</em></strong></span> <span class='ocrx_word' id='word_1_78' title='bbox 1096 1159 1135 1221; x_wconf 93' lang='grc' dir='ltr'><strong><em>αδ</em></strong></span> 
     </span>
     <span class='ocr_line' id='line_1_11' title="bbox 68 1258 1135 1350; baseline -0.007 -15"><span class='ocrx_word' id='word_1_79' title='bbox 68 1260 140 1338; x_wconf 85' lang='grc' dir='ltr'><strong><em>1οδ</em></strong></span> <span class='ocrx_word' id='word_1_80' title='bbox 163 1272 227 1349; x_wconf 83' lang='grc' dir='ltr'><strong><em>ηθ,</em></strong></span> <span class='ocrx_word' id='word_1_81' title='bbox 255 1266 291 1332; x_wconf 84' lang='grc' dir='ltr'><strong><em>ἐκ</em></strong></span> <span class='ocrx_word' id='word_1_82' title='bbox 315 1263 352 1331; x_wconf 71' lang='grc' dir='ltr'><strong><em>δὲ</em></strong></span> <span class='ocrx_word' id='word_1_83' title='bbox 374 1273 443 1332; x_wconf 82' lang='grc' dir='ltr'><strong><em>τῶν</em></strong></span> <span class='ocrx_word' id='word_1_84' title='bbox 464 1291 497 1350; x_wconf 81' lang='grc' dir='ltr'><strong><em>μ,</em></strong></span> <span class='ocrx_word' id='word_1_85' title='bbox 518 1267 555 1332; x_wconf 94' lang='grc' dir='ltr'><strong><em>δε</em></strong></span> <span class='ocrx_word' id='word_1_86' title='bbox 583 1260 600 1331; x_wconf 95' lang='lat'><em>6</em></span> <span class='ocrx_word' id='word_1_87' title='bbox 625 1271 680 1348; x_wconf 87' lang='grc' dir='ltr'><strong><em>θι,</em></strong></span> <span class='ocrx_word' id='word_1_88' title='bbox 708 1265 744 1330; x_wconf 87' lang='grc' dir='ltr'><strong><em>έκ</em></strong></span> <span class='ocrx_word' id='word_1_89' title='bbox 773 1261 811 1330; x_wconf 70' lang='grc' dir='ltr'><strong><em>δὲ</em></strong></span> <span class='ocrx_word' id='word_1_90' title='bbox 837 1263 905 1330; x_wconf 80' lang='grc' dir='ltr'><strong><em>τάν</em></strong></span> <span class='ocrx_word' id='word_1_91' title='bbox 933 1288 967 1347; x_wconf 82' lang='lat' dir='ltr'><strong><em>y,</em></strong></span> <span class='ocrx_word' id='word_1_92' title='bbox 988 1267 1027 1347; x_wconf 93' lang='grc' dir='ltr'><strong><em>εβ</em></strong></span> <span class='ocrx_word' id='word_1_93' title='bbox 1057 1258 1135 1329; x_wconf 87' lang='grc' dir='ltr'><strong><em>δικ.</em></strong></span> 
     </span>
     <span class='ocr_line' id='line_1_12' title="bbox 119 1367 1136 1468; baseline 0.012 -33"><span class='ocrx_word' id='word_1_94' title='bbox 119 1368 176 1436; x_wconf 81' lang='grc' dir='ltr'><strong><em>καὶ</em></strong></span> <span class='ocrx_word' id='word_1_95' title='bbox 204 1370 275 1437; x_wconf 79' lang='grc' dir='ltr'><strong><em>ἐπεὶ</em></strong></span> <span class='ocrx_word' id='word_1_96' title='bbox 300 1367 319 1438; x_wconf 91' lang='lat'><em>6</em></span> <span class='ocrx_word' id='word_1_97' title='bbox 344 1375 387 1455; x_wconf 94' lang='grc' dir='ltr'><strong><em>αβ</em></strong></span> <span class='ocrx_word' id='word_1_98' title='bbox 414 1369 521 1457; x_wconf 81' lang='grc' dir='ltr'><strong><em>τὸνν</em></strong></span> <span class='ocrx_word' id='word_1_99' title='bbox 654 1406 1136 1468; x_wconf 74' lang='grc' dir='ltr'>,....-..----ζ</span> 
     </span>
     <span class='ocr_line' id='line_1_13' title="bbox 120 1475 1126 1564; baseline 0.009 -22"><span class='ocrx_word' id='word_1_100' title='bbox 120 1475 414 1556; x_wconf 75' lang='grc' dir='ltr'><strong><em>πολλαπλασιάσας</em></strong></span> <span class='ocrx_word' id='word_1_101' title='bbox 432 1477 520 1545; x_wconf 83' lang='grc' dir='ltr'><strong><em>έποί-</em></strong></span> <span class='ocrx_word' id='word_1_102' title='bbox 583 1527 589 1564; x_wconf 82' lang='grc'>,</span> <span class='ocrx_word' id='word_1_103' title='bbox 777 1527 1126 1564; x_wconf 53' lang='grc' dir='ltr'><strong><em>μ-...ς--ς</em></strong></span> 
     </span>
     <span class='ocr_line' id='line_1_14' title="bbox 120 1568 1132 1672; baseline 0.004 -25"><span class='ocrx_word' id='word_1_104' title='bbox 120 1599 180 1666; x_wconf 83' lang='grc' dir='ltr'><strong><em>ησε</em></strong></span> <span class='ocrx_word' id='word_1_105' title='bbox 206 1579 267 1649; x_wconf 86' lang='grc' dir='ltr'><strong><em>τὸν</em></strong></span> <span class='ocrx_word' id='word_1_106' title='bbox 296 1587 326 1667; x_wconf 76' lang='grc' dir='ltr'><strong><em>ζ,</em></strong></span> <span class='ocrx_word' id='word_1_107' title='bbox 360 1580 522 1672; x_wconf 80' lang='grc' dir='ltr'><strong><em>ὃάραμ</em></strong></span> <span class='ocrx_word' id='word_1_108' title='bbox 575 1584 593 1633; x_wconf 74' lang='lat'><strong><em>⁷²</em></strong></span> <span class='ocrx_word' id='word_1_109' title='bbox 762 1568 786 1619; x_wconf 61' lang='grc' dir='ltr'><em>θ</em></span> <span class='ocrx_word' id='word_1_110' title='bbox 946 1584 958 1617; x_wconf 68' lang='lat'><em>²</em></span> <span class='ocrx_word' id='word_1_111' title='bbox 1118 1584 1132 1616; x_wconf 57' lang='grc' dir='ltr'><strong>κ</strong></span> 
     </span>
     <span class='ocr_line' id='line_1_15' title="bbox 120 1684 1132 1778; baseline 0.001 -25"><span class='ocrx_word' id='word_1_112' title='bbox 120 1700 234 1775; x_wconf 81' lang='grc' dir='ltr'><strong><em>μετρεῖ</em></strong></span> <span class='ocrx_word' id='word_1_113' title='bbox 249 1689 309 1756; x_wconf 86' lang='grc' dir='ltr'><strong><em>τὸν</em></strong></span> <span class='ocrx_word' id='word_1_114' title='bbox 323 1695 340 1770; x_wconf 74' lang='grc' dir='ltr'><em>ζ</em></span> <span class='ocrx_word' id='word_1_115' title='bbox 356 1688 440 1758; x_wconf 86' lang='grc' dir='ltr'><strong><em>κατὰ</em></strong></span> <span class='ocrx_word' id='word_1_116' title='bbox 457 1688 516 1770; x_wconf 88' lang='grc' dir='ltr'><strong><em>τάς</em></strong></span> <span class='ocrx_word' id='word_1_117' title='bbox 535 1692 572 1757; x_wconf 85' lang='grc' dir='ltr'><strong><em>έν</em></strong></span> <span class='ocrx_word' id='word_1_118' title='bbox 595 1692 640 1778; x_wconf 79' lang='grc' dir='ltr'><strong><em>τῷ</em></strong></span> <span class='ocrx_word' id='word_1_119' title='bbox 655 1694 698 1775; x_wconf 96' lang='grc' dir='ltr'><strong><em>αβ</em></strong></span> <span class='ocrx_word' id='word_1_120' title='bbox 717 1686 878 1775; x_wconf 78' lang='grc' dir='ltr'><strong><em>μονάδας.</em></strong></span> <span class='ocrx_word' id='word_1_121' title='bbox 915 1685 974 1755; x_wconf 88' lang='grc' dir='ltr'><strong><em>διά</em></strong></span> <span class='ocrx_word' id='word_1_122' title='bbox 993 1684 1038 1755; x_wconf 85' lang='grc' dir='ltr'><strong><em>τά</em></strong></span> <span class='ocrx_word' id='word_1_123' title='bbox 1057 1684 1132 1755; x_wconf 82' lang='grc' dir='ltr'><strong><em>αὐτὰ</em></strong></span> 
     </span>
     <span class='ocr_line' id='line_1_16' title="bbox 69 1791 1171 1886; baseline -0.004 -21"><span class='ocrx_word' id='word_1_124' title='bbox 69 1815 103 1865; x_wconf 81' lang='grc' dir='ltr'><strong><em>ιο</em></strong></span> <span class='ocrx_word' id='word_1_125' title='bbox 122 1791 164 1879; x_wconf 84' lang='grc' dir='ltr'><strong><em>δὴ</em></strong></span> <span class='ocrx_word' id='word_1_126' title='bbox 192 1794 248 1862; x_wconf 83' lang='grc' dir='ltr'><strong><em>καὶ</em></strong></span> <span class='ocrx_word' id='word_1_127' title='bbox 275 1793 336 1863; x_wconf 85' lang='grc' dir='ltr'><strong><em>τὸν</em></strong></span> <span class='ocrx_word' id='word_1_128' title='bbox 358 1804 407 1882; x_wconf 82' lang='grc' dir='ltr'><strong><em>ηθ</em></strong></span> <span class='ocrx_word' id='word_1_129' title='bbox 434 1809 548 1883; x_wconf 78' lang='grc' dir='ltr'><strong><em>μετρεῖ</em></strong></span> <span class='ocrx_word' id='word_1_130' title='bbox 572 1794 654 1865; x_wconf 82' lang='grc' dir='ltr'><strong><em>κατὰ</em></strong></span> <span class='ocrx_word' id='word_1_131' title='bbox 682 1794 742 1875; x_wconf 88' lang='grc' dir='ltr'><strong><em>τάς</em></strong></span> <span class='ocrx_word' id='word_1_132' title='bbox 771 1797 808 1863; x_wconf 86' lang='grc' dir='ltr'><strong><em>έν</em></strong></span> <span class='ocrx_word' id='word_1_133' title='bbox 834 1797 880 1886; x_wconf 81' lang='grc' dir='ltr'><strong><em>τῷ</em></strong></span> <span class='ocrx_word' id='word_1_134' title='bbox 904 1797 950 1860; x_wconf 94' lang='grc' dir='ltr'><strong><em>αδ</em></strong></span> <span class='ocrx_word' id='word_1_135' title='bbox 977 1796 1134 1880; x_wconf 81' lang='grc' dir='ltr'><strong><em>μονάδας,</em></strong></span> <span class='ocrx_word' id='word_1_136' title='bbox 1169 1854 1171 1861; x_wconf 95' lang='grc'>.</span> 
     </span>
     <span class='ocr_line' id='line_1_17' title="bbox 120 1898 1135 1993; baseline 0.001 -27"><span class='ocrx_word' id='word_1_137' title='bbox 120 1898 182 1966; x_wconf 90' lang='grc' dir='ltr'><strong><em>τὸν</em></strong></span> <span class='ocrx_word' id='word_1_138' title='bbox 205 1899 304 1969; x_wconf 73' lang='grc' dir='ltr'><strong><em>δδθε</em></strong></span> <span class='ocrx_word' id='word_1_139' title='bbox 327 1901 409 1971; x_wconf 84' lang='grc' dir='ltr'><strong><em>κατά</em></strong></span> <span class='ocrx_word' id='word_1_140' title='bbox 432 1901 493 1982; x_wconf 86' lang='grc' dir='ltr'><strong><em>τάς</em></strong></span> <span class='ocrx_word' id='word_1_141' title='bbox 516 1904 553 1971; x_wconf 81' lang='grc' dir='ltr'><strong><em>ἐν</em></strong></span> <span class='ocrx_word' id='word_1_142' title='bbox 575 1906 690 1993; x_wconf 77' lang='grc' dir='ltr'><strong><em>τῷδε,</em></strong></span> <span class='ocrx_word' id='word_1_143' title='bbox 712 1900 774 1970; x_wconf 90' lang='grc' dir='ltr'><strong><em>τὸν</em></strong></span> <span class='ocrx_word' id='word_1_144' title='bbox 797 1899 887 1969; x_wconf 74' lang='grc' dir='ltr'><strong><em>δὲικ</em></strong></span> <span class='ocrx_word' id='word_1_145' title='bbox 910 1898 996 1967; x_wconf 85' lang='grc' dir='ltr'><strong><em>κατὰ</em></strong></span> <span class='ocrx_word' id='word_1_146' title='bbox 1021 1899 1135 1982; x_wconf 82' lang='grc' dir='ltr'><strong><em>τὰςέν</em></strong></span> 
     </span>
     <span class='ocr_line' id='line_1_18' title="bbox 120 2002 1136 2095; baseline -0.003 -21"><span class='ocrx_word' id='word_1_147' title='bbox 120 2010 167 2095; x_wconf 75' lang='grc' dir='ltr'><strong><em>τῷ</em></strong></span> <span class='ocrx_word' id='word_1_148' title='bbox 190 2012 229 2092; x_wconf 93' lang='grc' dir='ltr'><strong><em>εβ</em></strong></span> <span class='ocrx_word' id='word_1_149' title='bbox 257 2006 414 2093; x_wconf 90' lang='grc' dir='ltr'><strong><em>μονάδας.</em></strong></span> <span class='ocrx_word' id='word_1_150' title='bbox 464 2008 547 2077; x_wconf 84' lang='grc' dir='ltr'><strong><em>ὅλον</em></strong></span> <span class='ocrx_word' id='word_1_151' title='bbox 575 2007 641 2095; x_wconf 85' lang='grc' dir='ltr'><strong><em>άρα</em></strong></span> <span class='ocrx_word' id='word_1_152' title='bbox 669 2007 730 2076; x_wconf 92' lang='grc' dir='ltr'><strong><em>τδν</em></strong></span> <span class='ocrx_word' id='word_1_153' title='bbox 754 2034 796 2094; x_wconf 84' lang='grc' dir='ltr'><strong><em>ηκ</em></strong></span> <span class='ocrx_word' id='word_1_154' title='bbox 823 2019 937 2093; x_wconf 78' lang='grc' dir='ltr'><strong><em>μετρεῖ</em></strong></span> <span class='ocrx_word' id='word_1_155' title='bbox 963 2005 982 2074; x_wconf 88' lang='grc' dir='ltr'>ὁ</span> <span class='ocrx_word' id='word_1_156' title='bbox 1009 2035 1032 2092; x_wconf 78' lang='grc' dir='ltr'><em>γ</em></span> <span class='ocrx_word' id='word_1_157' title='bbox 1060 2002 1136 2074; x_wconf 81' lang='grc' dir='ltr'><strong><em>κατὰ</em></strong></span> 
     </span>
     <span class='ocr_line' id='line_1_19' title="bbox 120 2111 1135 2205; baseline 0 -25"><span class='ocrx_word' id='word_1_158' title='bbox 120 2111 180 2192; x_wconf 87' lang='grc' dir='ltr'><strong><em>τάς</em></strong></span> <span class='ocrx_word' id='word_1_159' title='bbox 203 2114 241 2180; x_wconf 78' lang='grc' dir='ltr'><strong><em>ἐν</em></strong></span> <span class='ocrx_word' id='word_1_160' title='bbox 262 2118 308 2205; x_wconf 76' lang='grc' dir='ltr'><strong><em>τῷ</em></strong></span> <span class='ocrx_word' id='word_1_161' title='bbox 327 2121 371 2201; x_wconf 93' lang='grc' dir='ltr'><strong><em>αβ</em></strong></span> <span class='ocrx_word' id='word_1_162' title='bbox 394 2116 551 2200; x_wconf 89' lang='grc' dir='ltr'><strong><em>μονάδας.</em></strong></span> <span class='ocrx_word' id='word_1_163' title='bbox 588 2116 715 2202; x_wconf 80' lang='grc' dir='ltr'><strong><em>ἐμέτρει</em></strong></span> <span class='ocrx_word' id='word_1_164' title='bbox 734 2112 771 2182; x_wconf 71' lang='grc' dir='ltr'><strong><em>δὲ</em></strong></span> <span class='ocrx_word' id='word_1_165' title='bbox 790 2114 845 2181; x_wconf 80' lang='grc' dir='ltr'><strong><em>καὶ</em></strong></span> <span class='ocrx_word' id='word_1_166' title='bbox 859 2111 952 2192; x_wconf 78' lang='grc' dir='ltr'><strong><em>τὸνζ</em></strong></span> <span class='ocrx_word' id='word_1_167' title='bbox 972 2113 1063 2182; x_wconf 87' lang='grc' dir='ltr'><strong><em>κατά</em></strong></span> <span class='ocrx_word' id='word_1_168' title='bbox 1084 2114 1135 2190; x_wconf 82' lang='grc' dir='ltr'><strong><em>τὰς</em></strong></span> 
     </span>
     <span class='ocr_line' id='line_1_20' title="bbox 122 2218 1137 2309; baseline 0.002 -25"><span class='ocrx_word' id='word_1_169' title='bbox 122 2219 160 2284; x_wconf 86' lang='grc' dir='ltr'><strong><em>έν</em></strong></span> <span class='ocrx_word' id='word_1_170' title='bbox 186 2222 232 2309; x_wconf 76' lang='grc' dir='ltr'><strong><em>τῷ</em></strong></span> <span class='ocrx_word' id='word_1_171' title='bbox 256 2226 299 2306; x_wconf 93' lang='grc' dir='ltr'><strong><em>αβ</em></strong></span> <span class='ocrx_word' id='word_1_172' title='bbox 327 2219 486 2307; x_wconf 91' lang='grc' dir='ltr'><strong><em>μονάδας.</em></strong></span> <span class='ocrx_word' id='word_1_173' title='bbox 538 2221 691 2309; x_wconf 83' lang='grc' dir='ltr'><strong><em>ἑκάτερος</em></strong></span> <span class='ocrx_word' id='word_1_174' title='bbox 723 2218 790 2307; x_wconf 88' lang='grc' dir='ltr'><strong><em>άρα</em></strong></span> <span class='ocrx_word' id='word_1_175' title='bbox 820 2230 889 2288; x_wconf 76' lang='grc' dir='ltr'><strong><em>τῶν</em></strong></span> <span class='ocrx_word' id='word_1_176' title='bbox 912 2227 938 2305; x_wconf 80' lang='grc' dir='ltr'><strong><em>ζ,</em></strong></span> <span class='ocrx_word' id='word_1_177' title='bbox 957 2247 1004 2307; x_wconf 83' lang='grc' dir='ltr'><strong><em>ηκ</em></strong></span> <span class='ocrx_word' id='word_1_178' title='bbox 1034 2220 1137 2298; x_wconf 76' lang='grc' dir='ltr'><strong><em>ἰσάκις</em></strong></span> 
     </span>
     <span class='ocr_line' id='line_1_21' title="bbox 69 2323 1139 2413; baseline 0.002 -24"><span class='ocrx_word' id='word_1_179' title='bbox 69 2348 104 2398; x_wconf 83' lang='lat'><strong><em>20</em></strong></span> <span class='ocrx_word' id='word_1_180' title='bbox 123 2323 192 2390; x_wconf 77' lang='grc' dir='ltr'><strong><em>ἐστὶ</em></strong></span> <span class='ocrx_word' id='word_1_181' title='bbox 221 2326 469 2406; x_wconf 88' lang='grc' dir='ltr'><strong><em>πολλαπλάσιος</em></strong></span> <span class='ocrx_word' id='word_1_182' title='bbox 499 2339 562 2395; x_wconf 85' lang='grc' dir='ltr'><strong><em>τοῦ</em></strong></span> <span class='ocrx_word' id='word_1_183' title='bbox 584 2356 615 2413; x_wconf 80' lang='grc' dir='ltr'><strong><em>γ.</em></strong></span> <span class='ocrx_word' id='word_1_184' title='bbox 666 2330 702 2395; x_wconf 84' lang='grc' dir='ltr'><strong><em>ολ</em></strong></span> <span class='ocrx_word' id='word_1_185' title='bbox 731 2326 768 2395; x_wconf 74' lang='grc' dir='ltr'><strong><em>δὲ</em></strong></span> <span class='ocrx_word' id='word_1_186' title='bbox 797 2330 859 2394; x_wconf 83' lang='grc' dir='ltr'><strong><em>τοῦ</em></strong></span> <span class='ocrx_word' id='word_1_187' title='bbox 893 2325 1003 2394; x_wconf 87' lang='grc' dir='ltr'><strong><em>αὐτοῦ</em></strong></span> <span class='ocrx_word' id='word_1_188' title='bbox 1035 2326 1139 2403; x_wconf 81' lang='grc' dir='ltr'><strong><em>ἰσάκις</em></strong></span> 
     </span>
     <span class='ocr_line' id='line_1_22' title="bbox 122 2427 1139 2518; baseline 0.005 -23"><span class='ocrx_word' id='word_1_189' title='bbox 122 2429 364 2498; x_wconf 86' lang='grc' dir='ltr'><strong><em>πολλαπλάσιοι</em></strong></span> <span class='ocrx_word' id='word_1_190' title='bbox 388 2439 456 2498; x_wconf 77' lang='grc' dir='ltr'><strong><em>ἴσοι</em></strong></span> <span class='ocrx_word' id='word_1_191' title='bbox 479 2429 637 2518; x_wconf 79' lang='grc' dir='ltr'><strong><em>ἀλλήλοις</em></strong></span> <span class='ocrx_word' id='word_1_192' title='bbox 660 2437 754 2500; x_wconf 78' lang='grc' dir='ltr'><strong><em>εἰσίν.</em></strong></span> <span class='ocrx_word' id='word_1_193' title='bbox 792 2441 864 2510; x_wconf 78' lang='grc' dir='ltr'><strong><em>ἴσος</em></strong></span> <span class='ocrx_word' id='word_1_194' title='bbox 886 2427 953 2518; x_wconf 85' lang='grc' dir='ltr'><strong><em>άρα</em></strong></span> <span class='ocrx_word' id='word_1_195' title='bbox 979 2431 1078 2500; x_wconf 82' lang='grc' dir='ltr'><strong><em>ἐστὶν</em></strong></span> <span class='ocrx_word' id='word_1_196' title='bbox 1098 2429 1139 2510; x_wconf 80' lang='grc' dir='ltr'><strong><em>δζ</em></strong></span> 
     </span>
     <span class='ocr_line' id='line_1_23' title="bbox 122 2534 1139 2626; baseline 0.005 -25"><span class='ocrx_word' id='word_1_197' title='bbox 122 2538 167 2626; x_wconf 78' lang='grc' dir='ltr'><strong><em>τῷ</em></strong></span> <span class='ocrx_word' id='word_1_198' title='bbox 190 2561 242 2622; x_wconf 81' lang='grc' dir='ltr'><strong><em>ηκ.</em></strong></span> <span class='ocrx_word' id='word_1_199' title='bbox 286 2541 346 2603; x_wconf 81' lang='grc' dir='ltr'><strong><em>καί</em></strong></span> <span class='ocrx_word' id='word_1_200' title='bbox 366 2539 456 2604; x_wconf 90' lang='grc' dir='ltr'><strong><em>ε’στιν</em></strong></span> <span class='ocrx_word' id='word_1_201' title='bbox 480 2534 497 2604; x_wconf 92' lang='grc' dir='ltr'>ὁ</span> <span class='ocrx_word' id='word_1_202' title='bbox 522 2536 583 2622; x_wconf 68' lang='grc' dir='ltr'><strong><em>μέν</em></strong></span> <span class='ocrx_word' id='word_1_203' title='bbox 608 2542 624 2617; x_wconf 81' lang='grc' dir='ltr'><em>ζ</em></span> <span class='ocrx_word' id='word_1_204' title='bbox 650 2536 668 2604; x_wconf 92' lang='lat'><em>6</em></span> <span class='ocrx_word' id='word_1_205' title='bbox 698 2540 734 2604; x_wconf 81' lang='grc' dir='ltr'><strong><em>ἐκ</em></strong></span> <span class='ocrx_word' id='word_1_206' title='bbox 756 2541 824 2605; x_wconf 83' lang='grc' dir='ltr'><strong><em>τάν</em></strong></span> <span class='ocrx_word' id='word_1_207' title='bbox 848 2564 878 2622; x_wconf 80' lang='grc' dir='ltr'><strong><em>γ,</em></strong></span> <span class='ocrx_word' id='word_1_208' title='bbox 899 2541 942 2622; x_wconf 94' lang='grc' dir='ltr'><strong><em>αβ</em></strong></span> <span class='ocrx_word' id='word_1_209' title='bbox 973 2538 1139 2619; x_wconf 84' lang='grc' dir='ltr'><strong><em>ἐπίπεδος,</em></strong></span> 
     </span>
     <span class='ocr_line' id='line_1_24' title="bbox 124 2639 1139 2730; baseline 0.002 -22"><span class='ocrx_word' id='word_1_210' title='bbox 124 2640 141 2708; x_wconf 92' lang='lat'><em>6</em></span> <span class='ocrx_word' id='word_1_211' title='bbox 171 2639 203 2709; x_wconf 91' lang='grc' dir='ltr'><strong><em>δ’</em></strong></span> <span class='ocrx_word' id='word_1_212' title='bbox 229 2668 271 2728; x_wconf 81' lang='grc' dir='ltr'><strong><em>ηκ</em></strong></span> <span class='ocrx_word' id='word_1_213' title='bbox 298 2640 316 2710; x_wconf 89' lang='lat'><em>6</em></span> <span class='ocrx_word' id='word_1_214' title='bbox 341 2648 555 2730; x_wconf 75' lang='grc' dir='ltr'><strong><em>συγκείμενος</em></strong></span> <span class='ocrx_word' id='word_1_215' title='bbox 579 2647 615 2710; x_wconf 83' lang='grc' dir='ltr'><strong><em>έκ</em></strong></span> <span class='ocrx_word' id='word_1_216' title='bbox 637 2668 672 2710; x_wconf 92' lang='grc' dir='ltr'><strong><em>τε</em></strong></span> <span class='ocrx_word' id='word_1_217' title='bbox 694 2653 756 2710; x_wconf 79' lang='grc' dir='ltr'><strong><em>τοῦ</em></strong></span> <span class='ocrx_word' id='word_1_218' title='bbox 781 2670 802 2728; x_wconf 83' lang='grc' dir='ltr'><strong><em>μ</em></strong></span> <span class='ocrx_word' id='word_1_219' title='bbox 824 2642 879 2710; x_wconf 79' lang='grc' dir='ltr'><strong><em>καὶ</em></strong></span> <span class='ocrx_word' id='word_1_220' title='bbox 904 2641 1055 2711; x_wconf 81' lang='grc' dir='ltr'><strong><em>ἑκάστου</em></strong></span> <span class='ocrx_word' id='word_1_221' title='bbox 1079 2649 1139 2713; x_wconf 78' lang='grc' dir='ltr'><strong><em>τῶν</em></strong></span> 
     </span>
     <span class='ocr_line' id='line_1_25' title="bbox 123 2746 1140 2837; baseline 0.004 -23"><span class='ocrx_word' id='word_1_222' title='bbox 123 2752 178 2834; x_wconf 89' lang='grc' dir='ltr'><strong><em>αδ,</em></strong></span> <span class='ocrx_word' id='word_1_223' title='bbox 198 2753 247 2834; x_wconf 87' lang='grc' dir='ltr'><strong><em>δε,</em></strong></span> <span class='ocrx_word' id='word_1_224' title='bbox 266 2755 305 2835; x_wconf 90' lang='grc' dir='ltr'><strong><em>εβ</em></strong></span> <span class='ocrx_word' id='word_1_225' title='bbox 333 2751 508 2818; x_wconf 81' lang='grc' dir='ltr'><strong><em>ἐπιπέδων.</em></strong></span> <span class='ocrx_word' id='word_1_226' title='bbox 557 2746 575 2817; x_wconf 93' lang='lat'><em>6</em></span> <span class='ocrx_word' id='word_1_227' title='bbox 607 2747 673 2837; x_wconf 85' lang='grc' dir='ltr'><strong><em>άρα</em></strong></span> <span class='ocrx_word' id='word_1_228' title='bbox 706 2751 741 2816; x_wconf 83' lang='grc' dir='ltr'><strong><em>ἐκ</em></strong></span> <span class='ocrx_word' id='word_1_229' title='bbox 768 2752 837 2817; x_wconf 83' lang='grc' dir='ltr'><strong><em>τάν</em></strong></span> <span class='ocrx_word' id='word_1_230' title='bbox 860 2775 892 2833; x_wconf 80' lang='grc' dir='ltr'><strong><em>γ,</em></strong></span> <span class='ocrx_word' id='word_1_231' title='bbox 911 2753 957 2833; x_wconf 89' lang='grc' dir='ltr'><strong><em>αβ</em></strong></span> <span class='ocrx_word' id='word_1_232' title='bbox 987 2752 1140 2828; x_wconf 81' lang='grc' dir='ltr'><strong><em>ἐπίπεδος</em></strong></span> 
     </span>
     <span class='ocr_line' id='line_1_26' title="bbox 70 2853 1140 2943; baseline 0.004 -21"><span class='ocrx_word' id='word_1_233' title='bbox 70 2879 104 2929; x_wconf 76' lang='lat'><strong><em>25</em></strong></span> <span class='ocrx_word' id='word_1_234' title='bbox 125 2861 197 2935; x_wconf 82' lang='grc' dir='ltr'><strong><em>ῖσος</em></strong></span> <span class='ocrx_word' id='word_1_235' title='bbox 220 2855 290 2923; x_wconf 87' lang='grc' dir='ltr'><strong><em>έστὶ</em></strong></span> <span class='ocrx_word' id='word_1_236' title='bbox 312 2869 382 2936; x_wconf 85' lang='grc' dir='ltr'><strong><em>τοῖς</em></strong></span> <span class='ocrx_word' id='word_1_237' title='bbox 404 2863 440 2923; x_wconf 83' lang='grc' dir='ltr'><strong><em>ἔκ</em></strong></span> <span class='ocrx_word' id='word_1_238' title='bbox 462 2881 497 2924; x_wconf 93' lang='grc' dir='ltr'><strong><em>τε</em></strong></span> <span class='ocrx_word' id='word_1_239' title='bbox 515 2865 576 2923; x_wconf 84' lang='grc' dir='ltr'><strong><em>τοῦ</em></strong></span> <span class='ocrx_word' id='word_1_240' title='bbox 594 2882 614 2940; x_wconf 81' lang='grc' dir='ltr'><strong><em>ν</em></strong></span> <span class='ocrx_word' id='word_1_241' title='bbox 637 2855 693 2923; x_wconf 81' lang='grc' dir='ltr'><strong><em>καὶ</em></strong></span> <span class='ocrx_word' id='word_1_242' title='bbox 717 2853 859 2923; x_wconf 80' lang='grc' dir='ltr'><strong><em>ἑκάστου</em></strong></span> <span class='ocrx_word' id='word_1_243' title='bbox 877 2856 946 2921; x_wconf 77' lang='grc' dir='ltr'><strong><em>τῶν</em></strong></span> <span class='ocrx_word' id='word_1_244' title='bbox 970 2859 1029 2942; x_wconf 87' lang='grc' dir='ltr'><strong><em>αδ,</em></strong></span> <span class='ocrx_word' id='word_1_245' title='bbox 1047 2863 1097 2943; x_wconf 87' lang='grc' dir='ltr'><strong><em>δε,</em></strong></span> <span class='ocrx_word' id='word_1_246' title='bbox 1111 2860 1140 2941; x_wconf 85' lang='grc' dir='ltr'><strong><em>εβ</em></strong></span> 
     </span>
     <span class='ocr_line' id='line_1_27' title="bbox 125 2963 301 3042; baseline 0.006 -15"><span class='ocrx_word' id='word_1_247' title='bbox 125 2963 301 3042; x_wconf 81' lang='grc' dir='ltr'><strong><em>ἐπιπέδοις.</em></strong></span> 
     </span>
     <span class='ocr_line' id='line_1_28' title="bbox 192 3065 1140 3156; baseline 0.001 -20"><span class='ocrx_word' id='word_1_248' title='bbox 192 3069 252 3136; x_wconf 81' lang='grc' dir='ltr'><strong><em>ἐάν</em></strong></span> <span class='ocrx_word' id='word_1_249' title='bbox 280 3067 346 3155; x_wconf 87' lang='grc' dir='ltr'><strong><em>άρα</em></strong></span> <span class='ocrx_word' id='word_1_250' title='bbox 374 3067 437 3135; x_wconf 84' lang='grc' dir='ltr'><strong><em>δύο</em></strong></span> <span class='ocrx_word' id='word_1_251' title='bbox 466 3066 624 3156; x_wconf 83' lang='grc' dir='ltr'><strong><em>άριθμῶν</em></strong></span> <span class='ocrx_word' id='word_1_252' title='bbox 653 3065 763 3135; x_wconf 76' lang='grc' dir='ltr'><strong><em>ὄντων</em></strong></span> <span class='ocrx_word' id='word_1_253' title='bbox 792 3069 950 3155; x_wconf 78' lang='grc' dir='ltr'><strong><em>διαιρεθῇ</em></strong></span> <span class='ocrx_word' id='word_1_254' title='bbox 981 3065 1002 3136; x_wconf 91' lang='lat'><em>6</em></span> <span class='ocrx_word' id='word_1_255' title='bbox 1039 3073 1140 3156; x_wconf 77' lang='grc' dir='ltr'><strong><em>ἕτερος</em></strong></span> 
     </span>
     <span class='ocr_line' id='line_1_29' title="bbox 124 3170 1139 3266; baseline 0.003 -24"><span class='ocrx_word' id='word_1_256' title='bbox 124 3170 238 3244; x_wconf 79' lang='grc' dir='ltr'><strong><em>αὐτῶν</em></strong></span> <span class='ocrx_word' id='word_1_257' title='bbox 256 3178 303 3253; x_wconf 80' lang='grc' dir='ltr'><strong><em>εἰς</em></strong></span> <span class='ocrx_word' id='word_1_258' title='bbox 322 3172 599 3261; x_wconf 85' lang='grc' dir='ltr'><strong><em>ὁσουσδηποτοῦν</em></strong></span> <span class='ocrx_word' id='word_1_259' title='bbox 618 3171 797 3261; x_wconf 84' lang='grc' dir='ltr'><strong><em>άριθμοάς,</em></strong></span> <span class='ocrx_word' id='word_1_260' title='bbox 817 3170 834 3240; x_wconf 91' lang='lat'><em>6</em></span> <span class='ocrx_word' id='word_1_261' title='bbox 851 3174 972 3242; x_wconf 80' lang='grc' dir='ltr'><strong><em>ἐκτῶν</em></strong></span> <span class='ocrx_word' id='word_1_262' title='bbox 991 3178 1029 3258; x_wconf 81' lang='grc' dir='ltr'><strong><em>ἐξ</em></strong></span> <span class='ocrx_word' id='word_1_263' title='bbox 1044 3176 1139 3266; x_wconf 77' lang='grc' dir='ltr'><strong><em>ἀρχῆς</em></strong></span> 
     </span>
    </p>
   </div>
   <div class='ocr_carea' id='block_1_3' title="bbox 120 3316 346 3330">
    <p class='ocr_par' dir='ltr' id='par_1_3' title="bbox 120 3316 346 3330">
     <span class='ocr_line' id='line_1_30' title="bbox 120 3316 346 3330; baseline -0.027 2"><span class='ocrx_word' id='word_1_264' title='bbox 120 3316 346 3330; x_wconf 76' lang='grc' dir='ltr'><strong><em>ι--ι---</em></strong></span> 
     </span>
    </p>
   </div>
   <div class='ocr_carea' id='block_1_4' title="bbox 110 3365 1135 3536">
    <p class='ocr_par' dir='ltr' id='par_1_4' title="bbox 110 3365 1135 3536">
     <span class='ocr_line' id='line_1_31' title="bbox 197 3365 1135 3460; baseline -0.014 -25"><span class='ocrx_word' id='word_1_265' title='bbox 197 3390 226 3442; x_wconf 83' lang='grc'><strong><em>4,</em></strong></span> <span class='ocrx_word' id='word_1_266' title='bbox 249 3377 296 3460; x_wconf 72' lang='grc' dir='ltr'><strong><em>οἱ]</em></strong></span> <span class='ocrx_word' id='word_1_267' title='bbox 316 3375 348 3454; x_wconf 79' lang='grc' dir='ltr'><strong><em>ἡ.</em></strong></span> <span class='ocrx_word' id='word_1_268' title='bbox 421 3374 462 3430; x_wconf 63' lang='grc' dir='ltr'><strong><em>λε</em></strong></span> <span class='ocrx_word' id='word_1_269' title='bbox 477 3367 755 3430; x_wconf 42' lang='lat' dir='ltr'><strong><em>&amp;mmmmm</em></strong></span> <span class='ocrx_word' id='word_1_270' title='bbox 767 3365 834 3419; x_wconf 66' lang='grc' dir='ltr'><strong><em>εδδ.</em></strong></span> <span class='ocrx_word' id='word_1_271' title='bbox 850 3367 906 3444; x_wconf 55' lang='grc' dir='ltr'><strong><em>ουλε</em></strong></span> <span class='ocrx_word' id='word_1_272' title='bbox 926 3367 1001 3424; x_wconf 83' lang='lat' dir='ltr'><strong>locis</strong></span> <span class='ocrx_word' id='word_1_273' title='bbox 1023 3369 1135 3431; x_wconf 80' lang='grc' dir='ltr'><strong><em>ἔκθεσις,</em></strong></span> 
     </span>
     <span class='ocr_line' id='line_1_32' title="bbox 110 3435 1133 3536; baseline -0.03 -15"><span class='ocrx_word' id='word_1_274' title='bbox 110 3455 292 3536; x_wconf 78' lang='grc' dir='ltr'><strong><em>διορισμός,</em></strong></span> <span class='ocrx_word' id='word_1_275' title='bbox 311 3445 498 3522; x_wconf 79' lang='grc' dir='ltr'><strong><em>κατασκευή,</em></strong></span> <span class='ocrx_word' id='word_1_276' title='bbox 515 3440 673 3509; x_wconf 58' lang='grc' dir='ltr'><strong><em>άπδδειξιε,</em></strong></span> <span class='ocrx_word' id='word_1_277' title='bbox 688 3435 878 3506; x_wconf 53' lang='grc' dir='ltr'><strong><em>ῖδοπὶεῖῖοδι</em></strong></span> <span class='ocrx_word' id='word_1_278' title='bbox 889 3438 1133 3505; x_wconf 44' lang='grc' dir='ltr'><strong><em>Μῃοοωεςοι</em></strong></span> 
     </span>
    </p>
   </div>
   <div class='ocr_carea' id='block_1_5' title="bbox 168 3537 208 3597">
    <p class='ocr_par' dir='ltr' id='par_1_5' title="bbox 168 3537 208 3597">
     <span class='ocr_line' id='line_1_33' title="bbox 168 3537 208 3597; baseline -0.025 0"><span class='ocrx_word' id='word_1_279' title='bbox 168 3537 208 3597; x_wconf 65' lang='grc' dir='ltr'><strong><em>ιλ).</em></strong></span> 
     </span>
    </p>
   </div>
   <div class='ocr_carea' id='block_1_6' title="bbox 0 0 1188 3796">
    <p class='ocr_par' dir='ltr' id='par_1_6' title="bbox 0 0 1188 3796">
     <span class='ocr_line' id='line_1_34' title="bbox 0 0 1188 3796; baseline 0 0"><span class='ocrx_word' id='word_1_280' title='bbox 0 0 1188 3796; x_wconf 95' lang='lat' dir='ltr'><strong><em> </em></strong></span> 
     </span>
    </p>
   </div>
  </div>
 </body>
</html>
