2362 3796
214 155 374 212 SOHOLIA
390 158 430 207 IN
447 155 722 207 ELEMENTORUM
739 156 878 207 LIBRUM
891 157 953 209 XII.
1021 152 1086 216 643

75 297 137 384 μὲν
157 289 221 365 οὖν
241 296 293 365 ἐπὶ
311 296 349 362 τὸ
365 293 473 380 παρὸν
493 295 657 362 δέδεικται
677 293 786 362 διὰτὸ
802 297 1086 380 νῦνχρησιμεόον

73 401 167 489 ήμῑν,
192 404 228 469 ἐν
253 400 291 469 δὲ
312 413 383 480 τοῖς
401 403 588 468 Θεοδοσίου
607 413 799 489 σφαιρικοῑς
816 398 1086 486 καθολικώτερον

73 615 111 681 τὸ
134 612 344 701 τεμνόμενον
368 615 536 697 ἐπίπεδον,
561 609 684 694 ὁμοίως
702 609 723 698 ἡ
741 611 826 699 τομή
845 611 966 691 κύκλος
985 613 1086 679 ἐστίν.

140 724 191 788 69.
232 717 277 787 Τὸ
302 717 359 786 διὰ
381 721 441 803 τῆς
459 720 528 794 ΑΞ
547 718 603 785 καὶ
622 725 691 785 ΒΔ
714 719 872 787 ἐπίπεδον
895 715 1005 803 ὀρθὸν
1023 715 1085 803 χρὴ
1122 735 1140 789 5.

71 839 166 893 νοεῖν
193 826 277 915 πρὸς
298 823 332 892 τό
359 828 421 893 τοῦ
444 830 579 892 ΒΓΔΕ
602 823 729 892 κόκλου
757 825 930 910 ἐπίπεδον,
963 820 1088 910 ὁμοίως

73 931 110 998 δὲ
133 932 188 998 καλ
210 929 247 998 τὸ
273 933 329 998 δια
348 933 406 1015 τῆς
425 932 493 1007 ΑΞ
511 930 567 997 καὶ
587 936 665 997 ΚΝ
684 928 794 1016 ὀρθὸν
814 931 871 997 καὶ
889 926 971 998 αὐτὸ
992 943 1086 998 νοεῖν

72 1041 126 1104 δεῖ
146 1037 231 1125 πρὸς
252 1035 291 1104 τὸ
316 1033 398 1103 αὐτὸ
423 1038 582 1104 ἐπίπεδον
602 1040 664 1104 τοῦ
684 1042 818 1104 ΒΓΔΕ
837 1034 974 1121 κόκλου,
998 1035 1086 1103 διότι

72 1143 127 1209 καὶ
159 1140 180 1228 ἡ
208 1143 277 1217 ΑΞ
305 1165 388 1228 προς
421 1139 528 1230 όρθόις
560 1145 689 1210 ἵσταται
722 1143 760 1210 ἐν
790 1145 836 1232 τῷ
865 1145 927 1210 τοῦ
955 1147 1089 1209 ΒΓΔΕ
1133 1141 1136 1149 ’

71 1247 198 1316 κύκλου
221 1249 374 1336 ἐπιπέδῳ.
409 1249 466 1314 καὶ
490 1246 532 1333 δή
556 1247 667 1315 καὶτὸ
687 1249 789 1323 ΒΞΔ
811 1244 1012 1334 ἡμικύκλιον
1029 1246 1086 1314 καὶ
1106 1271 1140 1320 10

73 1359 120 1420 ἐτι
144 1351 181 1421 τὸ
205 1355 316 1429 ΚΞΝ
338 1352 422 1442 πρὸς
450 1351 559 1439 όρθόις
588 1353 748 1440 ἱστάμενα
775 1352 838 1442 χρή
864 1366 957 1422 νοεῖν
981 1354 1086 1444 ἐντῷ

71 1462 133 1526 τοῦ
156 1464 290 1526 ΒΓΔΕ
311 1460 463 1551 ἐπιπέδῳ.

141 1569 191 1633 70.
229 1565 296 1632 Καὶ
321 1565 391 1632 ἐπεὶ
418 1562 438 1650 ή
464 1567 529 1641 ΞΑ
557 1563 646 1650 ὀρθή
674 1591 704 1652 p.
728 1569 810 1651 232,
833 1569 867 1648 6]
897 1563 1086 1653 ἐπειδήπερ,

72 1669 131 1737 ἐόιν
156 1671 273 1737 εὐθεῖα
297 1671 439 1756 ἐπιπέδῳ
463 1670 531 1736 τινὶ
554 1668 638 1755 πρὸς
661 1668 770 1755 όρθόις
788 1663 821 1757 ᾖ,
843 1672 900 1738 καὶ
918 1670 1027 1739 πάντα
1044 1668 1086 1738 τόι

73 1772 119 1841 δι’
137 1773 239 1860 αὐτῆς
258 1776 396 1841 ἐπίπεδα
414 1778 459 1866 τῳ
480 1773 569 1865 αὐτῷ
589 1776 732 1866 ἐπιπέδῳ
752 1775 835 1860 πρὸς
859 1774 967 1863 όρθόις
986 1781 1085 1844 ἔσται.
1106 1797 1138 1847 15

142 1884 193 1948 71.
226 1876 321 1946 Ὅσαι
350 1876 416 1966 ἄρα
443 1882 530 1946 εἰσίν
558 1907 588 1968 p.
612 1883 692 1966 232,
718 1883 772 1964 14]
802 1879 862 1947 ἐὰν
890 1881 1087 1962 τοσαυτάκις
1161 1909 1162 1913 ’

74 1989 273 2074 διαιρεθῶσι
297 1987 352 2053 καὶ
370 1985 411 2053 τὰ
431 1994 488 2054 έσα
506 1991 551 2078 τῷ
567 1993 635 2053 ΒΕ
656 1985 719 2053 δύο
738 1984 979 2072 τεταρτημόρια
998 1990 1085 2074 δίχα,

74 2100 130 2160 λ’σα
154 2094 219 2160 εἰσὶ
236 2092 292 2159 καλ
310 2088 350 2158 τόι
368 2090 521 2178 τμήματα
541 2090 597 2159 διὰ
616 2091 671 2177 λη’
689 2095 752 2159 τοῦ
770 2090 804 2176 ν’
824 2092 880 2159 καὶ
898 2095 936 2159 αλ
955 2092 1085 2160 εὐθεῖαι

73 2198 129 2263 διὰ
152 2197 211 2263 καθ’
234 2200 297 2264 τοῦ
319 2196 362 2282 y'.

141 2306 191 2370 72.
229 2305 421 2369 Πεσοῦνται
445 2302 486 2388 δή
512 2305 568 2370 ἐπί
586 2329 617 2390 p.
632 2307 707 2390 232,
725 2307 782 2386 20]
806 2303 867 2371 ἐὰν
885 2295 907 2392 ή
927 2306 1085 2372 ἐπίπεδον
1103 2329 1138 2378 νο

71 2406 156 2495 πρὸς
179 2410 336 2475 ἐπίπεδον
360 2403 486 2495 ὀρθόν,
517 2408 573 2475 καὶ
599 2411 717 2496 ληφθῇ
740 2407 844 2496 τυχόν
868 2423 1007 2496 σημεῖον
1031 2411 1085 2478 ἐπὶ

72 2511 150 2592 ἑνὸς
173 2516 241 2579 τόν
264 2513 441 2598 ἐπιπέδων,
465 2511 516 2582 ότι
535 2511 556 2600 ή
575 2511 640 2582 ἀπὸ
659 2517 721 2590 τοῦ
738 2517 929 2602 ληφθέντος
944 2521 1084 2602 σημείου

74 2620 127 2686 ἐπὶ
162 2617 200 2686 ui
238 2619 353 2704 ἕτερον
390 2621 549 2688 ἐπίπεδον
582 2622 725 2700 κάθετος
755 2618 902 2707 ἀγομένη
936 2621 989 2689 έπλ
1020 2620 1083 2706 τήν

72 2723 192 2809 κοινήν
219 2723 327 2811 τομήν
355 2728 464 2792 πίπτει
492 2729 561 2791 τῶν
589 2726 768 2792 ἐπιπέδων·
805 2725 1018 2812 δειχθήσεται
1046 2727 1084 2796 δὲ

73 2828 192 2909 οὕτως·
220 2836 303 2898 ἔστω
327 2833 391 2920 γὰρ
415 2831 453 2898 τὸ
475 2837 607 2898 ΑΒΓΔ
630 2832 789 2898 ἐπίπεδον
811 2829 895 2918 πρὸς
913 2828 1020 2916 όρθδις
1037 2835 1083 2922 τςό
1101 2856 1137 2906 νο

73 2942 226 3022 ΒΕΖΔ,
258 2936 315 3003 καλ
343 2934 496 3022 εἰλήφθω
527 2937 632 3026 ἐντῷ
658 2940 791 3003 ΑΒΓΔ
814 2938 957 3027 ἐπιπέδῳ
981 2936 1084 3024 τυχὸν

71 3065 285 3074 ———-—--—·

144 3120 186 3168 ω.
205 3113 269 3181 vssq
286 3112 355 3182 (P²);
375 3113 410 3166 ad
430 3132 456 3182 p.
472 3118 533 3181 ιω,
553 3117 620 3179 τις.
712 3117 754 3166 το.
774 3111 804 3165 Β.
897 3118 940 3168 71.
959 3113 1005 3167 va.

73 3190 114 3238 72.
134 3183 156 3236 Ρ
175 3180 253 3251 (ἄλλο
271 3181 507 3255 λαμβανόμενον).

70 3293 284 3303 —---—-—

145 3349 168 3397 1.
189 3342 237 3397 διά
258 3374 289 3381 -
310 3348 335 3396 2.
354 3338 435 3412 ἡμῖν]
454 3358 508 3396 om.
522 3360 549 3410 p.
635 3346 659 3395 1.
678 3340 866 3412 χρησιμεόον]
885 3339 1083 3411 χρησιμεύεινθ

71 3464 75 3469 .
107 3421 132 3468 4.
156 3410 341 3484 τεμνόμενον]
362 3428 413 3466 scr.
432 3411 543 3482 τέμνον.
638 3409 701 3467 ἐντί
714 3430 742 3483 p.
839 3417 880 3467 18.
904 3411 937 3467 αλ
953 3408 1085 3483 εόθεῑαιῙ

71 3481 202 3554 τμήματα
221 3484 253 3538 V.
327 3489 370 3538 24.
389 3484 445 3537 τῶν
464 3480 620 3556 ἐπιπέδων]
639 3479 670 3538 τὸ
689 3480 826 3539 ἐπίπεδον
846 3484 882 3535 9.

896 3562 952 3616 BA*
