2362 3796
106 131 172 196 240
258 133 414 186 SOHOLIA
432 135 471 186 IN
488 134 763 187 ELEMENTORUM
781 132 920 186 LIBRUM
933 132 969 185 II.

105 276 312 365 τετραγώνῳ.
348 272 385 342 τὸ
405 272 469 361 γὰρ
487 271 553 342 άπὸ
576 278 636 360 τής
658 275 738 360 ὅλης
754 270 966 361 τετράγωνόν
980 272 1072 340 ἐστιν
1087 277 1120 360 ρ·

108 379 239 460 δεκάκις
261 378 326 468 γάρ
349 385 415 467 ῖρ.
460 381 515 447 καὶ
537 378 575 448 τὸ
600 376 660 466 ἀφ’
686 376 762 460 ἓνός
788 383 857 447 τών
879 377 1063 466 τμημάτων
1083 370 1120 446 ὅ·

109 485 162 565 δὶς
183 484 247 574 γάρ
266 478 293 573 Β
311 478 346 555 ὅ.
390 484 428 556 τὸ
454 479 517 555 οὖν
541 482 605 553 άπὸ
628 490 687 572 τῆς
710 484 790 572 ὅλης
811 485 867 553 καὶ
889 482 927 553 τὸ
955 482 1016 570 ἀφ’
1042 479 1121 565 ἑνὸς

106 595 177 658 τών
194 591 376 678 τμημάτων
393 589 433 659 τά
453 591 689 678 συναμφότερα
703 588 894 678 τετράγωνα
908 592 960 677 ρὸ.
987 587 1122 671 τούτοις

73 721 89 770 5
109 697 148 764 δέ
164 697 254 765 ἐστιν
274 705 330 766 ἴσα
348 697 386 765 τό
404 723 440 766 τε
457 699 510 778 δὶς
527 695 594 766 ὑπὸ
612 701 671 785 της
690 695 770 783 ὅλης
787 697 843 765 καὶ
860 700 923 765 τοῦ
941 697 1121 787 εἰρημένου

106 803 274 889 τμήματος
302 803 541 891 περιεχόμενον
568 800 782 890 ὀρθογώνιον
812 802 869 870 καὶ
898 801 936 870 τὸ
963 799 1032 872 άτὸ
1059 809 1121 872 τοῦ

106 917 228 978 λοιποῦ
255 909 424 996 τμήματος
449 913 668 997 τετράγωνον.
714 914 783 977 ἔστι
810 907 875 997 γάρ
902 906 940 977 τὸ
969 909 1022 990 δὶς
1054 906 1121 978 ὑπὸ

106 1018 165 1100 τῆς
188 1015 268 1101 ὅλης
294 1017 350 1083 καὶ
377 1019 439 1084 τοῦ
467 1016 645 1104 εἰρημένον
670 1015 839 1102 τμήματος
866 1036 902 1102 μ·
944 1013 1031 1097 ἅπαξ
1053 1014 1119 1102 γάρ

109 1120 161 1199 δὶς
187 1126 244 1189 ῖκ
274 1124 380 1208 ἐστιν,
413 1124 465 1202 δὶς
493 1122 531 1191 δὲ
557 1128 578 1190 ἷι
601 1127 637 1209 μ’
678 1125 715 1190 τὸ
745 1120 783 1189 δὲ
811 1119 876 1189 άπὸ
903 1126 966 1191 τοῦ
998 1124 1119 1191 λοιτοῐ

56 1250 90 1300 10
107 1224 276 1312 τμήματος
300 1220 350 1309 ξ’ὅ·
388 1225 521 1308 ὀκτάκις
543 1227 607 1316 γὰρ
631 1239 654 1315 ἦ
673 1220 724 1309 ξὸ.
770 1225 857 1315 ὁμοῦ
878 1219 923 1309 ’ξὸ
941 1228 998 1295 καλ
1020 1231 1045 1315 μ
1065 1219 1119 1315 ρ-ὀ·

108 1436 222 1524 μάτων
244 1439 440 1532 τετραγώνῳ
465 1448 528 1508 ἴσα.
575 1438 699 1528 ὁμοίως
722 1439 760 1508 δὲ
782 1440 838 1507 καὶ
862 1441 898 1507 ἐκ
919 1443 981 1508 τοῦ
1003 1436 1120 1524 ἑτέρου

106 1542 273 1632 τμήματος
297 1549 473 1615 δείκνυται.

174 1653 226 1719 51.
256 1650 345 1720 Ἐπεὶ
368 1651 433 1739 γάρ
455 1650 493 1720 τὸ
514 1659 578 1719 AZ
599 1650 638 1719 τὸ
661 1649 726 1720 ὑπὸ
750 1655 819 1719 τών
839 1657 916 1736 ΑΒ,
935 1655 1002 1718 ΒΓ
1021 1652 1122 1735 ἐστιν,

56 1783 90 1833 15
110 1763 164 1842 ἴση
189 1757 227 1826 δὲ
250 1755 270 1845 ἡ
294 1765 356 1827 ΓΒ
383 1763 423 1849 τή
446 1765 520 1826 ΒΖ·
556 1756 768 1846 τετραγώνου
795 1757 860 1846 γάρ
888 1761 952 1827 εἰσι
979 1756 1121 1844 πλευραὶ

107 1867 170 1931 τοῦ
191 1869 266 1931 ΓΖ·
303 1869 423 1952 δῆλον,
452 1863 503 1933 ὅτι
530 1864 586 1932 καὶ
613 1861 651 1932 τὸ
675 1861 740 1931 ὑπὸ
763 1868 831 1932 τῶν
854 1870 932 1949 AB,
954 1868 1018 1929 ΒΖ
1046 1871 1126 1931 ἴσον
1150 1892 1153 1897 ·

109 1968 178 2036 ἐστὶ
200 1973 246 2061 τῷ
270 1969 335 2038 ὑπὸ
358 1982 427 2039 τῶν
450 1977 531 2055 AB,
554 1975 625 2038 ΒΓ.
670 1973 702 2037 ελ
727 1961 807 2055 οὖν,
834 1965 880 2049 ὡς
907 1977 1052 2057 εἴρηται,
1081 1966 1122 2036 τά

108 2072 173 2143 ὑπὸ
198 2079 267 2143 τών
291 2082 372 2160 ΑΒ,
395 2083 461 2145 ΒΓ
484 2077 540 2144 καὶ
564 2082 643 2162 ΑΒ,
667 2082 728 2142 ΒΖ
758 2083 813 2142 ἴσα
836 2073 995 2162 ἀλλήλοις
1017 2077 1121 2159 ἐστίν,

108 2185 177 2248 ἔστι
197 2180 234 2249 δὲ
252 2180 290 2249 τὸ
309 2189 375 2249 ΑΖ
397 2181 435 2250 τὸ
454 2180 521 2251 ὑπὸ
540 2186 609 2252 τῶν
627 2188 706 2268 AB,
724 2186 797 2265 ΒΓ,
820 2179 853 2249 v?
882 2178 949 2269 άρα
965 2177 1034 2249 ὑπὸ
1052 2183 1122 2249 τών

56 2313 90 2362 20
109 2293 185 2372 AB,
208 2293 274 2354 ΒΓ
292 2287 347 2354 καλ
372 2292 419 2355 ἔτι
441 2287 479 2356 τὸ
504 2285 570 2357 ὑπὸ
592 2293 661 2357 τῶν
685 2295 761 2375 ΑΒ,
786 2295 848 2355 ΒΖ
871 2287 1030 2356 διπλάσιά
1052 2289 1122 2355 ἐστι

108 2395 170 2459 τοῦ
188 2399 261 2459 AZ.
300 2390 383 2461 ὅστε
405 2396 460 2462 καὶ
483 2393 520 2462 τὸ
541 2394 594 2474 δὶς
610 2392 677 2462 ὑπο
696 2398 764 2463 τών
783 2400 860 2480 AB,
877 2399 944 2462 ΒΓ
962 2401 1020 2461 ἴσα
1039 2390 1122 2462 ὅντα

108 2501 153 2588 τῷ
186 2495 251 2565 ὑπὸ
282 2502 350 2567 τῶν
379 2506 461 2584 ΑΒ,
487 2506 554 2568 ΒΓ
580 2500 637 2567 καὶ
662 2507 745 2585 ΑΒ,
769 2505 831 2566 ΒΖ
864 2496 1024 2567 διπλάσιά
1057 2502 1123 2567 εἰσι

108 2608 170 2672 τοῦ
192 2612 266 2672 ΑΖ.
308 2609 377 2673 ἔστι
400 2605 438 2674 δὲ
460 2609 521 2691 τοῦ
544 2614 609 2674 AZ
633 2604 792 2673 διπλάσια
815 2603 871 2672 καὶ
893 2601 934 2673 τά
956 2610 1033 2688 ΑΖ,
1059 2608 1125 2672 ΓΕ

109 2709 188 2798 μετά
207 2715 268 2779 τοῦ
286 2707 350 2779 άπὸ
369 2715 427 2798 τῆς
441 2717 501 2779 ΓΒ
520 2710 740 2798 τετραγώνου.
772 2712 827 2779 καλ
846 2707 883 2779 τὸ
901 2709 1122 2798 συμπέρασμα

55 2842 89 2891 25
109 2821 223 2904 δῆλον.

180 2998 222 3050 51.
241 2994 306 3063 V⁸q
325 2993 423 3064 (bis1);
442 2967 565 3064 pertifiek
583 2994 619 3049 ad
638 2995 651 3048 1
669 3013 696 3064 p.
714 3001 774 3065 136,
792 3000 827 3049 20
842 3010 882 3062 sq.

107 3104 321 3114 --.-.——-—

179 3170 204 3218 4.
224 3160 272 3235 τά]
291 3179 378 3233 supra
392 3179 443 3217 scr.
454 3168 516 3217 m.1
531 3162 563 3217 B.
618 3167 644 3217 8.
662 3161 712 3216 καλ
729 3161 780 3217 τοῦ
800 3159 949 3231 εἰρημένου
963 3157 1123 3273 effrenos]

110 3277 164 3315 om.
184 3260 216 3314 B.
288 3266 328 3315 10.
348 3257 420 3331 ὁμοῦ
440 3263 469 3314 et
487 3261 540 3314 καί
555 3274 635 3314 euan.
654 3259 686 3314 B.
761 3263 802 3314 15.
821 3257 958 3329 πλευραί]
977 3258 1082 3328 nv,
1102 3280 1124 3314 τι

109 3349 165 3413 εση.
185 3330 286 3385 lacuna
305 3349 330 3399 q.
388 3331 529 3417 ‘14.'vo3v]
550 3330 600 3398 τῆς
617 3329 673 3399 Vq.
750 3328 1123 3454 16.τοξνή1τήςῖη;ἰλειυ

100 3402 246 3541 ὲέυκὲῖ.ᾳ
296 3407 337 3456 11.
361 3402 409 3472 τα]
428 3420 460 3455 το
480 3419 506 3469 q.
581 3407 622 3456 19.
645 3401 690 3473 τό]
710 3403 797 3470 (tert.)
815 3420 850 3454 τα
901 3416 928 3469 q.
1005 3404 1050 3457 λδ.
1075 3399 1122 3473 δέ]
