2362 3796
188 157 344 210 scnom
361 159 401 209 m
418 157 694 208 υτωωιιτοωοω
711 156 850 207 οωιιοω
863 154 939 207 xm.
1004 149 1068 215 667

411 351 467 414 Ad
490 373 595 434 prop.
619 349 706 414 XIV.

124 477 175 540 49.
214 475 354 562 Σφαίρηι
376 479 567 559 περιλαβεῖν
589 498 621 559 p.
640 473 714 557 298,
733 473 767 552 9]
791 475 967 557 περίληψις
990 489 1071 537 συν-

57 580 346 665 αποδεικνυμένην
370 583 493 663 ἔχουσα
515 574 578 663 τὴν
601 575 779 663 σύγκρισιν
801 580 861 662 της
889 577 1071 663 διαμέτρου

53 690 117 753 τοιῖ
148 682 459 772 περιλαμβάνοντος
491 682 575 771 πρὸς
605 681 668 769 τὴν
700 681 848 770 πλευρὰν
885 685 947 749 τοῦ
983 705 1071 767 περι-

55 791 324 877 λαμβανομένου.
1109 807 1125 856 5

123 900 175 965 50.
217 895 261 964 Τὸ
285 895 352 981 ἄρα
375 895 441 965 άπὸ
463 900 522 983 τῆς
545 901 626 963 AM
644 921 674 982 p.
694 898 768 982 298,
788 899 844 979 22]
869 894 1070 979 ἰσόπλευρον

55 1003 240 1090 ἀπεδείχθη
258 999 297 1070 τὸ
312 1008 343 1070 A
349 1010 414 1070 ΕΘ
430 1007 609 1090 τρίγωνον,
627 1001 750 1069 τούτου
769 1000 806 1069 δὲ
825 1001 934 1086 ὄντος,
959 998 1071 1084 ἐπειδὴ

55 1111 76 1196 ἡ
103 1117 169 1177 AB
199 1116 254 1193 ἴση
278 1121 383 1176 κεῖται
404 1111 444 1197 τῇ
468 1116 546 1193 ΕΘ,
573 1108 594 1195 ἡ
621 1106 659 1174 δὲ
682 1115 745 1175 ΕΘ
772 1114 827 1193 ἴση
852 1107 921 1175 ἐστὶ
942 1111 982 1196 τῇ
1006 1113 1074 1173 ΛΕ

56 1215 114 1283 διὰ
137 1216 175 1284 τὸ
198 1212 236 1282 τὸ
259 1218 427 1303 τρίγωνον
450 1212 538 1283 εἶναι
562 1211 775 1299 ἰσόπλευρον,
798 1213 854 1280 καῖ
873 1210 893 1299 ἡ
915 1219 981 1280 ΔΒ
1006 1210 1071 1300 άρα

58 1330 113 1407 ἴση
143 1321 212 1388 ἐστὶ
239 1324 279 1410 τῇ
304 1327 377 1389 ΛΕ.
423 1322 479 1390 παῖ
508 1321 577 1389 ἐπεὶ
604 1321 625 1408 ἡ
652 1327 716 1387 ΑΒ
750 1327 805 1405 ἴση
835 1320 904 1388 ἐστὶ
931 1324 971 1408 τῇ
995 1325 1072 1386 AM
1092 1338 1126 1387 10

55 1429 111 1495 καὶ
134 1425 237 1513 ἡΛΒ
260 1431 300 1516 τῇ
321 1435 397 1513 ΛΕ,
422 1432 491 1495 ἔστι
515 1427 553 1494 δὲ
575 1423 612 1495 τὸ
637 1424 703 1495 ἀπὸ
726 1430 785 1513 τῆς
804 1433 869 1493 ΑΒ
894 1424 1072 1494 διπλάσιον

56 1538 116 1602 τοῦ
140 1531 205 1603 άπὸ
225 1537 284 1620 τῆς
299 1542 378 1618 ΛΒ,
401 1534 457 1601 καῖ
479 1532 517 1601 τὸ
542 1533 608 1601 ἀπὸ
628 1537 688 1619 τῆς
703 1539 779 1600 ΜΛ
802 1531 869 1619 άρα
893 1529 1072 1600 διπλάσιόν

56 1642 126 1720 ἐστι
148 1644 209 1707 τοῦ
233 1637 298 1707 άπὸ
321 1645 380 1726 τῆς
403 1645 478 1705 AE.
519 1643 588 1705 ἔστι
612 1638 649 1706 δῖ
672 1639 692 1724 ἡ
718 1646 793 1706 ΜΛ
817 1639 992 1726 διάμετρος
1014 1648 1072 1723 τῆς

57 1750 213 1833 σφαίρας,
236 1744 257 1830 ἡ
277 1743 315 1811 δὲ
330 1750 397 1812 AE
413 1741 540 1831 πλευρά
559 1749 621 1812 τοῦ
641 1742 837 1830 ὀκταέδρου·
860 1745 877 1811 ί
897 1744 1073 1831 διάμετρος

56 1850 123 1936 άρα
146 1847 166 1937 ἡ
186 1856 266 1918 AM
286 1849 425 1936 δυνάμει
453 1854 639 1918 διπλασίων
663 1851 732 1918 ἐστὶ
754 1855 813 1936 τῆς
832 1857 899 1917 ΛΕ
919 1853 1072 1936 πλευρᾶς.
1093 1869 1126 1918 15

125 1958 177 2024 51.
210 1955 268 2034 Ὡς
287 1955 324 2023 δὲ
342 1956 363 2041 η
383 1962 448 2023 ΑΒ
471 1984 502 2043 p.
517 1958 592 2041 298,
612 1958 668 2039 24]
693 1954 813 2039 πόθεν,
836 1952 888 2023 ὅτι
907 1955 1072 2042 ωςὴΑΒ

58 2059 142 2146 πρὸς
168 2061 230 2149 την
254 2067 330 2147 ΒΓ,
363 2059 469 2142 οὕτως
496 2058 630 2129 τὸκάπδ
653 2065 713 2149 τῆς
735 2067 801 2128 AB
829 2059 913 2150 πρὸς
939 2061 977 2129 τὸ
1005 2059 1071 2129 άπὸ

58 2173 115 2254 τῆς
137 2175 224 2247 ΑΛ;
265 2168 321 2235 καῖ
348 2169 505 2254 λέγομεν,
539 2165 590 2235 ὅτι
618 2168 895 2254 ἐπιζευγνυμένης
921 2171 980 2254 τῆς
1001 2175 1072 2234 ΑΔ

58 2271 273 2362 ὀρθογώνιον
297 2278 424 2358 γίνεται
446 2272 484 2341 τὸ
508 2282 540 2340 Α
547 2279 613 2340 AB
637 2279 817 2360 τρίγωνον·
847 2273 903 2340 καὶ
926 2270 991 2341 άπὸ
1014 2276 1073 2358 τῆς

56 2377 141 2466 πρὸς
163 2381 208 2468 τῷ
233 2387 266 2445 A
288 2382 413 2465 γωνίας
435 2379 578 2458 κάθετος
601 2378 655 2446 ἐπὶ
677 2378 740 2465 τὴν
763 2385 828 2446 ΑΒ
852 2378 953 2466 βάσιν
975 2371 1073 2466 ἦκται
1092 2398 1126 2447 20

57 2511 78 2570 η
103 2489 184 2570 ΛΓ,
216 2481 261 2562 ὡς
292 2489 450 2569 γίνεσθαι
479 2483 535 2552 διὰ
563 2486 601 2553 τὸ
631 2483 779 2571 πόρισμα
806 2488 868 2552 τοῦ
894 2484 929 2570 η’
954 2487 1014 2552 τοῦ
1038 2482 1072 2555 ς’

56 2593 115 2676 τῆς
138 2597 202 2656 AB
230 2589 360 2676 βάσεως
386 2591 443 2657 καὶ
469 2601 530 2658 τοῦ
558 2591 633 2668 ἑνος
660 2582 728 2658 τῶν
755 2600 812 2676 τῆς
839 2592 969 2676 βάσεως
992 2618 1072 2677 τμη-

57 2694 174 2783 μάτων
197 2693 260 2782 τὴν
283 2694 366 2785 πρὸς
383 2699 429 2787 τῷ
448 2694 590 2783 τμήματι
610 2697 758 2783 πλευρὰν
777 2696 881 2782 μέσην
900 2694 1071 2782 ἀνάλογον

57 2800 119 2886 την
143 2807 223 2868 ΔΒ·
256 2798 341 2869 ὥστε
364 2806 455 2869 ἔσται
479 2801 525 2880 ὡς
546 2799 567 2886 ἡ
591 2809 655 2868 AB
683 2800 766 2888 πρὸς
788 2802 852 2886 τὴν
875 2807 941 2869 ΒΓ
964 2800 1072 2887 ἤγουν

59 2904 105 2985 ὥς
123 2933 143 2993 η
163 2905 277 2994 πράτη
297 2905 380 2995 πρὸς
395 2934 458 2992 την
471 2912 599 2993 τρίτην,
620 2904 725 2987 οὕτως
738 2905 775 2974 τὸ
791 2905 849 2974 άπὲ
870 2910 928 2992 της
941 2906 1073 2995 πρώτης
1092 2922 1126 2973 25

50 3023 117 3098 ,της
131 3020 196 3079 ΑΒ
221 3011 304 3101 πρὸς
326 3010 364 3080 τὸ
389 3010 453 3080 ιἰπὸ
476 3017 535 3099 τῆς
559 3014 716 3101 δευτέρας
738 3016 796 3098 της
811 3020 877 3079 AB
901 3012 947 3092 ὡς
970 3015 1071 3104 ἐντῷ

58 3124 238 3206 πορίσματι
261 3122 322 3186 τοῦ
345 3118 377 3186 α’
401 3129 463 3186 τοῦ
487 3117 520 3189 ς’
544 3125 659 3205 φησίν.

129 3285 171 3335 49.
190 3279 221 3334 P.
295 3274 502 3348 50.qu(122).
574 3282 618 3334 51.
637 3275 678 3331 Vb
697 3277 758 3347 (τοῦ
778 3273 818 3332 ιδ’
838 3276 1042 3349 θεωρήματος).

88 3381 272 3392 ....-.---

58 3387 86 3395 *
131 3415 390 3492 1³.ss0n]0m.v.
451 3425 492 3474 ιι.
512 3413 570 3474 εει
589 3419 650 3488 τῆς]
669 3419 741 3489 (ιιι.)
761 3417 815 3476 del.
835 3419 870 3475 v.
931 3425 976 3474 ιο.
996 3425 1081 3471 ιιι

56 3494 207 3565 τρίγωνον]
227 3498 280 3547 ΑΔ
299 3487 477 3561 τετράγωνον
496 3489 531 3546 V.
