2362 3796
281 164 463 215 APPENDIX
482 161 718 214 SOHOLIORUM
736 163 787 215 111.
978 157 1043 222 715

46 325 98 386 σος
121 304 191 373 ἐστὶ
213 307 260 395 τῷ
284 299 351 371 ὑπὸ
375 308 407 389 6,
428 309 452 388 ζ,
475 303 648 370 τουτέστιν
672 298 690 369 6
714 327 734 368 κ
753 309 824 379 ἴσος
849 300 918 367 ἐστὶ
940 311 986 391 τῷ
1008 309 1045 368 θ.

46 412 128 480 εάλιν
152 409 222 478 ἐπεὶ
246 407 264 477 6
289 408 351 495 μὲν
374 406 439 477 ὑπὸ
463 435 495 494 α,
515 413 536 494 β
564 408 655 476 ἐστιν
680 405 698 475 6
723 411 758 491 δ,
787 407 805 474 ὁ
831 405 867 473 δέ
890 403 956 473 ὑπὸ
976 410 1045 491 β,γ

46 538 117 587 στιν
140 518 158 586 6
180 543 211 603 ε,
235 522 326 585 ἔστιν
349 515 425 603 άρα,
450 511 495 594 ὡς
520 511 538 582 6
563 541 584 581 α
607 512 691 600 πρὸς
713 512 774 581 τὸν
794 540 830 599 γ,
854 511 961 592 οὕτως
985 509 1002 579 6
1024 515 1045 580 δ

46 622 109 712 ερὸς
131 622 193 691 τὸν
216 644 245 689 ε·
274 621 292 690 6
317 621 384 709 άρα
402 617 468 688 ὑπὸ
488 646 519 705 γ,
534 624 570 705 6,
593 619 765 687 τουτέστιν
788 618 857 704 ὁκ,
884 626 956 696 ἴσος
975 617 1044 686 ἐστὶ

46 734 73 822 ῷ
100 726 167 796 ὑπὸ
197 754 233 812 α,
252 753 282 811 ε,
309 727 461 794 τουτέστι
487 729 532 816 τῷ
561 751 592 810 η.
638 723 710 792 ἀλλ’
738 725 755 793 6
780 751 800 792 κ
827 728 873 816 τῷ
901 733 927 791 θ
955 725 1043 792 ἐστιν
1082 749 1099 797 5

46 855 114 914 σος·
153 837 188 902 οἱ
207 846 296 922 τρεῖς
319 830 385 920 άρα
414 834 449 899 oc
473 858 506 917 η,
525 840 561 917 θ,
581 857 601 898 κ
629 829 771 918 άριθμοὶ
794 839 862 899 ἴσοι
886 829 1045 915 ἀλλήλοις

46 945 125 1009 έσίν.

434 1030 576 1113 Λάιον
598 1025 643 1110 β’.

96 1158 179 1221 ἔστα
198 1149 346 1240 ἀριθμὸς
366 1146 384 1217 6
404 1153 505 1217 ατοῦ
523 1155 545 1235 β
568 1148 816 1229 πολλαπλάσιος
833 1149 917 1217 κατὰ
936 1147 997 1217 τὸν
1015 1177 1045 1236 μ.

48 1260 129 1346 ἐγω,
158 1256 210 1326 ὅτι
232 1257 288 1325 καὶ
311 1255 329 1325 6
353 1263 375 1343 6
402 1260 463 1324 τοῦ
486 1283 507 1323 α
532 1255 782 1336 πολλαπλάσιός
805 1258 874 1324 ἐστι
896 1259 979 1324 κατὰ
1004 1255 1041 1324 τὸ
1063 1279 1097 1328 1ο

48 1364 214 1452 μάνυμον
237 1364 337 1451 μέρος
359 1367 421 1431 τοῦ
443 1390 472 1449 γ.
519 1362 588 1430 ἐπεὶ
615 1361 680 1448 γάρ
709 1360 727 1430 6
750 1369 771 1447 6
800 1361 860 1430 τὸν
884 1389 905 1429 α
933 1374 1047 1449 μετρεῖ

48 1469 110 1538 ατά
139 1469 200 1538 τὸν
222 1497 258 1556 μ,
291 1474 383 1537 ἔστιν
412 1465 494 1557 άρα,
528 1465 572 1548 ὡς
599 1465 617 1535 6
644 1473 665 1554 6
697 1466 782 1554 πρὸς
799 1465 868 1562 Ιτὸν
896 1472 1042 1556 πρῶτον,

48 1575 136 1657 ῧτως
167 1574 188 1663 ἡ
220 1575 329 1664 μονάς
355 1573 439 1661 πρὸς
464 1574 525 1643 τὸν
548 1602 578 1660 γ.
628 1572 674 1654 ὡς
705 1574 743 1642 δὲ
774 1573 795 1660 ἡ
828 1572 933 1661 μονάς
961 1572 1044 1659 πρὸς

46 1730 59 1763 2
79 1711 107 1781 ‘fl
321 1680 382 1749 τὸν
397 1708 428 1767 γ,
444 1678 551 1760 οὕτως
564 1678 602 1747 τὸ
618 1676 798 1765 ὁμώνυμον
813 1679 934 1767 μόριον
949 1684 1043 1766 τοῦν

46 1826 55 1871 ι
79 1792 100 1875 6
127 1802 278 1875 ὁμώνυμοι
321 1786 404 1874 πρὸς
431 1786 573 1874 μονάδα.
619 1784 676 1852 καὶ
703 1783 748 1864 ὡς
776 1783 842 1874 άρα
868 1783 885 1854 6
909 1791 931 1871 6
959 1786 1044 1873 πρὸς
1064 1808 1096 1858 15

46 1895 107 1963 οὖν
126 1889 226 1964 μόνον
321 1892 383 1961 τὸν
398 1920 430 1979 α,
446 1892 552 1972 οὕτως
564 1890 603 1959 τὸ
619 1889 803 1978 ὁμώνυμον
816 1891 939 1980 μόριον
952 1896 1045 1979 τοῦγ

46 1981 120 2051 ὅγ’·
322 1998 405 2086 πρὸς
433 1997 573 2084 μονάδα.
620 1994 638 2065 6
666 1996 734 2083 άρα
760 1999 826 2065 νκό
854 2002 916 2065 τοῦ
939 2004 961 2082 6
988 1998 1045 2064 καὶ

46 2105 187 2191 ,ονάὸος,
209 2105 382 2172 τουτέστιν
401 2101 504 2183 αὐτὸς
526 2103 593 2189 ὁβ,
617 2111 689 2181 ἴσος
708 2102 777 2170 ἐστὶ
796 2107 841 2194 τῷ
861 2101 927 2170 ὑπὸ
948 2107 1009 2169 τοῦ
1024 2129 1045 2169 α

46 2214 82 2280 αὶ
105 2215 168 2279 τοῦ
192 2208 375 2297 ὁμωνύμου
397 2213 443 2302 τῷ
466 2237 496 2296 γ.

94 2321 154 2385 ἵνα
184 2316 221 2383 δὲ
252 2316 308 2383 καὶ
341 2314 570 2402 ἀριθμητικῶς
598 2319 796 2403 σαφηνισθῇ
828 2313 869 2382 τά
896 2320 1044 2401 τοιαῦτα,
1063 2339 1098 2388 20

46 2425 81 2493 τὶ
100 2421 163 2510 μὲν
180 2427 242 2490 τοῦ
262 2422 296 2490 α’
311 2422 482 2509 λήμματος
501 2424 652 2508 λέγομεν,
672 2421 723 2490 ὅτι
742 2420 760 2489 6
779 2422 930 2508 τετράκις
947 2423 1044 2490 πέντε

46 2529 138 2613 ξάκις
166 2537 238 2608 ἶσος
265 2528 334 2596 ἐστὶ
361 2531 408 2618 τῷ
437 2526 592 2607 πεντάκις
618 2554 654 2596 τε
678 2530 716 2609 ’ἓξ
742 2527 893 2616 τετράκις
918 2529 1043 2620 καὶτῷ

46 2635 136 2717 ξάκις
158 2637 304 2723 τέσσαρα
327 2634 492 2720 πεντάκις,
515 2635 667 2717 τουςέστι
688 2638 734 2722 τῷ
756 2639 804 2721 ρῖι.
846 2633 899 2701 ἐπὶ
923 2635 960 2702 δὲ
982 2638 1044 2703 τοῦ

46 2740 63 2799 :'
86 2739 254 2824 λήμματος
283 2737 301 2806 6
330 2738 449 2807 ἑκατὸν
477 2742 539 2805 τοῦ
566 2746 672 2806 εἴκοσι
698 2738 947 2819 πολλαπλάσιός
975 2743 1044 2809 ἐστι

46 2841 113 2910 ιατὰ
141 2841 202 2911 τὸν
223 2856 256 2928 ἓ,
289 2843 345 2909 καὶ
372 2842 390 2911 6
412 2849 435 2911 κ
460 2848 522 2911 τοῦ
546 2849 567 2931 ρ
594 2844 843 2924 πολλαπλάσιός
866 2847 936 2912 ἐστι
961 2847 1044 2912 κατά
1063 2868 1097 2918 25

48 2949 90 3018 ὸν
115 2948 153 3017 ε’.

436 3039 578 3124 Λῆμμα
600 3037 645 3124 ν’·

98 3165 182 3229 ἔστω
207 3158 225 3229 6
249 3165 354 3228 ατοῦ
376 3166 398 3246 β
421 3162 591 3247 έτιιμόριος
613 3161 695 3229 κατὰ
718 3161 779 3230 τὸν
797 3190 827 3249 γ.
873 3163 970 3248 λέγω,
993 3159 1044 3230 ὅτι

48 3269 84 3337 αὶ
104 3265 160 3353 66
178 3271 239 3336 τοῦ
255 3294 276 3335 α
295 3266 467 3354 έκιμόριός
487 3269 556 3335 έστι
574 3266 657 3336 κατά
675 3266 713 3335 τὸ
728 3268 910 3356 ὁμώνυμον
923 3268 1045 3358 μόριον

100 3509 125 3558 4.
146 3501 173 3573 ε]
191 3503 215 3566 ζ.
288 3504 330 3558 12.
350 3499 478 3575 πρῶτον]
499 3517 555 3560 scr.
574 3522 604 3561 α.
680 3507 733 3561 ‘2:1.
746 3503 813 3560 'mm
826 3500 890 3558 ἱοΧ.
903 3499 997 3553 &26¹2-
