2362 3796
121 138 185 203 148
274 140 430 192 SOHOLIA
447 141 486 192 IN
505 140 779 192 ELEMENTORUM
796 140 936 192 LIBRUM
948 142 970 191 1.

121 282 166 367 ἕξ,
188 277 360 366 τεσσάρων
384 276 421 346 δὲ
447 276 547 364 όκτό,
575 280 631 346 καὶ
659 275 709 346 ἐπ’
735 276 874 366 ἄπειρον
903 277 1036 366 ὁμοίως.
1083 276 1133 346 ἀεὶ

120 384 185 474 γὰρ
218 384 463 466 διπλασιάζεται
494 377 531 454 τὸ
565 393 697 472 πλῆθος
730 390 800 454 τῶν
832 383 993 470 εὐθειῶν,
1030 387 1068 452 αί
1099 382 1134 452 δὲ

122 495 242 577 γωνίαι
265 489 348 557 κατὰ
374 488 435 576 μὲν
457 488 495 558 τὸ
519 496 650 576 πλῆθος
668 489 835 578 αὔξονται,
857 489 940 558 κατὰ
963 489 1001 559 δὲ
1024 489 1064 559 τὸ
1084 492 1134 579 μέ·

120 606 223 683 γεθος
246 599 479 682 ἐλασσοῦνται,
503 595 590 664 διότι
611 596 650 664 τὸ
675 595 913 684 διαιρούμενον
936 592 990 663 ἀεὶ
1013 594 1134 665 ταύτόν

85 727 102 775 ο
122 705 211 793 ἐστιν
235 706 272 769 αί
293 694 315 770 δ
338 700 450 789 ὀρθαί.
487 707 546 769 καί
566 704 635 770 ἐστι
657 700 696 770 τὸ
715 701 876 790 θεώρημα
894 706 996 770 τοῦτο
1015 710 1133 772 Πυθα-

120 809 263 896 γόρειον.

188 919 240 983 63.
267 913 425 1003 Πόρισμά
441 916 509 982 ἐστι
523 912 560 982 τὸ
577 916 614 982 ἐκ
625 918 694 982 τῶν
708 912 1003 1002 ἀποδεδειγμένων
1021 916 1134 1004 ἕτερον

121 1019 165 1107 μὴ
191 1020 334 1107 ζητηθέν
360 1019 600 1106 συναναφανὲν
623 1019 793 1109 θεώρημα.

189 1130 241 1194 64.
268 1131 310 1192 Τί
322 1128 390 1193 ἐστι
405 1125 566 1213 πόρισμα;
585 1125 732 1213 πόρισμά
748 1129 816 1194 ἐστι
830 1124 912 1194 κατὰ
927 1124 1135 1213 συμβεβηκὸς
1152 1122 1156 1133 ’

70 1255 104 1305 10
123 1232 237 1316 ἑτέρου
257 1233 487 1318 δεικνυμένου,
507 1231 561 1300 ὅτε
579 1233 635 1299 καὶ
650 1231 765 1318 ἕτερόν
778 1259 811 1300 τι
825 1236 1131 1301 συναποδείκννται.

122 1342 157 1403 τί
183 1338 272 1404 ἐστιν
297 1342 463 1417 ἒνστασις;
500 1343 653 1418 ἔνστασίς
677 1341 745 1406 ἐστι
777 1338 907 1425 ζήτησις
935 1340 972 1407 ἐν
997 1340 1041 1430 τῷ
1067 1340 1129 1404 δει-

122 1443 287 1533 κνυμένῳ,
310 1434 349 1528 ἧς
372 1439 454 1510 ἄνευ
472 1448 639 1528 προβῆναι
666 1441 727 1530 οὐχ
751 1440 884 1512 οἷόντε
907 1443 952 1531 μὴ
977 1447 1134 1529 λυθείσης

122 1553 181 1634 τῆς
203 1546 403 1634 ἀντιλογίας.

484 1745 540 1809 Ad
565 1768 667 1830 prop.
690 1746 779 1811 XVI.

72 1889 105 1940 15
191 1871 241 1936 65.
279 1864 323 1935 Τό
349 1865 395 1944 ις’
420 1865 581 1953 θεώρημα
604 1872 810 1954 προτείνεται
828 1866 922 1953 ἡμῖν,
946 1865 998 1936 ότι
1017 1867 1138 1948 παντὸς

123 1972 291 2063 τριγώνου
315 1973 372 2039 ἐὰν
396 1977 476 2058 μίαν
500 1970 665 2039 τινὰτῶν
696 1977 849 2057 πλευρῶν
876 1973 1137 2064 προσεκβάλλης,

123 2078 186 2164 τὴν
206 2076 297 2157 ἐκτὸς
312 2080 417 2143 αὐτοῦ
435 2077 683 2163 συνισταμένην
696 2084 824 2164 γωνίαν
839 2076 992 2167 εὑρήσεις
1006 2088 1137 2168 μείζονα

124 2187 193 2251 τῶν
226 2179 319 2260 ἐντὸς
350 2181 405 2247 καὶ
436 2179 638 2252 ἀπεναντίον
669 2185 831 2271 ἑκατέρας.
882 2183 1076 2272 ἀναγκαίως
1104 2184 1138 2254 δὲ

125 2285 208 2375 πρὸς
230 2285 287 2366 τὰς
305 2287 508 2356 ἀπεναντίον
528 2287 638 2376 αὐτὴν
657 2292 831 2376 συνέκρινε
848 2291 903 2358 καλ
920 2290 962 2359 οὐ
975 2290 1063 2381 πρὸς
1080 2290 1138 2380 τὴν

73 2417 108 2467 20
128 2395 258 2479 ἐφεξῆς,
291 2392 363 2479 ἥτις
391 2395 480 2462 ἐστὶν
508 2393 529 2481 ἡ
560 2401 703 2483 πλησίον
730 2394 833 2484 αὐτῆς
865 2396 959 2477 ἐντὸς
990 2400 1138 2487 κειμένη·

126 2496 209 2584 αὕτη
233 2498 381 2587 μὲνγὰρ
406 2501 461 2567 καὶ
485 2509 539 2588 ίση
567 2503 709 2570 δύναται
733 2501 820 2570 εἶναι
842 2505 898 2571 καὶ
917 2502 1065 2572 ἐλάττων
1083 2508 1140 2592 τῆς

127 2604 225 2684 ἐκτός.
271 2603 291 2691 ἡ
326 2606 362 2674 δὲ
394 2606 485 2687 ἐκτὸς
516 2609 672 2695 ἑκατέρας
705 2616 824 2695 μείζων
855 2613 890 2678 ἐκ
920 2607 1046 2690 παντὸς
1072 2614 1139 2680 τῶν

126 2709 328 2780 ἀπεναντίον
355 2713 439 2802 αὐτῇ
467 2717 638 2800 κειμένων.
692 2714 750 2782 ἐὰν
777 2718 842 2803 γὰρ
873 2714 1094 2802 ὀρθογώνιον
1119 2708 1139 2806 ᾖ

125 2816 163 2886 τὸ
186 2825 367 2907 τρίγωνον,
395 2820 451 2886 καλ
481 2820 759 2907 προσεκβάλωμεν
782 2827 862 2908 μίαν
884 2825 954 2889 των
977 2821 1056 2911 περὶ
1080 2825 1140 2910 την

73 2945 108 2996 25
129 2920 253 3012 όρθην,
282 2923 302 3010 ἡ
328 2923 420 3004 ἐκτός
444 2933 498 3011 ίση
523 2931 614 2993 ἔσται
637 2931 676 3014 τῇ
700 2928 832 3014 ἐφεξῆς,
861 2925 921 2996 ἐὰν
949 2925 986 2995 δὲ
1016 2926 1141 3016 ἀμβλυ-

129 3029 255 3116 γώνιον
278 3022 311 3119 ᾖ,
336 3035 426 3098 ἔσται
451 3030 597 3101 δυνατὸν
620 3030 681 3118 τὴν
700 3033 794 3113 ἐντὸς
812 3038 946 3119 μείζονα
963 3036 1023 3120 τῆς
1042 3033 1142 3116 ἐκτός.

200 3230 242 3278 63.
262 3224 325 3280 τοι.
398 3229 441 3279 ει.
460 3224 490 3279 Β.
564 3230 605 3280 ει,
629 3225 741 3296 νεαρ.

128 3342 340 3350 —————-

94 3460 98 3467 Ι
203 3403 225 3452 1.
250 3397 316 3452 Post
335 3397 364 3466 ἓξ
384 3402 413 3454 et
432 3394 504 3454 όκτιί
530 3417 583 3457 ras.
603 3402 633 3458 P.
708 3409 749 3459 16.
772 3385 942 3477 προσεκβαλλ
961 3403 1000 3472 V,
1024 3423 1143 3478 προσεκ-

126 3462 228 3541 fidam
245 3469 360 3525 Proelus
377 3489 405 3541 p.
426 3476 486 3541 306,
508 3478 540 3527 10
560 3471 621 3542 (sed
640 3469 667 3526 εί
683 3472 748 3529 hab.
767 3491 818 3544 pro
838 3470 908 3545 δέν).
