2362 3796
246 131 401 184 eunom
419 134 459 184 m
476 134 750 185 ELEMENTORUM
767 136 908 187 τιειιωι
921 137 942 185 1.
1031 133 1095 199 195

80 269 169 354 ὕψος
187 297 254 360 γαρ
273 273 364 339 ἐστιν
382 268 403 357 ή
422 269 488 339 άπὸ
507 282 566 358 τῆς
585 272 697 356 ἑτέρας
715 274 932 360 παραλλήλου
952 273 1096 355 κάθετος

79 379 133 447 έπλ
150 376 216 464 τήν
234 376 367 463 λοιπήν.
399 377 470 444 ἐκεῖ
485 375 547 463 μὲν
570 369 634 445 οὖν
657 375 703 445 δι’
720 376 901 465 ἀναλογίας
919 380 1094 467 δέδεικται,

80 481 134 552 ὅτι
158 483 266 562 οὕτως
289 480 417 569 ἔχειτὰ
440 488 588 569 τρίγωνα
614 483 671 550 καλ
698 481 738 550 τά
766 486 1095 574 παραλληλόγραμμα

78 588 119 658 τά
143 587 212 658 ὑπὸ
235 587 274 656 τὸ
297 585 380 656 αὐτὸ
402 586 499 673 ὕψος,
544 591 716 657 τουτέστιν
743 589 784 656 τά
814 592 850 657 έν
878 604 950 670 ταῖς
978 589 1095 671 αὐταῖς

79 697 309 784 παραλλήλοις
339 699 488 782 κείμενα,
520 690 566 774 ὡς
597 698 636 762 αι’
663 694 794 782 βάσεις,
826 695 882 763 καλ
915 680 999 764 ἴσων
1027 702 1129 769 τῶνε

78 800 216 889 βάσεων
245 796 358 869 οὐσῶν
385 809 442 867 ίσα
469 799 510 867 τὰ
537 807 658 887 χωρία,
686 801 742 869 καλ
766 805 951 870 διπλασίων
982 801 1095 871 οὐσῶν

77 909 136 976 καλ
159 905 265 976 ἄλλον
291 905 395 993 λόγον
423 908 573 993 ἐχουσῶν
599 905 661 974 τὸν
687 907 792 975 αὐτὸν
821 909 885 988 ἕξει
913 907 1017 995 λόγον
1039 911 1095 977 καὶ

78 1013 120 1083 τὰ
135 1018 242 1103 χωρία
255 1012 340 1103 πρὸς
354 1011 494 1098 ἄλληλα·
509 1014 659 1080 ἐνταῦθα
674 1015 723 1080 δέ·
739 1012 859 1103 οὐγὰρ
872 1006 916 1101 ήν
931 1012 1095 1105 ἀναλογίᾳ

76 1124 228 1209 χρῆσθαι
251 1121 387 1206 μηδέπω
413 1118 596 1200 διδάξαντα
622 1120 699 1207 περὶ
726 1115 840 1206 αάτής·
877 1118 1027 1208 ἀρκεῖται
1053 1127 1094 1211 τῇ

80 1225 211 1313 ἰσότητι
233 1224 321 1314 μόνη
345 1225 402 1292 καλ
425 1227 461 1292 ἐκ
482 1226 541 1310 τῆς
564 1224 718 1311 ἰσότητος
738 1225 801 1314 τήν
823 1226 1008 1314 ταυτότητα
1025 1231 1093 1296 τῶν
1114 1248 1147 1298 10

77 1332 214 1421 βάσεων
237 1337 472 1417 συλλογίζεται.
518 1333 556 1398 έν
578 1331 630 1399 ἑνὶ
658 1324 722 1400 οὖν
746 1335 861 1420 ἐκείνω
884 1332 925 1402 τά
948 1327 1094 1402 δταῦτα

76 1439 264 1528 περιέχεται
291 1439 509 1523 θεωρήματα,
539 1435 581 1505 οὐ
608 1436 715 1524 μόνον
744 1436 795 1507 ὅτι
824 1439 880 1506 διὰ
908 1443 987 1525 μιᾶς
1013 1436 1092 1508 άπο-

78 1546 217 1626 δείξεως
244 1548 432 1628 δείκνυσιν,
466 1541 530 1611 ὅσα
562 1544 599 1610 ἐν
630 1557 701 1622 τοῖς
727 1547 884 1632 τέσσαρσι
910 1546 1093 1632 περιέχεται

76 1650 224 1736 τούτοις,
247 1647 319 1718 ἀλλ’
337 1647 389 1717 ὅτι
409 1650 465 1717 καλ
482 1649 585 1717 πλέον
603 1675 635 1715 τι
655 1655 879 1736 προστίθησιν
896 1650 958 1735 τήν
977 1650 1093 1718 ταυτό-

76 1783 163 1844 τητα
184 1759 254 1824 τοῖν
276 1755 404 1842 λόγων,
427 1752 491 1822 κάν
514 1753 627 1821 άνισοι
650 1757 687 1821 αί
708 1754 822 1840 βάσεις
841 1747 933 1822 ὦσιν.
980 1751 1032 1822 ὅτι
1055 1755 1092 1823 δὲ
1113 1775 1145 1826 15

76 1863 137 1932 καλ
159 1867 259 1932 τοῦτο
282 1859 502 1930 πολάπτωτόν
526 1863 594 1928 ἐστι
616 1887 653 1928 το
678 1859 840 1948 θεώρημα
867 1861 922 1928 καὶ
946 1859 1094 1929 δυνατὸν

76 1967 139 2050 τὰς
162 1967 279 2054 βάσεις
296 1966 354 2046 τάς
370 1977 440 2036 τῶν
458 1965 633 2053 τριγάνων
651 1962 674 2052 ή
692 1964 816 2033 ταύτὸν
835 1967 935 2053 μέρος
953 1967 1094 2053 ἐχούσας

76 2073 266 2162 λαμβάνειν
298 2073 343 2152 ὥς
371 2073 423 2141 ἐπὶ
449 2076 518 2142 τάν
546 2071 901 2161 παραλληλογράμμων
929 2069 950 2160 ή
973 2074 1093 2159 μηδενλ

78 2181 142 2271 μὲν
156 2183 261 2273 κοινῷ
275 2180 367 2265 μέρει
381 2178 563 2265 χρωμένας,
581 2176 660 2245 καθ’
678 2181 715 2246 ἓν
730 2176 767 2246 δὲ
782 2191 921 2265 σημεῖον
935 2179 1093 2265 ἀλλήλαις

78 2285 316 2365 συναπτούσας
342 2281 363 2370 ή
387 2284 443 2351 καλ
466 2283 574 2370 πάντη
597 2288 842 2371 κεχωρισμένας
864 2283 948 2354 ὥστε
971 2285 1092 2373 μεταξὺ
1111 2307 1145 2356 20

79 2390 238 2480 γραμμήν
266 2388 369 2476 εἶναι,
403 2391 511 2476 δήλόν
538 2392 606 2459 ε’στι
635 2404 705 2470 τοῖς
732 2392 789 2459 καὶ
817 2390 916 2480 μικρά
940 2407 1093 2462 συνεῖναι

81 2499 292 2587 δυναμένοις,
314 2497 370 2564 καὶ
394 2496 445 2563 ὅτι
467 2495 549 2563 κατά
568 2496 675 2576 πάσας
692 2496 752 2576 τὰς
769 2499 917 2586 πτώσεις,
941 2496 1030 2580 ὅπως
1049 2497 1092 2568 άν

79 2609 138 2693 ἔχη
161 2602 220 2683 τάς
243 2602 357 2689 βάσεις
380 2605 533 2688 κειμένας
555 2599 575 2689 ή
599 2602 658 2683 τάς
679 2604 842 2692 κορυφάς,
865 2602 886 2691 ή
911 2604 993 2692 αὐτή
1014 2608 1092 2692 μέδ-

77 2714 176 2792 οδος,
211 2707 306 2793 άγειν
343 2708 577 2794 παραλλήλους
607 2723 679 2788 ταῖς
709 2717 868 2795 πλευραῖς
897 2711 953 2777 καλ
982 2725 1092 2779 ποιεῖν

79 2812 241 2900 ἑκάτερον
263 2817 330 2881 τάν
352 2812 539 2900 τριγάνων,
563 2815 699 2900 ἰσότητα
720 2814 962 2896 κατασκευάζει.
1110 2840 1145 2889 ‘25

151 2921 224 2988 127.
265 2925 411 2988 Τοπικον
438 2920 493 2988 καὶ
521 2924 620 2988 τοῦτο
647 2920 685 2987 τὸ
712 2919 889 3006 θεώρημα,
916 2921 972 2988 καλ
1001 2919 1092 3011 ὁρᾷς,

77 3023 131 3094 ὅτι
157 3023 198 3093 οὐ
220 3025 579 3113 παραλληλογράμμοις
605 3025 713 3112 μόνον
741 3023 897 3114 ὑπάρχει,
924 3024 1008 3094 άλίά
1036 3029 1092 3096 καὶ

74 3146 293 3156 ——an-

152 3190 211 3240 12⁷.
232 3182 395 3249 PBFVat.;
415 3182 456 3247 είς
474 3180 505 3239 τδ
525 3183 566 3250 λζ’
585 3186 651 3240 Vah.

151 3333 175 3381 1.
196 3324 210 3382 έ
229 3324 307 3413 έριις]
327 3325 442 3413 στερεάς
457 3326 514 3394 Vq.
568 3334 592 3381 2.
613 3321 689 3398 ἐκεῖ]
710 3322 785 3382 ἔστιν
799 3322 908 3395 enam
961 3334 1003 3385 1⁶.
1022 3325 1090 3401 κάν]

73 3399 129 3454 καί
145 3396 205 3467 Vq.
280 3395 362 3465 ωσιν]
383 3411 468 3450 ουσαι
486 3396 548 3466 Vq;
569 3397 617 3452 cfr.
636 3397 751 3453 Proclus
772 3418 798 3469 p.
818 3405 879 3469 406,
899 3405 977 3456 8-9.
1047 3407 1090 3458 26.

72 3464 123 3540 τό]
143 3485 198 3525 om.
219 3468 249 3523 P.
322 3464 388 3536 καί]
410 3481 463 3522 om.
482 3467 545 3525 Vat.
618 3474 662 3527 27.
680 3467 977 3545 παραλληλληραρρον
989 3472 1035 3528 Ὦ.

899 3560 957 3620 W*
