2362 3796
193 203 350 256 SCHOLIA
367 204 406 255 IN
424 201 698 254 ELEMENTORUM
715 201 854 252 LIBRUM
867 202 941 254 VIII.
1011 198 1076 263 389
1108 269 1111 272 ψ

62 344 119 411 καί
138 349 287 430 ἔμπαλιν.
325 341 367 410 οὐ
384 340 451 429 μην
476 338 560 408 ἀλλὰ
583 344 687 409 ταῦτα
705 339 957 426 καθολικώτερό
975 342 1076 409 ἐστιν.

63 447 177 534 λαβὼν
200 448 265 538 γὰρ
288 448 368 527 τοὺς
391 446 515 535 ἄκρους
537 444 690 534 πρώτους
718 443 779 514 οὐκ
804 443 928 526 αὐτοὺς
951 446 1077 533 μόνους

62 555 236 637 ἀποδείξαι
259 557 451 642 ἐλαχίστους
473 551 642 638 βούλεται,
666 549 831 620 ἀλλὰκαὶ
854 551 932 632 τοὺς
956 553 1077 638 μέσους

63 661 178 731 αὐτῶν
197 659 366 747 ἀνάλογον
381 662 583 746 ἐλαχίστους.
615 658 671 725 καί
685 660 722 726 ἐν
737 662 782 750 τῷ
796 663 896 748 τρίτω
911 657 949 726 δέ
963 657 1076 744 λαβὼν

62 768 141 848 τοὺς
164 766 286 856 ἄκρους
309 769 501 853 ἐλαχίστους
525 761 567 832 οὐ
594 763 716 850 μόνον,
744 762 796 832 ότι
823 768 964 851 πρῶτοι,
996 763 1076 832 ἀπο·
1114 785 1130 834 5

64 879 253 959 δείκνυσιν,
285 871 369 941 ἀλλὰ
401 872 458 939 καί
491 871 543 940 ότι
576 873 612 938 οἰ
640 872 736 957 μέσοι
765 869 876 939 αὐτῶν
906 870 1077 957 ἀνάλογον

64 980 238 1067 ἐλάχιστοι.
285 979 370 1048 οῗστε
399 975 455 1046 διὰ
484 976 546 1063 μέν
573 980 641 1045 τῶν
665 978 873 1064 εἰλημμένων
897 979 1078 1064 ἐλαχίστων

63 1086 119 1153 καί
142 1084 222 1164 τοὺς
240 1083 284 1171 μὴ
305 1084 523 1171 εἰλημμένους
542 1085 736 1169 ἐλαχίστους
750 1086 900 1151 δείκνυσι
919 1082 1079 1172 πρώτους,

64 1190 120 1261 διὰ
158 1190 196 1259 δέ
231 1200 299 1259 τῶν
337 1189 544 1276 εἰλημμένων
581 1189 724 1274 πριόνων
758 1188 814 1256 καί
845 1188 926 1268 τοὺς
958 1190 1080 1277 μέσους

65 1299 284 1386 εἰλημμένους
311 1295 464 1382 πρώτους
493 1298 665 1362 δείκνυσιν
697 1298 898 1381 ἐλαχίστους.
944 1294 1079 1374 εἰκότως
1098 1316 1132 1365 10

63 1404 130 1490 ἄρα
154 1402 216 1473 οὐκ
238 1400 388 1491 ἠρκέσθη
413 1404 553 1481 ἐκείνοις
576 1399 702 1487 μόνοις.

444 1598 501 1663 Ad
523 1619 627 1683 prop.
650 1596 707 1662 IV.

134 1721 164 1787 6.
200 1716 414 1788 Ὁποσωνοῦν
444 1722 544 1805 δηλοῖ
575 1717 613 1786 τὸ
646 1717 814 1806 διάφορον
846 1715 1018 1804 ἡμιολίου,
1051 1723 1082 1787 εἰ

66 1827 172 1913 τύχοι,
195 1826 251 1892 καί
274 1827 442 1911 ἐπιτρίτου
465 1826 521 1892 καί
542 1822 755 1912 ἐπιτετόρτου
778 1825 834 1891 καὶ
853 1827 1003 1893 ἐπιέκτον
1025 1825 1081 1891 καὶ

68 1930 292 2018 ὁσωυὸηποτε.
320 1920 415 1997 οὗτοι
430 1921 494 1998 οὖν
509 1932 544 1998 οἰ
556 1929 653 2016 λόχοι
666 1931 912 2018 κεχωρισμένοι.
941 1930 1081 2010 τούτους
1101 1951 1133 2001 15

66 2038 145 2119 τοὺς
172 2037 296 2123 λόγους
327 2033 514 2123 διαφόρους
540 2060 576 2102 τε
604 2033 704 2114 όντας
734 2036 789 2102 καί
819 2037 1083 2123 κεχωρισμένους

66 2146 223 2233 βούλεται
247 2153 397 2227 συνεχείς
424 2141 480 2208 καὶ
505 2140 711 2230 ἀχωρίστους
735 2143 840 2222 δείξαι
864 2145 1000 2229 ἔχοντας
1023 2139 1081 2209 τὸν

67 2251 173 2320 αὐτὸν
204 2248 309 2334 λόχον
340 2259 411 2327 τοῖς
450 2251 583 2316 δοθεῖσι
620 2249 879 2336 κεχωρισμένως.
939 2241 1013 2315 οἷον
1046 2250 1082 2316 ἐν

68 2355 210 2485 ἡμιολίω
238 2352 300 2441 μὲν
323 2350 342 2422 ὃ
365 2358 387 2440 χ
413 2352 497 2442 πρὸς
519 2354 579 2422 τὸν
602 2347 639 2440 ό,
668 2356 704 2421 ἐν
733 2356 885 2446 ἐπιτρέπω
911 2351 928 2422 ὁ
949 2346 977 2420 ό
1000 2357 1083 2441 πρὸς

68 2461 129 2528 τὸν
153 2488 188 2548 χ,
222 2463 258 2529 ἐν
287 2458 529 2551 ἐπιτετόρτω
514 2487 532 2528 ο
557 2487 573 2528 ε
602 2457 686 2546 πρὸς
709 2459 767 2528 τὸν
789 2452 822 2526 6.
867 2459 995 2528 τούτων
1020 2452 1082 2528 οὖν
1101 2483 1136 2531 κο

70 2564 175 2647 οὕτως
207 2569 353 2655 ἐχόντων
387 2571 545 2635 δείκνυσι
569 2565 648 2646 νοός
680 2566 806 2695 λόχους
835 2564 974 2646 τούτους
1007 2586 1084 2696 σμν-

69 2674 237 2760 ημμένους
259 2675 315 2741 καὶ
338 2671 592 2760 αχωρίστους”
573 2699 688 2760 οντας,
717 2669 762 2752 ὡς
788 2669 1043 2759 ὑπόκεινται,ο
1025 2665 1084 2754 ὁξ
1156 2668 1159 2673 ’

70 2771 333 2865 ὁμὸλὸῶ.

138 2889 167 2953 6.
197 2883 316 2952 Ἔστιν
344 2883 409 2972 ἄρα
438 2882 483 2964 ὡς
507 2882 524 2952 ὁ
550 2894 581 2951 Α
609 2885 693 2969 πρὸς
719 2884 779 2952 τὸν
802 2891 847 2969 Β,
880 2881 985 2963 οὕτως
1014 2881 1084 2951 ὁΘ

71 2989 154 3079 πρὸς
171 2989 231 3058 τὸν
246 2997 285 3057 Η
302 3017 332 3078 ρ.
347 2993 423 3078 280,
437 2993 538 3074 6-7]
563 2985 584 3075 ἢ
605 2986 662 3056 διὰ
679 2987 739 3058 τὸν
760 2988 842 3076 όρον
864 2990 920 3057 καὶ
943 2987 1084 3071 ἐναλλὰξ
1103 3009 1137 3060 26

70 3093 91 3182 ἢ
122 3095 177 3165 διὰ
206 3095 267 3164 τὸν
295 3094 379 3181 ὅρον
409 3095 464 3163 καί
493 3094 662 3164 ἀνάπαλιν
693 3092 714 3182 ἢ
744 3095 799 3164 διὰ
827 3095 866 3164 τὸ
893 3098 935 3177 ιζ’
958 3098 1019 3163 τοῦ
1044 3093 1084 3181 ζ’,

143 3262 168 3312 6.
187 3256 251 3324 Ψη
271 3255 325 3326 (1³²,
345 3254 377 3308 6³
395 3251 565 3324 θεοδόρου).
638 3262 662 3310 6.
682 3254 801 3325 ΜΟ).

144 3403 169 3452 8.
189 3399 333 3452 δείκνυσιν
353 3396 446 3452 Bvat
530 3401 554 3450 9.
574 3395 689 3468 μέσους]
709 3397 792 3451 scrib.
812 3396 859 3465 μή.
942 3402 984 3451 16.
1004 3391 1086 3450 ὅσον·

72 3465 226 3557 δήποτεο.
304 3475 348 3524 22.
367 3466 417 3524 καὶ
436 3463 621 3557 ἀχωρίστους]
640 3484 698 3523 om.
717 3485 747 3537 οι
823 3473 876 3521 26
891 3461 1120 3567 λυολλῶλτωρι

74 3535 237 3608 ἐναλλόξρ.
312 3545 353 3595 26.
374 3538 501 3613 τόΠί,
519 3536 621 3610 τόνο
