2332 3818
311 155 495 206 APPnme
513 153 750 206 scnomomm
768 154 814 208 1v.
1006 150 1073 227 72².

52 298 123 367 δύο
147 291 304 385 ἀριθμῶν
328 297 483 374 ἐπίπεδος
510 302 583 374 ίσος
606 293 675 362 ἐστὶ
704 307 776 373 τοῖς
798 298 891 362 ἔατε
913 297 975 361 τοῦ
999 291 1072 360 άδι-

53 404 193 489 αιρίτου
228 401 285 468 καὶ
322 399 465 468 ἑκάστου
500 410 569 468 τῶν
601 402 713 485 μερῶν
744 402 806 468 τοῦ
840 400 1073 484 διαιρεθέντος

55 509 240 588 ἐπιπέδοις·
268 505 348 592 ὅπερ
372 511 441 574 ἔδει
464 508 577 586 δεῖξαι.

51 908 55 913 ·
122 859 201 928 Ἐάν
238 856 383 946 άριδμὸς
419 864 466 940 είς
497 858 560 927 δύο
593 855 763 945 άριθμοὺς
795 861 969 946 διαιρεθῇ,
1007 856 1069 925 δύο
1107 884 1125 933 5

56 970 209 1037 ἐπίπεδοι
240 963 381 1054 άρνδμοδ
414 969 451 1033 οί
479 967 655 1052 γενόμενοι
688 970 724 1032 ἔτι
751 991 786 1032 τε
815 975 876 1033 τοῦ
904 962 987 1032 ὅλου
1014 963 1071 1030 καλ

54 1074 216 1161 ἑκατέρου
242 1075 310 1140 τῶν
338 1076 449 1160 μερῶν
477 1072 727 1159 συναμφότεροι
755 1079 823 1140 ῖσοι
846 1071 911 1139 είσὶ
933 1074 979 1163 τῷ
1003 1067 1069 1138 άπδ

54 1184 121 1250 τοῦ
143 1177 226 1247 ὅλου
248 1177 456 1270 τετραγώνῳ.

126 1282 271 1374 άριδμὸς
302 1284 367 1370 γὰρ
401 1281 418 1352 ὁ
447 1289 490 1370 αβ
523 1283 701 1373 διῃρήσθω
734 1287 781 1363 είς
809 1283 872 1352 δύο
901 1280 1072 1372 άριθμοὺς

53 1389 138 1470 τοὺς
160 1417 214 1477 αν,
228 1395 280 1476 μβ.
321 1390 417 1476 λέγω,
441 1388 492 1458 ὅτι
517 1389 579 1459 δύο
604 1393 753 1458 ἐπίπεδοι
776 1388 919 1477 άριθμοδ
943 1387 1016 1458 ὅτε
1034 1390 1071 1456 έν
1090 1415 1126 1464 10

53 1501 127 1566 τῶν
145 1502 199 1582 αβ,
215 1523 257 1582 αν
279 1495 334 1564 καὶ
358 1494 376 1564 ὁ
401 1497 437 1563 ἐκ
458 1500 527 1565 τῶν
546 1501 602 1582 αβ,
615 1501 659 1582 βμ
682 1497 901 1577 συντεθέντες
919 1504 988 1564 ῖσοι
1006 1494 1071 1562 είσλ

54 1607 104 1696 τῷ
127 1599 192 1670 άπὸ
215 1607 278 1670 τοῦ
302 1607 345 1688 αβ
367 1603 572 1691 τετραγώνῳ.

127 1706 144 1775 ὁ
173 1707 236 1797 μὰρ
259 1713 302 1793 αβ
329 1705 450 1775 ἑαυτὸν
478 1710 771 1788 πολλαπλασιάσας
793 1714 927 1777 ποιείτω
950 1707 1013 1777 τὸν
1038 1712 1070 1793 δ,

54 1813 76 1884 ὁ
103 1813 141 1883 δὲ
163 1842 206 1901 αν
229 1812 290 1882 τὸν
313 1819 357 1899 αβ
379 1813 671 1894 πολλαπλασιάσας
692 1819 827 1883 ποιείτω
851 1813 911 1883 τὸν
934 1820 981 1899 εξ,
1009 1812 1071 1881 τόν

56 1920 97 1989 δὲ
115 1919 221 1988 αὐτὸν
240 1926 284 2006 αβ
305 1920 361 1987 καὶ
381 1917 398 1988 ὁ
418 1925 460 2006 μβ
481 1922 773 2001 πολλαπλασιάσας
791 1926 925 1989 ποιείτω
944 1919 1004 1988 τὸν
1024 1925 1070 2006 gn.
1091 1945 1124 1996 15

56 2026 129 2096 ἐπεὶ
141 2032 260 2095 τοίνυν
274 2023 291 2093 ὁ
308 2052 350 2113 αν
363 2025 424 2094 τὸν
438 2031 481 2111 αβ
497 2026 790 2108 πολλαπλασιάσας
804 2029 938 2112 ἐποίησε
950 2024 1013 2095 τὸν
1027 2031 1071 2111 εζ,

645 2129 662 2200 ὁ
683 2130 748 2221 άρα
768 2138 811 2218 αβ
834 2145 948 2218 μετρεῖ
963 2131 1023 2201 τὸν
1038 2139 1073 2214 εζ

483 2187 617 2293 γλ-δ
647 2237 730 2307 νατδι
752 2236 811 2319 τάς
830 2239 866 2306 ἐν
885 2243 930 2330 τῷ
951 2265 993 2324 αν
1012 2265 1072 2325 μο-

606 2362 610 2399 ¹
646 2344 760 2425 νάδας
793 2345 926 2414 πάλινέ
910 2342 1007 2414 έπεὶ“
994 2372 1012 2412 ο
1027 2350 1071 2431 μβ

57 2470 614 2576 ὲ-ᾴ-ὲ--Ι
645 2451 706 2520 τὸν
720 2458 763 2539 αβ
779 2452 1073 2531 πολλαπλασιάσας
1091 2476 1126 2526 20

646 2558 848 2645 έποίησετὸν
861 2566 908 2645 ζη,
923 2558 1072 2646 ὁάρααβ

57 2681 172 2754 μετρεῖ
196 2665 257 2734 τὸν
281 2674 316 2753 ζη
344 2666 426 2735 κατὰ
453 2667 512 2746 τὰς
539 2668 577 2733 έν
598 2668 644 2756 τῶ
668 2668 711 2749 μβ
739 2663 899 2751 μονάδας.
945 2666 1072 2753 ἐμέτρει

58 2772 97 2838 δὲ
119 2771 176 2838 καὶ
197 2769 259 2836 τὸν
281 2779 315 2852 εξ
335 2770 419 2839 κατὰ
442 2771 501 2850 τάς
524 2772 561 2838 έν
583 2773 628 2860 τῷ
652 2796 695 2854 αν
718 2768 881 2855 μονάδας·
905 2768 986 2838 ὅλον
1005 2769 1071 2856 άρα

57 2873 120 2940 τὸν
140 2899 177 2961 εη
196 2889 309 2962 μετρεῖ
325 2874 343 2943 ὁ
363 2880 407 2960 αβ
425 2875 507 2943 κατὰ
525 2873 584 2954 τάς
602 2877 639 2942 έν
659 2876 764 2965 ἑαυτῷ
779 2873 936 2960 μονάδας.
968 2874 1070 2942 πάλιν

57 2979 130 3048 ἐπεὶ
167 2978 185 3047 ὁ
219 2984 262 3064 αβ
300 2978 420 3048 ἑαυτὸν
456 2979 749 3059 πολλαπλασιάσας
781 2982 916 3066 ἐποίησε
946 2977 1006 3046 τὸν
1038 2982 1071 3064 δ,
1089 3002 1126 3054 25

57 3099 173 3176 μετρεῖ
201 3083 267 3173 άρα
299 3086 355 3153 καὶ
382 3084 443 3154 τὸν
467 3090 487 3153 δ
518 3083 601 3154 κατὰ
628 3085 687 3166 τδις
714 3088 751 3154 έν
779 3086 884 3177 ἑαυτῷ
913 3083 1072 3172 μονάδας.

58 3192 217 3282 ἑκάτερον
236 3190 303 3278 άρα
320 3195 389 3259 τῶν
409 3195 439 3276 δ,
455 3217 492 3277 εη
516 3205 629 3277 μετρεῖ
645 3189 662 3260 ὁ
679 3197 722 3277 αβ
739 3189 822 3258 κατά
836 3191 895 3271 τὰς
909 3193 946 3259 ἐν
965 3191 1071 3283 ἑαυτῷ

132 3431 174 3480 13.
193 3423 309 3491 ποιήτω
384 3428 426 3477 14
445 3419 560 3491 ποιήτω.
630 3425 671 3475 16.
690 3416 807 3488 ποιήτω.
871 3425 914 3477 19.
932 3415 1069 3475 πάλιν-

57 3503 103 3553 24.
121 3493 262 3568 μονάδας]
282 3495 325 3552 bis
344 3499 388 3567 (22
409 3495 504 3568 μετρῇ,
524 3498 558 3549 24
577 3486 673 3568 αὐτῶ).
746 3497 790 3548 27.
810 3489 855 3565 εη]
876 3512 918 3551 εα.
