2362 3796
88 152 156 216 482
238 152 394 207 scnom
411 153 451 204 m
467 151 743 205 εεωεεοαεοουιι
760 151 901 203 mmm
913 151 946 203 x

89 293 155 362 ὑπὸ
178 296 247 362 τών
270 300 354 378 BA,
374 297 446 359 AF
469 299 545 360 ίσον
568 288 655 359 εἶναι
676 304 748 370 τοῖς
771 281 810 375 ἱβ
832 289 888 356 καὶ
912 294 941 357 ι“ε
964 297 1106 370 λεπτολς.

91 399 277 486 εὑρίσκεται
297 391 361 466 οὖν
380 396 499 477 οὕτως·
523 399 592 466 ἐπεὶ
607 395 778 484 ἐμάθομεν
792 400 839 476 είς
856 394 895 465 τὸ
913 394 948 481 β’
968 400 1103 483 βιβλίον

90 505 253 595 θεώρημα
275 505 316 592 ε’,
344 502 412 590 ὅτι,
440 503 500 572 ἐὰν
528 501 646 571 εὐθεῖα
672 501 807 590 γραβμὴ
835 505 947 591 τμηθῇ
976 504 1025 582 είς
1049 509 1106 569 ι’σα

89 613 145 681 καὶ
174 611 290 698 ἄνισα,
323 608 361 678 τὸ
388 607 455 678 ὑπὸ
481 613 550 678 τών
578 605 707 678 ἀνίσων
735 612 793 696 τὴς
817 605 896 695 ὅλης
922 605 1105 695 τμημάτων

55 718 328 806 επεριεχόμενον
352 713 568 805 ὀρθογώνιον
593 713 676 803 μετά
707 717 768 782 τοῦ
800 711 866 783 ἀπὸ
892 715 952 801 τῆς
979 711 1103 801 μεταξὺ

88 829 158 893 τών
181 828 295 911 ταμών
312 821 525 912 τετραγώνου
543 829 619 889 ίσον
638 821 708 889 ἐστὶ
726 824 771 914 τῷ
791 819 857 888 ἀπὸ
875 822 934 907 τῆς
951 817 1107 907 ἡμισείας

89 930 298 1021 τετραγώνῳ,
317 934 435 1016 ἔχομεν
451 927 488 997 δέ
501 926 539 999 τὸ
554 924 621 995 ὑπὸ
635 937 704 996 τών
717 934 796 1012 BA,
813 930 884 994 AF
895 924 1105 1015 παραλληλό-

90 1063 244 1124 γραμμον
267 1032 555 1123 ὁμολογούμενον·
580 1043 656 1102 ίσον
677 1032 743 1121 γάρ
762 1036 817 1101 δελ
832 1030 920 1101 εἶναι
937 1034 1039 1100 τοῦτο
1058 1034 1104 1125 τῷ

91 1140 156 1210 ἀπὸ
184 1145 241 1228 τῆς
268 1139 420 1229 ἡμισείας
446 1144 505 1226 τῆς
530 1148 563 1208 Α
594 1138 668 1228 ἡτοι
699 1142 745 1232 τῷ
776 1138 920 1230 τετάρτῳ
947 1140 1010 1206 τοῦ
1034 1136 1104 1207 ἀπὸ

39 1274 73 1324 10
91 1253 149 1334 τὴς
163 1255 208 1314 Α·
232 1247 292 1316 έάν
310 1245 376 1336 ἀρα
394 1250 494 1315 τοῦτο
513 1245 690 1334 ἀφέλωμεν
709 1245 870 1333 μονάδων
889 1236 979 1330 ἀνῷ
996 1246 1055 1313 καὶ
1072 1250 1104 1314 ἴε

90 1361 231 1439 λεπτών,
255 1350 299 1433 ὡς
317 1360 464 1439 εἴπομεν,
483 1349 548 1421 ἀπὸ
566 1356 628 1420 τοῦ
645 1350 859 1440 τετραγώνου
875 1355 936 1438 τὴς
952 1348 1105 1438 ἡμισείας

89 1463 148 1546 τῆς
165 1464 238 1542 ΒΓ,
261 1460 411 1528 τουτέστι
428 1463 497 1528 τών
516 1484 552 1527 νε
515 1455 785 1546 μονάδων·
767 1485 789 1546 η
807 1484 872 1544 γαρ
891 1460 954 1525 EF
967 1455 1105 1544 ἡμίσεια

91 1558 178 1634 οὖσα
200 1569 259 1652 τὴς
281 1568 350 1633 AF
368 1565 538 1653 μονάδων
553 1565 660 1633 ἐστὶ
644 1590 671 1650 ε,
693 1563 804 1632 καὶ
771 1589 809 1632 το
833 1563 1046 1652 τετράγωνον
1065 1562 1104 1632 τὸ

90 1668 147 1738 ἀπ’
164 1671 267 1759 αὐτῆς
285 1692 335 1740 ιιε
363 1669 423 1740 έάν
445 1677 563 1740 τοίνυν
581 1669 757 1758 ἀφέλωμεν
775 1668 815 1738 τὰ
835 1676 870 1756 ιβ
887 1671 985 1738 καῖ’
958 1694 988 1738 ιε
1001 1666 1105 1739 λεπτά

38 1801 72 1850 15
91 1775 156 1845 ἀπὸ
180 1787 249 1846 τών
266 1804 314 1863 κε,
337 1779 667 1865 καταλειφθὴσονται
685 1783 720 1862 ιβ
742 1777 861 1844 καὶ*
817 1803 856 1864 με
884 1772 1041 1862 λεπτά,“
1019 1799 1104 1907 οπερ

91 1885 160 1952 έστδ
191 1881 230 1951 τὸ
258 1880 323 1952 ἀπὸ
351 1895 410 1971 τῆς
434 1891 502 1951 ΕΔ
513 1865 760 1971 τετράγωνον,
786 1878 863 1969 μεθ’
890 1873 932 1950 οὗ
962 1880 1001 1949 τὸ
1034 1881 1103 1950 ὑπὸ

90 1993 158 2058 τών
181 1997 264 2074 BA,
288 1996 358 2057 AF
387 1982 509 2057 ίσου
489 2017 533 2077 ην
560 2000 606 2081 τῷ
634 1988 699 2057 ἀπὸ
727 1992 786 2076 τὴς
811 1986 970 2076 ἡμισείας.
1015 1986 1102 2074 αὕτη

90 2093 156 2180 ἀρα
183 2094 204 2181 ἡ
234 2103 303 2163 ΕΔ
335 2096 431 2183 μὴιιει
463 2097 530 2165 ἐστὶ
559 2095 719 2183 μονάδων
746 2099 850 2179 τριών
876 2095 933 2162 καί
959 2092 1105 2181 πρώτων

90 2205 220 2269 λεπτών
239 2193 286 2268 λδ
298 2201 354 2269 καὶ
374 2204 540 2287 δευτέρων
559 2195 606 2269 ι’δ·
629 2206 733 2270 ταῦτα
751 2201 816 2290 γάρ
833 2204 925 2270 έστιν
937 2198 959 2287 ἡ
973 2199 1104 2287 πλευρά

38 2329 72 2378 20
90 2310 158 2374 τών
182 2299 218 2391 ἷβ
239 2307 295 2373 καὶ
318 2311 450 2375 λεπτών
473 2313 522 2392 με.
558 2307 683 2393 ταύτην
707 2299 771 2375 οὖν
793 2306 855 2393 τὴν
873 2303 1023 2393 πλευράν
1043 2304 1105 2375 ἐὰν

90 2407 267 2497 ἀφέλωμεν
290 2409 356 2479 ἀτιὸ
378 2415 437 2498 τῆς
454 2411 607 2498 ἡμισείας
623 2416 682 2498 τὴς
697 2420 762 2481 ΕΓ
782 2412 884 2500 οάσης
902 2411 1066 2500 μονάδων
1077 2423 1106 2497 ε,

90 2515 418 2603 καταλειφθὴσονται
451 2515 555 2603 μονάς
584 2523 643 2605 μία
674 2520 730 2586 καὶ
760 2518 862 2588 λεπτά
888 2524 926 2588 τῖε
948 2524 1000 2606 βξ.
1045 2519 1105 2586 καὶ

92 2621 169 2690 ίδοὺ
192 2621 342 2710 φανερὸν
366 2625 508 2710 ἐγένετο,
530 2628 597 2692 τιοῦ
616 2627 726 2712 μέλλει
744 2630 887 2712 τεθὴναι
904 2623 942 2693 τὸ
962 2633 996 2692 A
1017 2621 1104 2692 κατὰ

90 2727 153 2816 τὴν
177 2734 350 2819 διαίρεσιν.
392 2727 451 2797 έάν
473 2728 537 2818 γάρ
561 2728 626 2799 άτιὸ
649 2730 729 2819 ὅλης
750 2736 816 2818 τῆς
832 2736 899 2800 ΒΓ
917 2729 1020 2817 οὔσης
1043 2756 1105 2817 μο-

38 2859 72 2908 25
91 2834 206 2905 νάδων
224 2842 243 2898 ῖ
261 2833 438 2925 ἀφέλωμεν
457 2837 589 2924 μονάδα
608 2842 689 2925 μίαν
706 2840 761 2907 καὶ
780 2837 882 2907 λεπτά
901 2844 938 2907 τῖε
955 2838 1011 2905 καὶ
1027 2835 1105 2906 δεώ-

90 2967 168 3028 τεροι
182 2947 237 3030 μξ,
250 2942 552 3031 καταλειφθήσεται
566 2942 587 3031 ἡ
603 2952 671 3012 BA
685 2945 830 3032 μονάδες
843 2955 866 3031 ἡ·
879 2946 935 3012 καὶ
949 2937 1107 3012 λεπτδιλδ

90 3048 146 3115 καὶ
170 3040 212 3119 ιδ.
258 3054 384 3135 γίνεται
409 3047 447 3116 δὲ
470 3050 577 3129 οὕτως
603 3050 659 3118 ναὶ
685 3049 724 3118 τὸ
751 3049 817 3118 ὑπὸ
840 3054 910 3119 τών
932 3057 1010 3134 BA,
1035 3057 1111 3120 AF

91 3154 327 3285 περιεχόμεγον
342 3153 421 3242 μετά
434 3159 496 3224 τοῦ
506 3155 571 3224 ἀπὸ
586 3161 644 3242 τὴς
654 3164 807 3263 ΕΛ-ίσον
820 3161 866 3247 τῷ
882 3155 947 3225 ἀπὸ
962 3159 1020 3242 τῆς
1030 3164 1106 3226 ΕΓ·

90 3258 127 3327 τὸ
152 3261 213 3345 μὲν
236 3261 300 3348 γάρ
323 3259 388 3329 ὑπὸ
414 3269 493 3347 BA,
518 3264 628 3330 ΔΓέ
628 3281 680 3330 στι
704 3269 738 3349 ιβ
765 3264 820 3330 καί
843 3266 970 3331 λεπτών
993 3266 1025 3332 ἴε
1046 3266 1107 3332 καὶ

89 3377 303 3387 *mm—..—

160 3425 202 3475 17.
223 3416 368 3510 αάτηΠς
388 3437 440 3476 scr.
456 3417 537 3490 αὕτη.
609 3425 651 3476 26.
672 3418 807 3492 μονάδες]
827 3410 862 3493 μά
881 3423 916 3490 V,
935 3417 1109 3491 μονάδωντ

76 3486 157 3547 hene.
235 3491 341 3569 λεπτά]
362 3495 396 3568 V,
417 3494 528 3552 λεπτῶν
546 3511 561 3550 τ
577 3492 663 3550 ουτω.
