2362 3796
106 123 151 189 80
259 126 416 178 SCHOLIA
433 128 472 178 IN
490 126 764 178 ELEMENTOBUM
783 127 922 178 LIBRUM
935 128 958 178 Ι.

173 262 305 333 Εύδεῖα
324 265 458 353 γραμμῆ
478 267 579 350 ἐστιν,
602 263 674 352 ῆτις
694 267 727 346 ἐξ
747 275 824 333 ίσον
843 280 912 345 τοῖς
931 264 985 351 ἐφ’
1003 267 1125 354 ἑαυτῆς

107 377 255 458 σημείοις
277 385 390 439 κεῖται.

173 477 318 545 Πλάτων
351 477 412 564 μὲν
449 477 512 545 δύο
543 476 583 546 τὰ
616 475 828 545 ἁπλούστατα
860 483 1014 566 γραμμῆς
1047 485 1123 567 εἰδη

16 586 19 592 ’
106 586 249 671 θέμενος
272 581 410 652 εὐθεῖαν
432 583 488 650 καὶ
506 587 668 671 περιφερῆ
687 581 792 650 τᾶλλα
810 581 919 650 πάντα
938 587 973 652 ἐκ
991 585 1122 655 τούτων

71 688 266 778 εύφίστησι
288 689 370 758 κατὰ
395 691 500 776 μίξιν,
529 687 592 757 ὅσα
619 714 654 756 τε
682 689 846 775 ἑλικοειδῆ
872 689 927 756 καί
952 688 1015 758 ἴσα
1037 691 1121 761 κατδι

105 795 164 877 τὰς
190 796 293 883 τομὰς
320 794 499 882 ὑφίσταται
527 799 600 881 εἰδη
632 793 815 880 καμπύλων
847 801 1020 884 γραμμῶν.
1064 799 1121 866 καί

105 909 213 972 ἔοικεν
235 901 273 970 τὸ
298 902 359 989 μὲν
383 914 521 988 σημεῖον
540 899 655 968 εἰκόνα
673 903 791 987 φέρειν
809 906 871 970 τοῦ
889 903 977 984 ἑνός·
1002 905 1122 992 ἀμερὲς

105 1009 170 1097 γὰρ
198 1008 253 1077 καί
280 1012 389 1075 τοῦτο.
440 1007 495 1073 καί
524 1007 637 1092 ἐπειδὴ
671 1006 751 1094 μετὰ
784 1007 822 1076 τὸ
855 1012 892 1077 δν
924 1007 1048 1098 ὑπέστη
1081 1014 1119 1080 τὸ

105 1118 222 1204 πέρας,
249 1112 287 1182 τὸ
312 1112 468 1199 ἄπειρον,
495 1112 532 1180 τὸ
557 1112 691 1200 μικτόν,
720 1116 775 1182 καὶ
800 1119 837 1182 αί
857 1141 926 1183 ταν
955 1129 1119 1202 γραμμῶν

42 1244 87 1295 .10
106 1221 269 1306 ἰδιότητες
292 1217 556 1301 ἀπεικονίζονται
579 1223 619 1287 τὰ
643 1226 718 1309 τρία
746 1223 870 1307 ε’κεῖνα,
901 1222 956 1288 καί
983 1226 1028 1313 τῷ
1056 1223 1117 1308 μὲν

105 1328 222 1414 πέρατι
244 1323 414 1412 ἆνύλογον
432 1323 453 1412 ῆ
472 1327 676 1413 περιφέρεια,
701 1331 746 1418 τῷ
765 1327 796 1394 δ’
814 1326 938 1419 ἄπείρφ
957 1326 994 1396 τὸ
1015 1325 1117 1395 εύθύ·

107 1431 156 1501 ἐπ’
174 1431 313 1520 ἄπειρον
331 1431 395 1520 γὰρ
411 1433 656 1519 ἐκβαλλόμενον
675 1433 716 1500 ού
728 1433 880 1502 παύεται·
903 1439 948 1527 τῷ
964 1434 1002 1502 δὲ
1016 1438 1118 1526 μικτῶ

105 1537 144 1607 τὸ
164 1541 200 1608 ἐκ
217 1538 347 1607 τούτων
366 1539 493 1625 μικτόν.
528 1537 583 1606 καί
603 1540 717 1625 μέντοι
735 1539 789 1607 καὶ
806 1538 1031 1628 Ἀριστοτέλης
1044 1541 1119 1628 περὶ

105 1649 173 1714 τῶν
196 1650 361 1734 γραμμῶν
382 1645 444 1731 τῆν
466 1644 573 1732 αύτῆν
602 1650 668 1732 ἔχει
695 1651 740 1738 τῷ
765 1646 924 1714 Πλύτωνι
953 1646 1119 1715 διάνοιαν.

54 1775 87 1825 15
107 1751 354 1840 ἀμφισβητοῦσι
378 1753 418 1820 δέ
438 1778 526 1831 τινες
548 1751 630 1840 πρὸς
652 1751 715 1838 τῆν
738 1756 902 1839 διαίρεσιν
919 1753 1045 1839 ταύτην
1063 1759 1123 1820 καί

106 1881 212 1946 φασιν
231 1857 275 1947 μῆ
299 1859 363 1927 δύο
382 1859 487 1946 μόνας
505 1857 591 1927 εἰναι
608 1856 668 1938 τὰς
686 1855 803 1943 ἁπλᾶς,
826 1855 911 1925 ύλλδι
929 1861 985 1927 καί
1003 1865 1119 1948 τρίτην

105 1964 212 2052 ἄλλην
245 1967 306 2051 τῆν
337 1966 414 2051 περὶ
446 1965 630 2051 κύλινδρον
664 1965 755 2031 ἕλικα
786 1968 1018 2052 γραφομένην·
1063 1967 1119 2032 καί

106 2069 189 2158 αὕτη
209 2073 283 2159 γάρ,
303 2077 419 2157 φασίν,
439 2068 639 2156 δμοιομερῆς
659 2067 769 2156 ῶσπερ
789 2073 827 2136 αἰ
842 2068 940 2138 ἄλλαι
959 2074 996 2137 αἰ
1017 2069 1122 2138 ἁπλαῖ

106 2174 128 2263 ῆ
150 2203 185 2244 τε
208 2176 402 2263 περιφερής·
439 2175 617 2264 ἐφαρμόζει
644 2174 709 2264 γὰρ
731 2177 787 2243 καὶ
809 2176 931 2263 ταύτης
953 2176 993 2245 τὰ
1017 2178 1119 2265 μόρια

52 2303 88 2354 νο
107 2269 237 2360 ’ἑαυτοῖς
267 2286 335 2348 τῶν
367 2279 480 2349 ἄλλων
512 2286 636 2368 μικτῶν
670 2283 731 2350 οὐκ
763 2283 911 2370 ἐχουσῶν
943 2288 1043 2352 τοῦτο
1080 2282 1118 2351 τό

108 2390 238 2472 ἰδίωμα.
275 2385 351 2455 ούτε
374 2385 437 2477 γὰρ
461 2388 481 2475 ῆ
504 2388 579 2476 περὶ
602 2392 712 2457 κῶνον
734 2386 807 2457 οὔτ’
828 2386 849 2476 ῆ
873 2390 948 2477 περὶ
970 2401 1118 2478 σφαῖραν

108 2489 177 2560 οὔτ’
203 2491 223 2578 ῆ
255 2493 331 2579 περὶ
363 2492 445 2561 ἄλλο
476 2483 587 2581 Ισχῆμα
620 2492 830 2583 δμοιομερῆς.
885 2495 1009 2582 μῆποτε
1042 2487 1117 2581 οὖν,

107 2603 201 2684 φασί,
224 2612 312 2688 τρεῖς
335 2604 372 2667 αἰ
388 2597 612 2669 ἆπλούσταται
630 2607 782 2689 γραμμαί
786 2631 794 2682 ;
817 2603 954 2688 λε’ξομεν
973 2598 1015 2686 δὴ
1033 2601 1119 2688 πρὸς

107 2701 245 2791 αύτούς,
274 2704 324 2774 ότι
352 2704 551 2796 ὁμοιομερῆς
579 2706 640 2793 μὲν
667 2705 688 2793 ῆ
716 2707 853 2792 τοιαύτη
877 2705 1025 2794 γραμμῆ,
1061 2708 1118 2774 καί

53 2835 87 2885 25
108 2814 253 2898 δόδειχεν
274 2811 496 2892 Ἀπολλῶνιος
517 2816 617 2881 τούτο
642 2816 679 2880 ἐν
702 2823 748 2905 τῷ
771 2814 847 2897 περὶ
870 2815 1005 2898 ἑλίκων,
1029 2810 1117 2898 ἁπλῆ

107 2917 144 2986 δὲ
174 2915 329 3007 ούδαμῶς
362 2923 466 2988 ἐστιν·
508 2915 550 2986 ού
581 2918 646 3007 γὰρ
679 2915 803 2986 ταύτδν
837 2916 1031 3007 ὁμοιομερές
1061 2919 1118 2986 καὶ

106 3021 248 3093 ἁπλοῦν·
274 3023 473 3112 ὁμοιομερῆς
492 3024 553 3111 μὲν
572 3024 637 3112 γὰρ
660 3025 715 3091 καὶ
738 3024 861 3113 χρυσὸς
883 3026 938 3093 καί
963 3023 1119 3113 ἄργυρος,

106 3128 179 3199 ἀλλ’
201 3129 263 3218 ούχ
287 3129 426 3199 ἁπλοῦν.
473 3128 554 3198 οὐδὲ
577 3127 597 3216 ῆ
620 3134 679 3216 τῆς
701 3134 916 3219 κνλινδρικῆς
939 3132 1046 3209 ἕλικος
1068 3133 1119 3216 γε’-

106 3256 197 3315 νεσις
229 3235 328 3323 ἁπλῆ·
369 3239 527 3324 γεννᾶται
558 3235 623 3324 γὰρ
655 3240 714 3322 τῆς
746 3237 807 3323 μὲν
840 3235 977 3315 εὐθείας
1007 3237 1118 3329 κύκλῳ

179 3471 203 3522 ⁶.
225 3460 377 3537 ἑλικοειδῆ]
397 3485 412 3520 ο
432 3482 446 3520 e
466 3481 534 3521 corr.
609 3473 632 3523 6.
651 3463 813 3536 ύφίοτηται.
888 3471 929 3522 18.
950 3468 1045 3536 φησίν.

61 3556 74 3594 k
135 3558 138 3562 .

318 3753 326 3761 ,
379 3686 392 3743 ί
