2362 3796
95 175 161 240 214
247 176 460 229 SGHOL1A1N
478 173 753 227 ωιειιειιυοοοιι
770 172 911 225 LIBRUM
923 173 945 224 1.

95 313 350 384 ὑποτείνουσαν.
410 307 485 382 οἷον
516 314 577 384 τὸν
608 318 685 401 τρία
716 316 868 399 λαβοῦσα
903 312 959 379 καὶ
996 336 1114 398 τετρα-

96 426 268 506 γωνίσασα
289 421 346 488 καὶ
369 418 543 507 ἀφελοῦσα
560 424 622 488 τοῦ
640 421 740 488 ἐννέα
758 418 891 507 μονάδα
908 422 970 486 τοῦ
987 428 1010 504 ἦ
1028 425 1115 505 λαμ-

96 526 191 613 βάνει
222 525 259 594 τὸ
287 523 392 613 ἥμισυ
418 525 479 595 τὸν
507 518 531 594 δ
555 526 611 593 καὶ
638 527 746 616 τούτῳ
774 529 977 612 προστίθησι
1006 522 1115 592 πάλιν

97 635 228 719 μονάδα
250 633 306 699 καὶ
329 645 420 700 ποιεῖ
439 631 501 701 τὸν
522 643 554 700 ε·
576 632 633 700 καὶ
655 629 798 719 ηὕρηται
820 636 987 720 τρίγωνον
1007 626 1115 718 ὀρθο-

63 738 224 824 σγάνιον
247 743 325 824 ἔχον
351 736 414 824 τὴν
442 737 504 824 μὲν
531 741 650 824 τριῶν,
677 736 740 825 τὴν
768 737 807 805 δὲ
833 734 1020 822 τεσσάρων,
1049 733 1115 823 τὴν

98 843 135 912 δὲ
158 850 265 913 πέντε.
301 841 322 930 ἡ
347 843 384 912 δδ
403 842 598 913 Πλατωνικί
622 841 688 912 άπὸ
708 847 777 913 τῶν
795 841 922 932 ἀρτίων
940 842 1114 930 ἐπιχειρεῖ·

96 954 247 1037 λαβοῦσα
274 949 338 1037 γὰρ
366 949 427 1019 τὸν
456 952 603 1019 δοθέντα
630 949 748 1040 ἄρτιον
775 954 913 1035 τίθησιν
935 947 1043 1017 αὐτὸν
1069 945 1115 1029 ὡς

97 1061 178 1142 μίαν
196 1053 345 1143 πλευράν
362 1061 432 1124 τῶν
450 1057 525 1144 περὶ
543 1054 606 1142 τὴν
620 1052 733 1143 ὀρθὴν
746 1056 802 1124 καὶ
815 1059 937 1124 τοῦτον
951 1057 1115 1123 διελοῦσα

98 1163 175 1246 δίχα
192 1162 248 1227 καὶ
266 1167 510 1247 τετραγωνίσας
526 1161 565 1230 τὸ
580 1159 685 1249 ἥμισυ
702 1160 836 1249 μονάδα
854 1158 917 1247 μὲν
934 1162 981 1250 τῷ
999 1183 1114 1245 τετρα-

47 1287 80 1336 10
97 1265 197 1356 γάνῳ
220 1276 408 1352 προσθεῖσα
430 1266 604 1356 ποιεῖτὴν
626 1266 888 1351 ὑποτείνουσαν,
918 1266 1051 1352 μονάδα
1076 1265 1114 1334 δὲ

97 1369 236 1458 ἀφελὼν
262 1375 323 1440 τοῦ
352 1372 564 1460 τετραγώνου
591 1388 682 1442 ποιεῖ
706 1371 771 1460 τὴν
796 1373 912 1460 ἑτέραν
940 1375 1008 1440 τῶν
1031 1372 1111 1459 περὶ

97 1477 160 1565 τὴν
183 1475 302 1567 ὀρθήν.
340 1475 413 1548 οἷον
437 1480 497 1549 τὸν
520 1483 664 1567 τέσσαρα
687 1483 839 1566 λαβοῦσα
856 1479 913 1546 καὶ
930 1477 1053 1547 τούτου
1071 1475 1112 1547 τὸ

98 1581 202 1671 ἥμισυ
219 1591 241 1672 β
258 1591 502 1672 τετραγωνίσας
519 1588 575 1655 καὶ
593 1586 736 1673 ποιήσας
754 1583 859 1654 αὐτὸν
878 1576 908 1671 δ,
936 1581 1115 1672 άφελοῦσα

98 1691 159 1777 μὲν
182 1690 315 1778 μονάδα
338 1705 429 1759 ποιεῖ
453 1691 515 1760 τὸν
537 1697 573 1778 γ,
601 1702 789 1780 προσθεῖσα
817 1690 855 1759 δὲ
882 1704 973 1759 ποιεῖ
997 1687 1062 1758 τὸν
1085 1702 1114 1759 ἓ·

45 1815 79 1864 15
97 1796 153 1863 καὶ
176 1802 242 1882 ἔχει
268 1795 306 1865 τὸ
335 1795 417 1865 αὐτὸ
445 1797 631 1885 γενόμενον
657 1803 841 1885 τρίγωνον,
874 1793 893 1865 δ
915 1797 971 1865 καὶ
994 1796 1033 1863 ἐκ
1055 1800 1116 1884 της

98 1903 209 1988 ἑτέρας
232 1899 418 1971 άπετελεῖτο
447 1903 611 1991 μεθόδου·
648 1929 686 1973 το
710 1930 776 1990 γαρ
799 1928 865 1972 απο
887 1901 1011 1972 τούτου
1036 1910 1115 1972 ἴσον

96 2013 142 2099 τῷ
167 2005 231 2075 ἀπὸ
255 2012 316 2076 τοῦ
339 2013 360 2095 γ
382 2011 438 2077 καλ
461 2014 507 2102 τῷ
531 2007 595 2077 ιἰπὸ
618 2000 721 2078 τοῦδ
744 2019 966 2077 συντεθεῑσιυ.
1007 2013 1115 2078 ταῦτα

98 2111 159 2198 μὲν
174 2106 237 2180 οὖν
252 2115 378 2193 ἔξωθεν
392 2117 684 2203 προσιστορήσθω·
697 2119 757 2201 τῆς
772 2114 809 2182 δὲ
822 2118 884 2182 τοῦ
898 2119 1116 2200 στοιχειωτοῦ

98 2217 298 2299 ἀποδείξεως
322 2217 424 2305 οὔσης
447 2210 597 2310 φανερᾶς
620 2219 724 2291 οὐδὲν
745 2218 892 2307 ἡγοῦμαι
916 2223 988 2289 δεῖν
1011 2238 1114 2309 προσ-

46 2343 80 2391 20
98 2333 213 2390 θεῖναι
240 2325 409 2412 περιττόν,
442 2326 527 2396 άλλδι
555 2326 733 2415 ἀρκεῖσθαι
760 2341 831 2407 τοῖς
858 2327 1113 2416 γεγραμμένοις,

100 2430 169 2496 ἐπεὶ
188 2430 242 2497 καὶ
263 2429 338 2499 ὅσοι
356 2433 569 2520 προσέθεσάν
586 2461 619 2502 τι
637 2434 751 2519 πλέον,
774 2430 819 2512 ὡς
838 2436 874 2500 ol
888 2433 963 2520 περὶ
973 2430 1115 2520 Ἥρωνα

98 2536 154 2603 καὶ
178 2535 334 2623 Πάππον,
357 2536 623 2626 ἠναγκάσθησαν
646 2543 850 2626 προσλαβεῖν
868 2563 900 2605 τι
922 2540 992 2606 τῶν
1010 2540 1049 2606 ἐν
1068 2542 1114 2632 τῷ

100 2644 180 2733 ἕκτῳ
205 2644 427 2732 δεδειγμένων
453 2642 592 2724 οὐδενὸς
615 2646 713 2713 ἕνεκα
735 2641 1042 2733 πραγματειάδους.

166 2752 240 2818 150.
272 2749 380 2818 Ἔστω
413 2748 434 2837 ἡ
468 2750 565 2835 βάσις
595 2756 656 2820 τοῦ
688 2751 857 2840 τριγώνου
882 2759 917 2835 ἒ,
948 2751 1018 2817 των
1050 2748 1113 2818 δύο

46 2876 81 2926 25
98 2859 253 2942 πλευράν
277 2855 298 2942 ἡ
322 2855 384 2942 μὲν
403 2862 434 2942 γ,
458 2854 478 2943 ἡ
503 2855 535 2924 δ’
557 2857 651 2943 ἑτέρα
671 2850 702 2942 δ,
725 2856 763 2924 τὸ
788 2852 852 2924 άπὸ
874 2856 978 2923 τῶυὲ
1000 2854 1115 2944 τετρά-

98 2987 211 3046 γωνον
234 2968 285 3047 ιω,
313 2961 351 3028 τὸ
375 2959 440 3030 άπὸ
468 2967 527 3049 τῆς
548 2969 570 3049 γ
592 2956 634 3050 θ,
662 2961 699 3031 τὸ
723 2960 788 3031 άπὸ
811 2965 870 3049 της
892 2952 986 3047 δι’ξ,
1012 2966 1052 3035 ῖξ
1077 2961 1115 3030 δὲ

99 3068 155 3134 καὶ
177 3062 206 3135 θ
226 3073 279 3154 ιι-ε,
307 3066 390 3156 ἅπερ
419 3066 500 3136 ὅλον
530 3070 599 3137 ἐστὶ
622 3067 660 3138 τὸ
684 3066 749 3136 ιἰπδ
772 3073 831 3155 τῆς
850 3080 869 3136 ἒ
891 3067 1114 3157 τετράγωνον.

172 3267 231 3317 150.
251 3262 312 3316 V¹f.

100 3372 312 3383 ——-——-

169 3443 194 3489 2.
216 3439 279 3509 τοῦ]
300 3438 398 3508 (prius)
418 3444 479 3502 ταῖς
497 3455 513 3494 e
528 3454 597 3493 corr.
612 3437 643 3493 P.
717 3445 758 3493 12.
778 3435 893 3511 τούτου]
912 3440 963 3496 τοῦ
984 3440 1016 3497 Ρ.
1073 3446 1117 3499 16.

83 3502 205 3580 τρίτον]
220 3512 327 3566 τουτον
345 3513 376 3568 Ρ.
455 3516 498 3570 17.
519 3513 698 3569 συντιθεῖσιν
715 3508 753 3566 P.
