2362 3796
219 127 376 181 scnom
393 129 432 179 m
450 126 724 178 ELEMENTORUM
741 125 881 176 αιεαοα
894 125 917 177 1.
1005 117 1068 183 113

56 273 163 355 ἐστιν,
195 267 269 336 ἀλλ’
296 272 327 335 εί
353 265 415 354 μὲν
443 263 683 353 εὐθύγραμμος
712 272 781 350 είη,
813 264 947 342 πάντως
979 261 1068 352 ὀρθὴ

55 381 162 462 ἔσται,
195 374 367 443 δύνασθαι
400 373 441 440 δέ
468 391 574 459 φησιν
602 369 619 439 ὁ
644 370 785 450 Πάππος
815 370 870 437 καὶ
892 370 1069 458 περιφερό-

54 507 210 570 γραμμον
243 486 373 567 γωνίαν
406 486 484 564 ίσην
518 475 608 566 ὀρθῇ
642 479 833 564 δειχθῆναι,
865 477 920 543 καὶ
954 480 1069 562 δῆλον,

56 586 102 668 ῶς
125 587 237 656 οὐκέτι
259 585 323 673 τὴν
345 584 507 670 τοιαύτην
531 582 643 671 ὀρθὴν
667 581 755 651 εἶναι
780 583 950 650 δύνασθαι
969 602 1069 670 προσ-

56 694 293 780 αγορεύσομεν.
344 774 348 779 ἱ
1107 708 1124 759 5

377 817 432 882 Ad
455 818 697 902 postulatum
721 815 751 881 5.

129 944 179 1007 14,
203 943 308 1007 Τοῦτο
324 936 341 1007 ὁ
356 939 510 1026 Πρόκλος
523 937 684 1026 θεῶρημα
699 936 786 1006 εἶναι
800 943 929 1005 τίθεται
943 941 1072 1024 μᾶλλον

63 1049 197 1114 πολλῶν
220 1042 444 1133 παράμυθιῶν
469 1045 640 1132 δεόμενον.

128 1155 177 1221 15.
201 1152 269 1220 Καί
283 1154 341 1221 ἐὰν
356 1156 404 1232 είς
419 1151 482 1220 δύο
498 1149 633 1231 εὐθείας
646 1151 701 1220 καὶ
715 1150 756 1219 τὰ
776 1151 862 1237 ἑξῆς·
882 1149 900 1219 ό
916 1148 1072 1238 Πρόκλος

60 1253 100 1326 οὐ
122 1259 227 1345 φησίν
249 1262 349 1327 τοῦτο
374 1267 496 1344 αίτημοι
524 1256 627 1344 εἶναι,
655 1254 740 1325 άλλόι
763 1256 923 1346 θεῶρημα
946 1255 1073 1336 πολλάς
1092 1278 1126 1328 10

58 1361 200 1451 ἀπορίας
223 1363 463 1452 ἐπιδεχόμενον
490 1363 545 1431 καὶ
573 1366 708 1432 πολλῶν
736 1367 783 1442 είς
814 1362 986 1444 άπόδειξιν
1020 1367 1072 1431 δε-

59 1469 181 1558 όμενον
205 1472 262 1539 καὶ
286 1470 377 1557 ὅρων
406 1470 462 1536 καὶ
490 1469 737 1556 θεωρημάτων,
769 1469 825 1535 καὶ
852 1468 890 1536 τό
918 1496 955 1556 γε
984 1467 1071 1536 άντι-

58 1579 220 1663 στρέψον,
245 1582 365 1662 φησίν,
391 1573 436 1652 ῶς
458 1573 617 1659 θεώρημα
641 1579 813 1641 δείκνυσιν
837 1572 855 1641 ὀ
881 1573 1073 1660 Εὐκλείδης.

60 1680 175 1768 τὸγὰρ
190 1677 435 1765 ἠλαττωμένων
453 1679 521 1743 τῶν
537 1674 653 1762 ὀρθῶν
668 1676 845 1745 συννεύειν
863 1677 921 1756 τάς
939 1679 1074 1760 εὐθείας

61 1784 188 1871 άληθδς
211 1783 267 1849 καὶ
290 1778 492 1866 ἀναγκαῖον,
519 1779 557 1848 τὸ
582 1782 619 1848 δὲ
642 1780 874 1860 συννενούσας
897 1783 949 1850 ἐπὶ
972 1784 1074 1852 πλέον
1095 1804 1127 1855 16

61 1894 98 1960 έν
120 1894 166 1982 τῷ
190 1886 412 1974 ἐκβάλλεσθαι
436 1894 684 1974 συμπεσεῖσθαί
703 1909 783 1954 ποτε
807 1887 971 1973 πιθανόν,
997 1887 1072 1957 ἀλλ’

60 1997 123 2068 οὐκ
146 1994 340 2082 άναγκαῐον.
420 1993 422 1996 ’

127 2101 232 2170 ταῦτά
252 2097 377 2167 ἐστιτὰ
396 2099 478 2167 κατὰ
500 2098 627 2178 πάντας
644 2097 871 2167 ἀναπόδεικτα
884 2099 1075 2187 καλούμενα

63 2206 243 2293 άξιῶματα,
262 2203 341 2273 καθ’
358 2203 439 2272 ὅσον
458 2203 525 2273 ὑπὸ
539 2204 675 2275 πάντων
690 2205 796 2287 οὕτως
810 2212 897 2294 ἔχειν
912 2203 1074 2295 άξιοῶται,

64 2313 119 2380 καί
134 2315 371 2398 διαμφισβητεί
382 2310 466 2396 πρὸς
479 2315 583 2378 ταῦτα
603 2309 724 2392 οὐδείς.
761 2311 921 2392 πολλάκις
933 2313 995 2401 μὲν
1009 2313 1075 2404 γὰρ
1093 2339 1128 2387 20

63 2418 119 2486 καὶ
142 2416 200 2497 τάς
223 2417 398 2506 προτάσεις
421 2415 534 2496 ἁπλῶς
561 2416 729 2506 ἀξιώματα
756 2423 933 2505 καλοῦσιν,
962 2418 1078 2489 ὁποῖαί

64 2521 136 2593 ποτ’
161 2522 204 2593 άν
233 2517 317 2592 ῶσιν
346 2533 411 2592 είτε
443 2523 562 2610 άμεσοι
593 2531 716 2614 κυρίως
743 2534 807 2594 είτε
834 2527 890 2593 καὶ
919 2528 1078 2614 δεόμεναί

63 2657 153 2712 τινος
170 2628 399 2718 ὑπομνήσεως.
436 2630 524 2710 τινές
539 2630 577 2699 δὲ
590 2628 654 2699 άπὸ
671 2636 738 2699 τῶν
752 2629 864 2700 άλλων
879 2633 1075 2716 προτάσεων

64 2741 291 2826 διακρίνοντες
309 2735 347 2805 τὸ
368 2735 495 2824 άξίωμα
515 2736 576 2823 τὴν
592 2736 718 2824 άμεσον
736 2738 791 2804 καὶ
806 2734 1007 2806 αὐτόπιστον
1027 2735 1071 2804 δι’

63 2845 233 2931 ἐνέργειαν
256 2843 419 2932 πρότασιν
444 2841 551 2923 οὕτως
574 2842 811 2931 ὀνομάζουσιν,
844 2841 954 2927 ῶσπερ
977 2843 1032 2909 καὶ
1056 2839 1128 2916 ὀνο

59 2949 285 3039 Ἀριστοτέλης
306 2951 362 3018 καὶ
386 2953 422 3017 oc
442 2950 625 3038 γεωμέτραι
654 2950 822 3036 λέγουσιν·
858 2943 982 3015 ταύτὸν
1010 2948 1074 3036 γάρ

62 3058 131 3124 έστι
154 3056 237 3124 κατὰ
259 3056 400 3135 τούτους
423 3054 549 3142 ἀξίωμα
571 3056 627 3122 καὶ
651 3060 765 3124 έννοια
793 3051 901 3140 κοινή.
947 3051 965 3121 ὁ
990 3060 1075 3141 γοῦν

61 3204 277 3212 ——ae-

135 3275 178 3323 14.
198 3269 250 3334 V⁸3
271 3266 318 3321 cfr.
338 3266 453 3322 Proelus
471 3286 498 3337 p.
521 3261 579 3337 191,
599 3273 642 3322 22.
717 3273 757 3323 15.
778 3268 808 3323 P.

138 3468 179 3516 14.
199 3457 388 3529 ήλαττομένον
407 3459 437 3515 P.
504 3466 543 3516 16.
563 3458 706 3516 πειθανόν
725 3462 755 3516 Ρ.
815 3467 858 3518 26.
875 3458 1027 3532 Ἀριστόλης
1043 3461 1078 3518 Ρ,

118 3559 269 3610 Euclides,
284 3558 332 3602 edd.
347 3559 448 3609 Heiberg
463 3560 588 3610 etMenge.
612 3563 638 3600 V.
906 3558 927 3609 Q
1095 3542 1112 3577 τ’]
