2362 3796
230 139 387 192 SOHOLIA
404 141 443 190 IN
461 141 736 191 ELEMENTORUM
753 141 892 192 LIBRUM
905 143 927 193 1.
1018 138 1079 203 157

66 277 412 368 μεταλαμβανόμεναι.
458 284 489 347 εί
511 278 548 346 δὲ
572 277 629 363 οὐ,
659 284 727 348 έστι
749 306 798 360 τις
821 282 858 348 έν
886 279 1002 360 αὐταῖς
1030 308 1081 367 με·

64 392 173 472 γίστη.
211 391 293 455 ἔστω
312 386 333 474 ἡ
352 391 422 452 ΒΓ.
461 383 597 472 ὅτιμὲν
621 378 683 453 οὖν
707 390 744 453 αί
759 393 837 470 AB,
856 393 921 454 ΒΓ
940 392 999 474 τῆς
1017 394 1085 455 ΑΓ

64 494 214 580 μείζονές
233 497 309 578 είσι,
333 490 496 579 φανερόν·
523 492 579 559 καί
598 491 700 559 πάλιν
718 490 769 558 ὅτι
793 496 831 559 αλ
846 498 921 576 ΑΓ,
941 499 1001 561 ΓΒ
1023 497 1082 579 της

66 606 148 683 ΑΒ,
171 598 349 666 καὶτοῦτο
374 601 488 683 δῆλον.
534 599 682 666 δεικτέον
707 596 765 684 δή,
795 594 845 665 ὅτι
868 598 924 664 καί
947 601 984 664 αί
1005 604 1081 682 ΒΑ,

66 710 138 772 ΑΓ
155 709 213 791 τῆς
236 710 304 772 ΒΓ
324 705 471 792 μείζονές
494 708 589 772 εἰσιν.
635 702 851 790 ἐκβεβλήσθω
881 701 945 791 γάρ
973 701 993 790 ἡ
1017 710 1083 770 ΒΑ
1119 731 1135 780 5

67 811 121 881 έπὶ
144 809 183 879 τὸ
206 818 240 877 Δ
263 824 411 897 σημείου.

435 973 490 1036 Ad
513 995 617 1056 prop.
640 972 727 1036 XXI.

137 1097 188 1162 81.
225 1093 271 1161 Τὸ
288 1091 344 1160 κα’
363 1091 524 1180 θεώρημα
544 1091 607 1160 δύο
626 1091 855 1180 θεωρημάτων
875 1101 1003 1180 εἴρηται
1021 1095 1083 1159 τοῦ

67 1226 103 1267 τε
126 1198 160 1267 κ’
179 1199 235 1266 καὶ
257 1202 318 1267 τοῦ
342 1197 398 1270 ις’.
435 1197 519 1287 πρὸς
542 1198 603 1284 μὲν
626 1195 745 1285 γάρτὸ
766 1198 1082 1279 δεῖξαιτάςσυστα-

68 1312 186 1386 θείσας
214 1305 310 1384 έντὸς
337 1302 482 1392 πλευράς
515 1304 698 1384 ἐλάσσονας
728 1309 797 1373 τών
830 1303 921 1384 ε’κτὸς
953 1307 1082 1373 ἐκείνου
1102 1330 1136 1379 10

70 1417 176 1481 δεῖται
198 1415 259 1481 τοῦ
282 1411 512 1497 θεωρήματος·
541 1409 664 1490 παντὸς
680 1411 847 1498 τριγώνου
871 1415 909 1478 αί
929 1411 992 1480 δύο
1016 1417 1082 1499 μεί-

74 1518 165 1599 ζονές
192 1522 256 1586 είσι
283 1522 341 1604 της
371 1521 501 1603 λοιπῆς·
543 1516 626 1605 πρὸς
658 1517 695 1584 δὲ
726 1516 764 1585 τὸ
797 1516 858 1604 τὴν
889 1515 945 1585 ὑπ’
972 1515 1082 1585 αὐτῶν

71 1626 310 1712 περιεχομένην
338 1631 466 1710 γωνίαν
495 1621 667 1708 ἀποφῆναι
691 1628 824 1708 μείζονα
848 1627 905 1708 τῆς
926 1621 993 1689 ὑπὸ
1014 1632 1083 1689 τῶν

72 1728 165 1809 έκτὸς
182 1732 418 1818 περιεχομένης
436 1733 589 1815 πλευρῶν
610 1732 716 1796 έκεῖνο
736 1736 889 1796 συντελεῖ
904 1727 941 1795 τὸ
961 1727 1085 1807 παντὸς

69 1835 238 1924 τριγώνου
264 1834 327 1922 τὴν
356 1833 448 1914 έκτδς
475 1841 602 1920 γωνίαν
630 1840 765 1920 μείζονα
792 1831 879 1900 εἶναι
906 1837 964 1918 τῆς
992 1831 1084 1914 ἐντὸς
1104 1859 1136 1906 15

69 1944 126 2010 καὶ
153 1939 367 2036 άπεναντίον.
418 1939 605 2027 ἀναγκαίως
634 1941 671 2008 δὲ
700 1937 718 2007 ὁ
746 1937 956 2026 στοιχειωτὴς
983 1959 1084 2028 προσ-

70 2051 171 2135 έθηκε
193 2047 233 2118 τὸ
258 2045 324 2115 άπὸ
348 2051 416 2115 τών
438 2046 591 2134 περάτων
614 2045 780 2134 άρχεσθαι
803 2050 875 2113 δεῖν
893 2056 952 2132 τῆς
969 2050 1085 2133 κοινῆς

71 2153 201 2241 βάσεως
227 2152 286 2232 τὰς
314 2151 406 2233 έντδς
435 2155 676 2240 συνισταμένας
702 2152 846 2242 πλευρὰς
877 2152 933 2219 καί
964 2152 1002 2220 τὸ
1031 2153 1084 2221 έπλ

73 2270 153 2347 μιᾶς
176 2257 256 2345 ὅλης
279 2263 510 2345 συνίστασθαι,
535 2257 609 2328 ἀλλ’
632 2259 694 2329 οὐκ
717 2264 752 2329 έκ
776 2262 898 2348 μέρους
914 2249 973 2346 τῆς
991 2258 1082 2346 ὅλης·

72 2366 112 2431 αί
128 2363 193 2452 γάρ
212 2363 265 2432 ἐπὶ
279 2364 399 2451 μέρους
412 2370 471 2452 τῆς
484 2364 613 2452 βάσεως
627 2366 864 2452 συνιστάμεναι
878 2367 934 2433 καὶ
952 2372 1082 2453 μείζους
1102 2390 1137 2438 20

74 2475 269 2539 δείκνυνταί
283 2462 361 2539 ποτε
379 2476 448 2539 τῶν
468 2471 560 2551 ἐκτὸς
582 2473 637 2540 καὶ
661 2472 820 2541 ἐλάττονα
843 2479 971 2558 γωνίαν
994 2496 1084 2558 περι-

73 2577 218 2663 έχουσαι.
266 2574 332 2646 άπδ
362 2576 399 2645 δδ
425 2582 493 2646 τών
523 2577 674 2665 περάτων
703 2576 804 2664 αὐτῆς
833 2580 1085 2665 συνισταμένων

72 2680 296 2768 άναφαίνεται
323 2684 379 2750 καὶ
406 2683 442 2752 τὸ
472 2680 562 2763 εἶδος
588 2683 625 2751 τὸ
651 2686 861 2771 καλούμενον
885 2682 1086 2750 άκιδοειδών

70 2786 247 2872 τριγώνων
275 2792 312 2856 ἓν
341 2785 382 2856 δν
409 2790 465 2856 καὶ
492 2793 591 2856 τοῦτο
620 2793 688 2856 τῶν
719 2791 755 2854 ἐν
777 2793 960 2876 γεωμετρία
982 2811 1084 2868 παρα-

72 2893 194 2978 δόξων,
217 2900 385 2982 τρίγωνον
409 2897 663 2982 τετράπλευρον,
688 2886 763 2958 οἶόν
786 2894 854 2959 ἐστι
877 2892 933 2958 καί
950 2889 989 2959 τὸ
1008 2914 1085 2979 προ·
1104 2915 1138 2964 25

71 3005 227 3086 κείμενον
251 3004 373 3086 σχῆμα·
410 3001 593 3088 περιέχεται
617 2997 678 3084 μὲν
705 2996 769 3086 γάρ
797 2994 863 3064 ὑπὸ
888 2991 916 3063 δ
931 3001 1086 3084 πλευρών

143 3149 187 3198 ει.
207 3141 323 3209 vapq),

144 3272 169 3321 8.
195 3261 228 3320 ἐκ
251 3261 304 3318 δύο
327 3261 524 3334 θεωρημάτων
548 3259 666 3333 ἤρτηται
688 3262 801 3318 Proclus
824 3281 852 3333 p.
872 3268 938 3332 326,
958 3268 1086 3331 13-143

74 3337 125 3390 sed
145 3337 256 3406 εἴρηται
276 3335 362 3389 etiam
374 3334 424 3420 led.
445 3334 568 3418 Grpnaei
592 3335 628 3405 <G
647 3335 722 3417 apuq
739 3335 900 3416 Friedlpin).
965 3334 1087 3419 τοῦτο]

69 3407 273 3533 {affligas
290 3405 400 3545 θέλ.
416 3424 443 3473 ‘1’
462 3425 500 3478 τί
521 3406 553 3461 V·
626 3410 668 3463 ²⁶·
687 3406 820 3475 ΨΜ
838 3422 869 3460 ¹²¹
886 3405 941 3475 Vq
954 3422 1124 3589 m}
