2362 3796
244 139 402 191 sellom
419 141 459 191 IN
476 140 752 191 Ehfflfflwronm
769 141 911 191 LIBRUM
923 141 946 193 I.
1034 138 1100 202 193

78 277 261 365 τράγωνον
287 277 511 365 ἀναφαίνεται
538 282 606 345 τῶν
635 286 719 345 ἰσων
744 280 952 365 περιμέτρων
975 285 1099 364 μεῖζον,

77 383 119 453 τὸ
143 383 183 452 δὲ
206 385 403 471 ῥομβοειδὲς
425 383 585 453 ἁπάντων
611 390 764 452 ἔλασσον.
808 386 865 451 καί
893 385 1019 469 ἰστέον,
1048 382 1099 452 ὅτι

78 489 416 579 παραλληλόγραμμα
443 492 552 577 λέγων
580 499 637 558 ἰσα
664 488 705 557 τά
733 497 840 577 χωρία
868 490 1033 574 λέγεικαὶ
1058 488 1098 558 οὐ

79 594 142 675 τὰς
170 596 331 682 πλευράς·
368 598 498 666 τούτων
528 596 593 683 γὰρ
621 600 688 664 νῦν
712 593 731 664 ὁ
754 595 855 680 λόγος
877 596 933 662 καί
955 598 1024 661 τῶν
1047 596 1099 679 ἰμ-

80 704 210 786 βαδοῐν.
254 702 312 768 καί
339 699 392 769 ότι
418 704 456 769 έν
478 705 519 790 τῇ
548 701 648 781 δείξει
670 699 774 788 ταύτῃ
798 698 934 785 μνήμην
957 713 1099 767 ποιεῖται
1135 719 1153 767 5

77 811 151 874 τοῖν
173 811 367 893 τραπεζίων.

74 985 81 997 ,
150 916 225 981 123.
265 918 343 982 Τῶν
369 912 570 1001 παραδόξων
598 913 791 998 λεγομένων
818 912 888 979 ἐστὶ
915 912 972 979 καί
999 914 1098 979 τοῦτο

79 1017 119 1087 τό
142 1019 322 1107 θεώρημα·
357 1017 574 1105 καταπλήττει
597 1022 684 1104 γοῦν
706 1015 786 1097 τοὺς
813 1018 974 1104 πολλούς,
1003 1020 1034 1083 εἰ
1059 1014 1098 1083 τὸ

79 1127 187 1210 μῆκος
218 1123 593 1209 πολλαπλασιαζόμενον
625 1121 687 1191 οὐκ
714 1123 849 1209 άναιρεῖ
873 1122 934 1209 τήν
962 1121 1099 1208 ἰσότητα

76 1233 141 1316 τής
159 1227 263 1317 αὐτῆς
281 1229 385 1316 οὔσης
403 1231 542 1317 βάσεως.
579 1230 632 1317 ἐφ’
650 1231 733 1298 ὅσον
753 1228 818 1316 γάρ
837 1233 876 1296 αἰ
891 1228 1098 1316 παράλληλοι
1120 1247 1152 1294 10

78 1335 314 1422 έκβάλλονται,
333 1337 387 1404 ἐπὶ
404 1340 569 1406 τοσοῦτον
588 1335 721 1417 αὔξεται
738 1338 776 1404 τὸ
796 1337 910 1423 ἕτερον
928 1346 997 1403 τῶν
1016 1357 1097 1420 παρ-

76 1442 382 1529 αλληλογράμμων.
429 1440 519 1529 ὅμως
547 1445 674 1527 ἰστέον,
707 1441 759 1511 ὅτι
791 1445 948 1528 μέγιστον
980 1438 1001 1526 ή
1029 1443 1097 1507 τῶν

78 1553 219 1635 γωνιῶν
239 1548 353 1635 ἰσότης
368 1548 512 1616 δύναται
526 1550 581 1615 καί
595 1547 762 1633 άνισότης.
795 1546 863 1636 όσφ
879 1545 942 1631 γὰρ
958 1544 1098 1625 ἀνίσους

78 1658 232 1741 ποιῶμεν
254 1652 315 1734 τὰς
336 1659 473 1740 γωνίας,
495 1653 646 1743 τοσούτω
669 1656 797 1738 μᾶλλον
825 1654 1033 1735 ἐλασσοῦμεν
1057 1649 1096 1716 τὸ

78 1765 219 1848 χωρίον,
242 1765 274 1828 εἰ
296 1760 394 1846 μένοι
414 1758 453 1826 τὸ
477 1757 559 1827 αὐτὸ
582 1759 714 1837 πλάτος.
1117 1774 1150 1824 15

413 1956 470 2020 Ad
493 1978 596 2040 prop.
619 1955 768 2020 XXXVL

148 2080 224 2144 124.
261 2073 307 2141 Τό
333 2074 395 2160 μὲν
417 2074 481 2159 πρὸ
505 2073 628 2142 τούτου
650 2072 812 2162 θεώρημα
830 2071 889 2153 τὰς
907 2074 1022 2160 βάσεις
1038 2073 1097 2155 τὰς

78 2179 185 2260 αὐτας
204 2181 383 2268 ἐλάμβανε,
401 2184 501 2248 τοῦτο
516 2180 554 2247 δὲ
567 2179 606 2247 τὸ
622 2180 674 2257 λς’
690 2189 764 2260 ἰσας
777 2180 849 2268 μέν,
869 2180 1096 2270 διαφερούσας

79 2286 121 2354 δὲ
145 2284 310 2372 ἀλλήλων.
346 2286 464 2354 κοινὸν
483 2285 521 2353 δὲ
545 2284 746 2374 ἀμφοτέροις
768 2286 806 2355 τὸ
830 2289 867 2354 ἐν
889 2301 961 2368 ταῖς
979 2286 1095 2368 αὐταῖς

79 2389 309 2460 ὑποτίθεσθαι
336 2391 562 2478 παραλλήλοις
588 2392 629 2458 τά
656 2393 993 2481 παραλληλόγραμμα.
1044 2400 1098 2463 δεῖ
1114 2413 1148 2462 20

81 2494 126 2582 δὴ
150 2488 214 2564 οὖν
237 2494 322 2564 αὐτὰ
345 2496 426 2583 μήτε
446 2499 609 2583 ἐνδοτέρω
628 2504 759 2566 πίπτειν
777 2510 846 2567 τῶν
864 2497 1094 2588 ὑποκειμένων

80 2602 306 2690 παραλλήλων
324 2601 470 2671 εὐθειῶν
484 2602 565 2688 μήτε
579 2605 734 2690 ἐξωτέρω.
766 2609 1094 2694 παραλληλόγραμμα

79 2707 149 2794 γὰρ
173 2708 212 2774 έν
233 2720 306 2786 ταῖς
332 2706 448 2786 αὐταῖς
476 2705 562 2775 εἰναι
590 2711 718 2793 λέγεται
745 2708 984 2797 παραλλήλοις,
1012 2709 1094 2780 όταν

78 2816 173 2879 αἵτε
191 2812 307 2897 βάσεις
325 2810 437 2881 αὐτῶν
454 2814 510 2881 καί
525 2817 563 2879 αί
578 2814 714 2893 ταύταις
728 2811 928 2883 άπεναντίον
945 2821 1094 2903 κείμεναι

78 2930 154 2998 ταίς
180 2913 299 2998 αόταίς
325 2917 575 3005 ἐφαρμόξωνται
602 2920 836 3006 παραλλήλοις.
883 2924 985 3002 ἔδειξε
1013 2923 1051 2990 δὲ
1074 2921 1092 2992 ό
1112 2946 1148 2995 25

76 3023 294 3113 στοιχειωτής
309 3022 346 3092 τὸ
359 3023 521 3109 θεώρημα
535 3024 594 3104 τὰς
606 3024 721 3111 βάσεις
729 3025 836 3116 πάντη
849 3030 1094 3116 κεχωρισμένας

75 3131 203 3217 λαβιόν.

76 3241 296 3254 a—-——--——-·-

153 3279 214 3327 123.
233 3270 394 3336 PBFVat.;
414 3268 454 3332 εἰς
472 3268 503 3324 τὸ
522 3267 564 3325 λε’
583 3274 647 3329 Vat.
723 3282 782 3333 124.
802 3277 841 3332 V·
855 3278 919 3348 (fq).

75 3468 105 3522 V
248 3461 263 3482 θ
346 3377 490 3516 gwss'w'w·
541 3393 763 3484 7·ἒστι].οω.Β.
814 3407 839 3457 8.
859 3401 906 3475 εἰη
920 3402 953 3458 in
964 3410 1100 3460 πωπω.

106 3469 145 3523 ⁹¹ss-
194 3465 335 3535 12·⁰!¹‘⁰⁶]
361 3464 487 3532 μθίωεΒ·
536 3472 577 3523 14.
588 3473 749 3532 τοοοοτοδ.
794 3472 1125 3550 λοδῆξρτλοτοῦῑος

124 3562 273 3610 Euclides,
287 3563 337 3606 odd.
351 3563 458 3618 Heiberg
472 3570 495 3610 ει
508 3569 604 3624 Mengo.
629 3578 659 3620 v,
929 3571 971 3620 Υῦ

153 3404 177 3450 1.
193 3396 252 3450 Ser.
263 3394 343 3448 ἰσοπε
