2362 3796
302 118 462 172 SCHOLIA
479 118 519 170 IN
536 119 812 172 ELEMENTORUM
829 119 970 172 LIBRUM
983 120 1005 174 Ι.
1117 116 1158 181 Ἰ9

142 264 373 349 περατοῦσδαι
405 259 509 345 λέγει,
549 259 650 345 δῆλός
683 261 773 326 ἐστιν
804 255 909 345 αὐτὴν
941 256 1020 328 καθ’
1051 257 1159 346 αὑτήν

144 366 284 454 ἄπειρον
306 369 423 434 ποιων.
470 363 581 452 ὥσπερ
605 356 669 433 οὖν
692 361 713 451 ή
738 361 822 444 δυὰς
843 364 908 433 ὑπὸ
931 369 989 451 τῆς
1012 365 1159 452 μονάδος

146 471 303 561 ὁρίζεται,
331 469 437 550 οὕτως
459 471 514 537 καὶ
537 468 559 556 ἡ
582 470 717 558 γραμμή
741 467 808 538 ὑπὸ
832 476 978 556 σημείου.
1023 467 1095 538 ἀλλ’
1123 473 1159 539 ἐν

145 579 207 666 μὲν
231 583 399 667 φαντασίᾳ
420 577 477 643 καὶ
499 590 570 656 τοῖς
592 581 770 662 αἰσθητοῖς
792 574 878 644 αὐτὰ
901 575 942 645 τὰ
967 590 1085 663 σημεῖα
1107 601 1160 644 πε-

146 698 257 770 ρατοί,
286 686 322 751 έν
346 682 384 750 δδ
406 697 477 762 τοῖς
500 681 615 762 ἄλλοις
638 686 742 751 είδεσι
764 685 1019 771 προϋφέστηκεν
1043 680 1061 750 ὁ
1085 680 1161 767 ιἰμέ-

148 809 261 879 ριστος
283 793 344 857 τοῦ
368 795 507 875 σημείου
530 788 641 875 λόγος,
663 788 792 878 προιὼν
816 787 847 857 δ’
870 792 1001 857 ἐκεῖθεν
1026 779 1162 867 οὗτοςό

146 906 277 985 πρῶτος
299 892 349 963 ἐπ’
370 892 511 981 ἄπειρον
534 893 656 962 ἑαυτὸν
679 892 861 982 διαστήσας
883 893 939 960 καί
963 892 1163 979 κινούμενος

147 1000 199 1071 ἐπ’
225 1001 363 1090 όπειρον
387 999 443 1067 καί
466 1000 553 1087 ῥέων
575 1013 742 1087 κρατεῖται
765 999 827 1086 μὲν
856 996 922 1068 ὑπὸ
949 1010 1008 1087 τῆς
1038 1003 1164 1078 οίιιείας

145 1106 259 1196 ἀρχῆς,
282 1113 422 1188 ἕνίζεται
441 1105 479 1174 δὲ
496 1102 553 1172 ὑπ’
571 1099 673 1191 αὐτῆς
695 1106 750 1174 καί
774 1104 1062 1194 περιλαμβάνεται.
1096 1106 1165 1172 έκεί

145 1215 206 1302 μὲν
230 1206 309 1301 οὖν,
333 1213 417 1298 ὅπερ
441 1217 543 1298 ἔφην,
571 1211 608 1281 τὸ
631 1213 734 1302 πέρας
757 1212 927 1302 έξήρηται,
951 1215 1100 1281 ἐνταῦθα
1125 1212 1162 1281 δὲ

143 1319 181 1389 τὸ
212 1324 249 1390 ἐν
277 1318 368 1412 αὐτῷ
398 1317 560 1406 ὑφεστός,
592 1319 649 1386 καὶ
679 1323 779 1388 τοῦτο
812 1320 911 1407 φέροι
943 1313 986 1387 ἄν
1019 1324 1161 1400 ἔνδειξιν

144 1428 344 1514 θαυμαστὴν
366 1429 429 1494 τοῦ
447 1423 489 1493 τὰ
513 1428 586 1511 είδη
610 1427 756 1512 μένοντα
779 1425 841 1511 μὲν
865 1421 918 1511 ἐφ’
940 1425 1068 1494 ἑαυτῶν
1087 1421 1159 1493 κατ’

146 1537 257 1601 αἰτίαν
275 1539 500 1618 προηγεῖσθαι
520 1541 589 1598 τῶν
608 1530 824 1617 μετεχόντων,
849 1530 1006 1598 ἐπιδόντα
1025 1531 1063 1598 δὲ
1083 1536 1163 1598 έιιεί-

148 1663 221 1716 νοις
245 1636 344 1705 ἑαυτὰ
369 1634 453 1703 κατὰ
476 1634 537 1720 τήν
561 1638 698 1703 ἐκείνων
723 1636 874 1720 ἰδιότητα
897 1662 959 1721 την
977 1635 1163 1703 ὑπόστασιν

149 1739 335 1827 λαμβάνειν
354 1739 665 1826 συμπληθννόμενα
682 1753 753 1820 τοῖς
770 1738 1003 1827 ὑποκειμένοις
1016 1742 1072 1808 καί
1087 1739 1164 1808 αἰπο-

149 1853 313 1915 πίπτοντα
335 1849 394 1932 τῆς
418 1849 541 1925 οἰκείας
563 1844 704 1931 φύσεως.
739 1847 796 1913 καὶ
819 1848 886 1932 μήν
909 1847 1082 1914 καὶτοῦτο
1101 1845 1163 1934 χρὴ

148 1955 287 2038 είδέναι,
312 1950 363 2021 ὅτι
385 1955 505 2039 τριχῶς
526 1956 567 2041 τῇ
589 1963 725 2042 γραμμή
748 1955 904 2039 κέχρηται
927 1949 945 2020 ὁ
965 1953 1165 2041 γεωμέτρης·

149 2060 205 2127 καὶ
232 2058 297 2147 γὰρ
332 2056 376 2138 ὡς
408 2056 462 2145 ἐφ’
494 2058 631 2144 ἑκάτερα
662 2059 910 2147 πεπερασμένη,
929 2057 987 2138 οὓς
1019 2059 1071 2127 ἐπὶ
1103 2062 1165 2127 τοῦ

150 2167 285 2249 πρώτου
307 2164 535 2255 θεωρήματος,
558 2165 613 2233 καί
633 2163 687 2253 ἐφ’
707 2164 845 2252 ἑκάτερα
864 2164 995 2256 ἄπείρμ,
1019 2163 1064 2246 ὡς
1083 2163 1164 2234 ὅταν

151 2272 229 2359 λέγη
255 2271 307 2338 ἐπὶ
329 2268 390 2358 τήν
413 2275 578 2340 δοθεῖσαν
606 2267 744 2339 εὐθεῖαν
772 2269 925 2360 όίπειρον,
956 2272 1012 2339 καί
1040 2270 1085 2352 ὡς
1111 2257 1170 2341 πεᾸ

149 2377 339 2466 περασμένη
363 2376 425 2464 μὲν
451 2376 535 2446 κατὰ
562 2375 600 2446 τὸ
629 2379 758 2466 ἕτερον,
791 2375 916 2470 ἆπείρω
946 2377 983 2446 δὲ
1009 2376 1091 2446 κατὰ
1123 2377 1162 2447 τό

150 2485 278 2572 ἕτερον,
312 2479 358 2563 ὡς
386 2480 437 2552 ἐπ’
464 2486 596 2551 ἐκείνου
622 2493 683 2552 τοῦ
713 2483 959 2570 προβλήματος·
997 2485 1033 2551 ἐκ
1059 2487 1162 2571 τριῶν

150 2578 310 2677 εὐθειῶν,
343 2592 382 2657 αἵ
408 2594 495 2658 είσιν
522 2598 592 2657 ίσαι
613 2603 686 2669 ταῖς
709 2594 881 2669 δοθείσαις
904 2585 1067 2676 εὐθείαις,
1098 2595 1164 2674 τρί-

150 2722 263 2781 γωνον
291 2693 532 2781 συστήσασθαι.
576 2693 659 2781 πρὸς
692 2694 729 2763 δδ
760 2695 892 2776 τούτοις
922 2695 1065 2785 κάκείνω
1100 2694 1165 2760 έπε-

153 2799 337 2887 στήσωμεν,
360 2801 412 2868 ὅτι
435 2805 587 2888 γραμμῆς
609 2803 734 2888 πέρατοί
757 2822 840 2889 φησι
864 2816 983 2889 σημεῖα
1007 2799 1084 2869 οὔτε
1107 2810 1165 2886 τῆς

154 2904 294 2994 ἀπείρου
325 2903 401 2974 οὔτε
427 2906 535 2994 πόσης
557 2912 615 2993 τῆς
637 2909 900 2996 πεπερασμένης·
937 2913 1006 2976 ἔστι
1028 2904 1093 2993 γόρ
1116 2932 1166 2985 τις

152 3010 287 3102 γραμμή
310 3012 364 3079 καί
388 3015 617 3102 πεπερασμένη
640 3015 696 3081 καί
723 3011 786 3082 οόιι
813 3019 935 3101 ἔχουσα
963 3014 1088 3097 πέρατα
1111 3030 1165 3098 ση-

152 3133 243 3206 μεῖα,
273 3122 328 3187 οἵα
354 3115 375 3206 ἡ
399 3117 537 3205 κυκλικὴ
558 3120 615 3187 καί
638 3127 672 3187 εί
690 3147 740 3199 τις
761 3119 907 3205 τοιαύτη.
953 3117 1078 3205 μήποτε
1101 3109 1166 3188 οὖν

153 3221 309 3311 γραμμήν
333 3220 419 3312 ὁρᾶν
443 3228 505 3310 δεῖ,
528 3221 608 3291 καθ’
634 3224 717 3292 ὅσον
742 3224 810 3292 ἐστὶ
832 3225 976 3311 γραμμή.

226 3390 268 3440 16.
293 3384 376 3455 γρῆυ,
402 3383 451 3438 sed
469 3399 540 3438 corr.
611 3388 652 3437 19.
677 3381 764 3438 Scrib.
784 3376 901 3454 ἀπείρῳ.
983 3387 1026 3437 22.
1045 3380 1166 3457 προβίή·

153 3455 252 3526 ματος]
271 3453 302 3508 in
319 3470 373 3509 ras.
393 3472 430 3508 m.
450 3459 474 3508 1.
