2362 3796
104 147 170 211 366
244 149 401 202 SCHOLIA
418 149 458 201 IN
475 148 750 202 ELEMENTOBUM
767 148 907 199 LIBRUM
919 148 981 201 VII.

32 294 35 299 ’
105 288 225 374 ρισσόν
249 287 477 376 μετρούμενον
501 285 546 367 ὦς
564 285 624 355 τὸν
643 292 662 355 ῐ
680 283 745 356 ὑπὸ
768 290 829 355 τοῦ
851 278 881 374 6
900 285 983 354 κατά
1011 286 1075 355 τὸν
1098 314 1124 356 ε.

103 392 338 483 τερεσσάρτιος
366 391 441 461 δὲ
427 420 444 461 ο
469 399 516 521 ηδ·
548 390 614 460 ὑπὸ
638 393 700 480 γὰρ
723 402 784 461 τοῦ
803 420 825 479 γ
847 406 1014 480 μετρεῖται
1035 392 1122 462 κατὰ

104 499 164 569 τὸν
185 494 217 569 δ.
258 501 314 568 καὶ
337 497 450 578 ἀτελῶς
473 495 490 567 6
485 496 643 566 τέλειόν
667 497 801 566 §onst
781 524 889 586 ονομα
914 501 951 567 ἐν
973 503 1015 588 τῇ
1039 519 1122 568 σνν-

105 607 214 691 θέσει,
246 604 317 674 κατ’
345 609 452 674 ἐκεῖνο
480 605 620 691 λέγομεν
648 613 842 692 μετρεῖσθαι
870 603 931 674 τὸν
959 603 1120 693 ἀριθμόν.

69 734 84 782 ο
107 713 219 781 ἰστέον
244 712 291 797 δέ,
316 709 367 779 ὅτι
389 713 449 779 τὸν
471 711 708 798 ιτερισσάρτιον
734 707 795 779 τὸν
817 708 883 779 ὑπὸ
907 715 975 779 τῶν
999 719 1119 779 Παδα-

103 823 246 905 γορείων
279 814 385 896 οὕτως
416 814 627 902 καλούμενον
658 814 719 884 τὸν
751 821 910 896 πλείονας
940 818 1119 902 διαιρέσεις

103 923 286 1010 δεχόμενον
308 927 368 1008 τῆς
391 927 438 1002 είς
460 926 552 1009 δίχα,
581 920 625 1008 μὴ
649 922 762 1007 μέντοι
785 923 863 1010 άχρι
886 926 946 1007 τῆς
967 923 1117 1009 μονάδος

104 1029 268 1114 προιόντα
299 1028 383 1096 κατά
415 1027 476 1115 τὴν
504 1032 688 1112 διαίρεσιν,
720 1025 813 1095 οίδεν
841 1028 898 1095 καὶ
929 1024 1031 1109 αάτδς
1061 1029 1116 1098 καὶ

102 1137 265 1221 μέμνηται
293 1132 398 1201 αὐτοῦ
426 1136 464 1202 ἐν
491 1137 536 1225 τῷ
559 1133 599 1202 δ’
623 1138 742 1225 βιβλίῳ
770 1137 883 1202 καλῶν
907 1130 1012 1202 αάτὸν
1032 1133 1117 1220 μήτε

51 1263 83 1312 10
103 1238 253 1327 ἀρτιάκις
272 1239 390 1328 ἀρτιον
409 1241 490 1327 μήτε
508 1239 778 1327 ἀρτιοπερισσόν,
800 1242 840 1327 τῇ
862 1237 1031 1327 ἀποφάσει
1047 1244 1116 1309 τῶν

102 1343 165 1413 δύο
181 1344 294 1433 ἀκρον
310 1343 415 1414 αὐτὸν
429 1351 615 1431 σημαίνων,
630 1343 741 1434 ὥσπερ
756 1345 808 1413 ἐπὶ
821 1349 891 1413 τῶν
901 1346 1053 1433 ε’μμέσων
1064 1348 1116 1415 ἐν·

102 1456 238 1537 αντίων,
258 1445 309 1531 οἷς
327 1449 371 1537 μὴ
390 1465 494 1519 κεῖται
519 1449 637 1539 ὄνομα,
656 1452 718 1538 την
733 1457 902 1539 σημασίαν
915 1449 1115 1538 εὑρίσκομεν

100 1561 141 1645 τῇ
169 1554 337 1643 ἀποφάσει
364 1559 516 1643 λέγοντες
542 1561 611 1625 τάν
638 1555 762 1646 ἀκρων.
807 1558 844 1624 ἐν
872 1548 900 1651 6
928 1556 966 1625 66
993 1557 1116 1627 τούτου

101 1664 273 1751 μέμνηται,
297 1669 366 1730 ἔστι
388 1662 426 1731 τὸ
450 1663 515 1734 λδ’.

49 1791 81 1841 13
168 1773 198 1837 9.
230 1766 265 1836 0
288 1769 386 1855 μέν’
288 1769 519 1858 μοιρτιάκις
536 1771 650 1857 ἀρτιος
668 1768 754 1838 ἀεὶ
737 1769 802 1838 νπδ
823 1769 943 1858 ἀρτίου
962 1766 1115 1897 ἀριθμοῦ

101 1888 267 1960 μετρειται
280 1874 364 1943 κατά
378 1874 497 1961 ἀρτιον
511 1872 673 1962 ἀριθμόν,
688 1871 763 1945 οἷον
773 1903 791 1944 ο
779 1873 856 1957 ξδ’
871 1873 970 1955 δίς
931 1902 997 1964 γαρ
1008 1881 1050 2002 66
1064 1878 1114 1958 ξδ,

99 1982 248 2066 τετράκις
263 2002 297 2052 ις
262 1975 397 2066 ξδ,’
381 1981 512 2062 οκτάκις
526 2009 546 2068 η
529 1986 610 2062 ξδ.
644 1981 725 2049 κατά
745 1982 807 2068 μὲν
822 1973 886 2050 οὖν
900 1979 962 2067 τὴν
976 1980 1114 2068 πρώτην

99 2085 206 2172 τομὴν
229 2082 249 2172 6
274 2085 336 2172 μὲν
359 2086 501 2172 δύναμις
523 2087 646 2174 πολλή,
669 2091 709 2155 τά
733 2087 771 2156 δὲ
793 2089 875 2176 μέρη
898 2079 932 2173 6,
955 2086 1011 2154 καὶ
1029 2085 1114 2154 κατά

99 2190 160 2275 τὴν
185 2192 345 2279 δευτέραν
368 2191 473 2277 τομὴν
496 2193 536 2260 τά
560 2194 622 2279 μὲν
646 2221 728 2282 μερη
753 2190 864 2280 ὀλίγα
889 2182 910 2260 δ
926 2190 1009 2322 γάρ·
1033 2189 1113 2280 666

46 2320 80 2368 κο
100 2296 243 2381 δύναμις
256 2300 376 2382 τολλη
399 2303 436 2368 ἴς
448 2300 527 2387 γάρ
549 2298 631 2366 κατὰ
652 2300 689 2367 δε
706 2298 769 2385 τὴν
786 2305 903 2386 τρίτην
921 2297 1024 2385 ἀμφω
1043 2306 1112 2384 ῖσα,

98 2400 180 2468 κατά
204 2400 265 2487 τὴν
284 2402 445 2490 τετάρτην
463 2402 716 2491 ἀντέστραιτται,
739 2406 795 2474 καὶ
815 2404 855 2473 οά
876 2409 930 2473 δεῖ
947 2411 1056 2490 ζητεῖν
1074 2406 1112 2472 ἐν

97 2510 142 2598 τῷ
166 2505 316 2591 ἀρτιάκις
339 2505 450 2600 ἀρτίῳ,
474 2517 538 2577 είτε
557 2508 578 2596 6
599 2510 742 2597 δύναμις
759 2509 860 2579 κολλδ
885 2519 950 2579 εἴτε
967 2507 1008 2577 τά
1027 2510 1111 2597 μέρη
1155 2534 1160 2543 ·

99 2611 211 2699 ὀλίγα,
239 2611 313 2681 ἀλλ’
335 2618 373 2682 ἓν
396 2614 503 2701 μόνον
527 2618 560 2697 ἐξ
584 2614 732 2704 ἀνάγκης
756 2622 809 2685 δεῖ
831 2623 939 2703 ζητεῖν
961 2613 999 2683 τὸ
1024 2612 1112 2683 εἶναι

96 2719 155 2800 τάς
177 2746 213 2787 τε
241 2719 401 2806 δυνάμεις
427 2722 483 2789 καὶ
511 2720 551 2789 τά
580 2723 662 2808 με’ρη
689 2721 772 2790 κατά
801 2710 920 2810 ἀρτιον
949 2718 1110 2809 ἀριθμόν.

45 2853 77 2901 25
98 2823 116 2894 6
142 2824 179 2893 δὲ
201 2824 458 2915 ἀρτιοπερισσὸς
481 2826 533 2895 ἀεὶ
551 2825 617 2896 ὑπὸ
636 2827 756 2914 ἀρτίου
774 2827 924 2917 ἀριθμοῦ
944 2839 1111 2915 μετρεῖται

168 2992 237 3041 9..n

167 3135 191 3213 2
210 3128 240 3198 γ]
259 3128 377 3197 τρειςΡ,
396 3129 459 3195 τρία
477 3127 579 3196 ΒΡαῖ,
599 3130 628 3183 οῖ
642 3128 771 3183 similiter
785 3143 851 3198 saep
852 3128 904 3182 ius.
960 3132 985 3181 3.
1003 3123 1109 3189 τέλειος

96 3195 165 3267 ὄνομ
167 3197 185 3252 6
206 3197 281 3253 ἐστιν
299 3199 339 3252 F?
431 3204 454 3253 5.
474 3201 581 3269 Πνδαγ
583 3218 614 3267 ορ
617 3199 667 3254 ίαν
687 3199 766 3267 vat„
787 3200 868 3253 -είαν
888 3213 958 3253 eran.
976 3199 1008 3255 P.
1082 3202 1108 3250 6.

95 3219 289 3356 καλούμενον]
313 3268 377 3336 ΡΒ,
398 3263 559 3354 λεγόμενον
565 3219 674 3325 NFVat.
758 3240 832 3357 τόν]
855 3267 887 3324 τό
907 3265 999 3323 FVat.
1083 3273 1108 3322 7.

94 3336 223 3408 ἀχριςΡ.
279 3345 304 3394 8.
322 3310 519 3409 πρόιόνταςΡ,
537 3341 586 3394 sed
600 3355 669 3394 corr.
726 3345 767 3395 10.
776 3335 1000 3428 ἀρτιοπεριττόν
1014 3337 1107 3394 Nat.

131 3416 172 3463 11.
171 3427 247 3496 σημ
228 3410 389 3478 μαίνεινΡ.
450 3407 481 3464 ἐν
500 3409 588 3480 μέσον
606 3411 635 3464 P.
709 3416 750 3466 12.
771 3406 898 3481 ἀνοματα
915 3410 1007 3466 Παλ
1065 3414 1108 3463 13.

86 3476 141 3548 την
157 3474 311 3551 ἀπόφασιν
327 3478 469 3553 λέγονσαν
488 3480 519 3538 P.
592 3487 637 3537 14.
656 3479 730 3537 ἔστιν
748 3481 779 3537 Ρ
