2362 3796
221 187 377 237 SCHOLIA
395 188 434 238 IN
451 186 727 238 ELEMENTORUM
745 187 884 238 LIBRUM
898 187 946 239 III.
1020 183 1084 247 261

470 380 525 444 Ad
549 402 653 464 prop.
676 380 700 444 Ι.

138 505 168 571 9.
202 499 329 589 Ὥσπερ
357 503 393 569 ἐν
421 505 467 593 τῷ
492 501 526 568 α’
550 505 618 569 τών
647 506 870 588 στοιχειωδῶν
898 502 1087 589 σχημάτων,

71 612 140 679 τών
162 607 338 696 τριγώνων
361 608 458 693 λέγω,
483 609 799 694 στοιχειωδέστατον
822 606 860 675 τὸ
885 607 1086 696 ἰσόπλευρον

72 720 120 795 είς
151 719 288 801 ποίησιν
321 716 357 781 ἐν
390 712 476 802 άρχῇ
504 719 713 801 προετείνετο
743 712 799 781 ὸιὰ
826 712 886 806 τάς
912 717 981 781 τών
1014 714 1088 799 ἑξῆς

74 817 276 901 άποὸείξεων
295 817 509 903 κατασκευάς,
529 817 636 898 οὕτως
654 821 710 887 καὶ
730 821 880 888 ἐνταῦθα
894 818 932 887 τὸ
947 819 1087 906 κέντρον
1125 841 1140 890 ο

76 923 186 1014 εὑρεῖν
208 925 444 1013 προβάλλεται·
467 929 566 993 τοῦτο
590 928 655 1013 γὰρ
677 929 736 1013 τῆς
754 934 911 1014 κυκλικῆς
928 927 1088 1011 γενέσεως

77 1040 192 1101 αίτιον.

143 1142 193 1206 10.
226 1142 301 1218 Πάς
324 1137 385 1224 μέν
407 1135 528 1218 κύκλος
552 1143 618 1225 ἔχει
640 1141 679 1206 τὸ
703 1142 830 1206 οἰκείου
852 1139 992 1222 κέντρον
1014 1135 1089 1226 ώρι-

75 1245 199 1332 σμένον
222 1249 261 1332 τῇ
286 1242 393 1312 αὑτοῦ
416 1247 531 1332 φύσει,
560 1243 642 1331 πρὸς
665 1241 752 1330 ἡμᾶς
780 1244 817 1312 δὲ
841 1242 883 1313 οὐ
905 1247 983 1328 ποῖς,
1011 1239 1086 1310 ἄλλ’

75 1342 117 1420 οὗ
139 1348 202 1436 τὴν
225 1352 357 1436 γένεσιν
381 1346 522 1436 ὁρώμεν.
568 1351 620 1418 ἐπὶ
645 1349 706 1436 μὲν
737 1342 800 1418 οὖν
824 1355 892 1418 τῶν
915 1349 1088 1435 προτέρων
1108 1370 1143 1441 19

74 1454 305 1542 θεωρημάτων
324 1454 379 1524 άτε
399 1458 589 1542 γινομένων
606 1466 675 1524 τών
693 1455 826 1524 κύκλων
844 1458 900 1524 καὶ
914 1455 953 1524 τά
968 1457 1089 1540 κέντρα

75 1562 215 1651 φανερά.
252 1563 305 1631 ἐπί
327 1561 459 1631 τούτων
483 1562 521 1631 δὲ
543 1567 603 1648 τῆς
622 1562 739 1642 οὐσίας
759 1565 959 1649 ζητουμένης
976 1561 1032 1629 καὶ
1050 1586 1088 1628 το

73 1671 214 1755 κέντρον
245 1673 398 1755 ζητεῖται·
435 1670 712 1754 συμπληρωτικὸν
741 1666 804 1754 γάρ
832 1671 891 1754 της
918 1664 1090 1754 ὑπάρξεως

74 1786 136 1843 τοῦ
164 1773 299 1843 κύκλου.
347 1779 447 1843 τοῦτο
476 1774 513 1842 δὲ
541 1773 674 1860 πρώτόν
703 1793 786 1860 φησι
814 1776 918 1860 μέσον
944 1778 1090 1861 προβλη-

76 1878 191 1968 μάτων
214 1881 270 1948 καὶ
292 1884 536 1970 θεωρημάτων·
570 1880 658 1948 καθὸ
682 1880 744 1967 μὲν
767 1883 831 1967 γάρ
856 1883 991 1966 ζητῆσαι
1014 1903 1091 1965 προ-
1110 1897 1145 1949 15

75 1992 187 2073 τείνει,
201 1992 344 2074 ποιῆσαί
354 2011 424 2068 πως
437 1987 630 2074 προβάλλει,
648 1987 736 2055 καθὸ
753 1986 790 2055 ὸὸ
806 1984 867 2055 οὐκ
882 1991 929 2066 είς
943 1991 1091 2072 ποίησιν,

76 2092 150 2162 ἀλλ’
168 2099 215 2175 είς
230 2091 375 2183 εὕρεσιν,
394 2096 476 2162 κατὰ
489 2097 589 2162 τοῦτο
605 2097 778 2181 θεωρῆσαι
791 2098 975 2184 προτείνει.Ι
999 2093 1093 2159 ὸοκεί

78 2201 117 2266 δέ
141 2226 198 2285 μοι
226 2202 512 2288 ἐσχηματισμένην
543 2205 619 2288 ἔχον
647 2198 709 2286 τὴν
738 2198 901 2282 πρότασιν
929 2195 1091 2285 θεώρημα

79 2301 177 2390 εἶναι,
201 2302 246 2384 ώς
269 2301 312 2374 άν
336 2311 367 2374 εί
388 2305 541 2395 καὶπερὶ
565 2310 625 2374 τοῦ
648 2304 807 2393 τετάρτου
826 2331 875 2384 τις
893 2301 997 2372 εἶπεν·
1026 2302 1090 2370 ὸάο

79 2407 263 2497 τριγώνων,
287 2401 335 2479 ώυ
359 2411 422 2479 δύο
446 2411 586 2500 πλευραὶ
605 2419 675 2479 ίσαι
693 2413 749 2479 καὶ
767 2417 897 2497 γωνίαι,
915 2409 1038 2498 εὑρείν,
1062 2412 1093 2476 εί
1110 2431 1145 2499 20

80 2518 117 2580 αί
142 2516 255 2600 βάσεις
282 2525 365 2584 ίσαι·
406 2515 516 2605 ὥσπερ
545 2516 610 2603 γάρ
640 2520 708 2585 ἐκεῖ
728 2516 797 2604 ἤδη
826 2522 865 2607 τῇ
896 2516 996 2603 φάσει
1022 2519 1091 2584 τών

79 2621 252 2706 τριγώνων
276 2622 553 2711 ε’μπεριεχόμευον
583 2631 671 2710 ζητεί
691 2623 890 2710 σύμπτωμα,
920 2623 1008 2690 οὕτω
1036 2620 1092 2688 καὶ

80 2729 229 2795 ἐνταῦθα
260 2732 300 2816 τῇ
328 2732 388 2796 τοῦ
415 2728 555 2810 κύκλον,
587 2728 695 2809 άλλως
722 2756 756 2797 τε
783 2730 838 2796 καὶ
871 2733 902 2796 εί
928 2730 989 2794 τοῦ
1012 2749 1093 2812 προ-

79 2831 247 2919 βλήματος
279 2837 368 2901 ίὸιον
399 2835 454 2902 καὶ
486 2833 686 2904 τούναντίου
718 2839 776 2922 τῆς
807 2834 998 2921 προτάσεως
1025 2833 1092 2899 ἐπι-

152 2945 343 3030 afflat.
417 2983 458 3032 10.
476 2976 622 3032 PBFVat.
642 2980 672 3032 et
689 2977 725 3031 ad
743 2972 847 3032 κύκλου
866 2975 915 3030 lin.
935 2981 969 3030 14
986 2974 1033 3030 V4.

152 3105 176 3153 2.
197 3099 242 3185 α’]
255 3098 362 3184 πρώτῳ
382 3099 474 3173 τῷΡ,
494 3099 667 3171 δευτέρφΒ.
742 3095 833 3160 είςτὸ
853 3120 871 3153 α
876 3096 992 3154 FVat.
1066 3103 1092 3154 8.

79 3168 167 3232 είς
140 3191 171 3224 το
192 3165 262 3224 αὸτό
286 3168 351 3224 vat.
443 3141 511 3242 μέν]
531 3188 584 3227 om.
600 3156 642 3238 V,
666 3191 719 3241 μεν
742 3164 847 3226 ουνΡ.
939 3175 963 3226 9.
988 3164 1077 3224 αὑτοῦ

80 3237 235 3328 ἕαυτοῦΒ,
255 3236 326 3328 αυτῇ
346 3240 380 3296 V.
454 3249 496 3297 10.
497 3235 581 3327 οὖν]
601 3260 654 3298 om.
673 3242 708 3297 V.
787 3247 828 3296 13.
848 3237 1080 3312 συμπληρωτικόν
1140 3258 1143 3263 ·

79 3305 132 3366 οὖν
150 3284 376 3398 πληρωτιιιόνΡ,
395 3309 594 3382 τυμπλήρωται
611 3312 645 3369 V.
707 3308 917 3382 ἡυπαρξιςῖ.
991 3317 1032 3367 17.
1052 3310 1094 3375 τίς

80 3378 203 3453 ευρεσιν]
224 3354 419 3470 ἐπεάρισινΒ.
490 3389 533 3437 20,
552 3385 671 3471 πλευραί
691 3385 762 3456 ίσαι]
783 3382 916 3452 ουγινΡ,
978 3382 1108 3467 wem}

79 3454 211 3522 γωγωΡ.
303 3460 346 3511 22
371 3452 606 3528 σάμπτωμα]...
619 3452 802 3527 ,ὁμασινῖ
820 3451 1035 3525 συμπτώμασιν
1044 3444 1100 3499 Ἶὶ

115 3532 155 3579 23
176 3522 249 3595 εἰ]
234 3547 251 3594 η
268 3525 297 3596 P,
319 3543 372 3582 om.
395 3525 460 3585 vat.
