2362 3796
482 964 527 1036 In
554 963 693 1036 librum
719 963 780 1036 VI.

531 1118 589 1184 Ad
612 1118 683 1184 def.
709 1121 737 1184 1.

193 1245 221 1307 1.
249 1246 328 1307 Είτε
346 1235 564 1326 ἄμβλνμοίνια
583 1247 647 1307 εἴτε
666 1237 833 1326 ὀξυμιίνια
851 1247 916 1307 είτε
931 1238 1147 1327 ορθομοίνια·

124 1356 162 1413 το
197 1345 235 1413 δὲ
266 1341 489 1433 εὐθύγραμμα
521 1354 632 1432 είρνμιε
664 1346 749 1433 πρὸς
780 1344 1040 1432 αἰντιδιαστολὴν
1072 1350 1146 1416 τῶν

123 1454 371 1538 περιμραμμῶν.

89 1603 105 1651 5
533 1576 590 1643 Ad
613 1577 683 1644 def.
706 1578 737 1644 5.

190 1702 220 1766 2.
247 1696 356 1766 Ἔστω
379 1695 417 1766 τὸ
442 1706 474 1765 A
495 1701 557 1767 τοῦ
582 1705 610 1766 Β
636 1701 829 1785 διπλάσιον,
851 1697 890 1767 τὸ
916 1698 954 1766 δὲ
977 1705 1005 1766 Β
1030 1663 1096 1768 τοῦ
1119 1704 1150 1767 Γ

123 1803 329 1892 τριπλάσιον.
366 1803 404 1873 τὸ
428 1802 494 1892 ἄρα
513 1814 545 1872 Α
568 1804 652 1891 πρὸς
668 1818 705 1873 το
726 1811 758 1872 Γ
776 1807 878 1892 λόγον
898 1802 1049 1892 ἔχειτὸν
1068 1824 1144 1892 συγ-

123 1916 277 1997 κείμενον
301 1911 338 1978 ίιι
360 1913 422 1978 τοῦ
449 1912 628 1978 διπλασίου
650 1910 707 1978 καὶ
729 1916 942 1999 τριπλασίου,
969 1912 1143 1981 τουτέστιν

126 2407 335 2487 ἑξαπλάσιον.
360 2410 461 2480 πάλιν
470 2409 507 2479 τὸ
519 2421 551 2479 Α
564 2416 626 2481 τοῦ
638 2420 666 2481 Β
680 2404 713 2500 β’,
734 2411 772 2482 τὸ
788 2419 817 2480 Β
835 2416 897 2481 τοῦ
912 2418 944 2479 Γ
962 2408 1072 2498 ὑπόμ·
1107 2435 1142 2478 το

126 2511 192 2601 ἄρα
211 2523 243 2582 A
265 2519 326 2584 τοῦ
344 2523 377 2584 Γ
395 2515 609 2605 ὑφημιόλιον.
655 2518 695 2588 τὰ
718 2517 781 2609 γὰρ
805 2519 868 2588 δύο
896 2519 949 2587 ἐπὶ
971 2513 1011 2585 τὸ
1034 2516 1072 2604 μ’
1097 2542 1146 2604 γε·

126 2616 252 2706 νόμενα
284 2626 421 2691 ποιοῦσι
449 2623 512 2692 δύο
536 2630 639 2712 τρίτα.
686 2623 770 2694 ὥστε
792 2624 830 2694 τὸ
854 2634 886 2692 Α
912 2632 973 2692 τοῦ
995 2627 1029 2690 Γ
1053 2626 1146 2691 ἔσται

127 2724 190 2793 δύο
212 2727 246 2814 μ’
265 2728 312 2815 μ’·
342 2729 380 2799 τὸ
403 2736 436 2797 Γ
460 2729 527 2819 ἄρα
558 2742 622 2799 τοῦ
650 2741 682 2800 A
710 2736 800 2800 ἔσται
830 2728 994 2818 ἡμιόλιον.
1040 2729 1145 2805 πάλιν

124 2828 163 2898 τὸ
187 2840 219 2898 Α
240 2837 303 2901 τοῦ
327 2841 355 2902 Β
378 2831 547 2923 ἡμιόλιον,
575 2834 613 2904 τὸ
638 2842 667 2903 Β
689 2839 750 2904 τοῦ
774 2841 806 2902 Γ
823 2836 999 2923 ἐπίτριτον.
1049 2832 1092 2904 τὸ
1117 2842 1146 2903 A

126 3011 222 3136 *Ap-‘1
242 3015 265 3065 ι,
337 3017 362 3067 2.
382 3011 497 3095 Πολι
517 3012 609 3083 (initio
629 3013 693 3068 add.
707 3006 796 3084 λόγος
814 3007 847 3066 ἐκ
865 3006 956 3081 λόγων
974 3017 1147 3082 συγκεῖσθαι

126 3085 140 3135 λ
158 3100 237 3150 μεται
256 3081 305 3135 καὶ
323 3078 358 3136 τοὶ
378 3077 460 3152 ἕξης).

197 3246 221 3296 9.
239 3234 271 3366 ρ’)
289 3242 317 3295 h.
337 3236 541 3328 effiffnldqu,
570 3241 675 3312 Van,
694 3238 746 3297 δύο
765 3242 794 3296 Γ.
868 3237 960 3312 ὑπὸῐ]
981 3241 1009 3294 h.
1029 3258 1054 3298 ο.
1076 3240 1149 3332 ὑπί-

125 3330 226 3381 τριτον,
267 3315 336 3381 ahx,
355 3332 411 3366 υπο
425 3332 509 3382 τριαν
528 3311 558 3367 Γ.
638 3317 679 3368 11.
699 3313 739 3384 Γ]
755 3331 809 3370 om.
824 3312 947 3368 Nau
1009 3317 1051 3368 12.
1074 3314 1149 3387 μμ]

57 3410 66 3511 Ι
115 3383 147 3449 F,
169 3382 252 3452 τρίτα
273 3382 367 3440 Γαλπ.
