2362 3796
70 131 200 188 LXXXII
356 129 626 182 Paoaaeounrtr
646 128 798 181 camel.

73 273 161 328 libros
180 287 214 326 66
232 273 359 326 carentes
377 271 496 326 nouerat
514 273 552 340 (p.
567 274 620 324 664
633 270 712 338 666).
740 269 838 337 itaqua
856 269 917 324 siue
936 268 1021 324 dubio
1041 271 1091 325 de-

73 352 158 407 lenda
177 352 229 418 est,
247 351 415 420 praesertim
434 366 498 404 cum
515 349 579 404 loco
596 363 710 418 prorsus
728 363 816 418 prauo
831 348 1092 404 6611666666161166

76 431 188 485 omniuo
213 447 283 500 opus
307 429 346 484 sit
372 428 579 499 (6611666666
605 446 629 497 p.
648 430 726 496 404).
763 428 861 498 paullo
884 428 968 483 aliter
989 444 1036 482 res
1060 445 1093 483 se

74 510 161 565 habet
184 509 214 563 in
233 509 311 576 XIII,
331 516 347 564 6
370 527 398 578 p.
417 514 479 563 262.
516 507 588 561 11666
614 505 688 561 enim
712 505 935 577 propositionem
957 506 1094 562 librarius

73 589 176 645 codicis
195 590 217 643 P
236 590 306 659 (siue
324 588 420 658 potius
438 584 585 654 archetypi
604 586 675 654 eius)
698 586 728 640 16
755 586 879 642 editione
902 586 1020 655 antiqua
1045 604 1091 641 ra-

72 669 208 739 periebat,
227 669 257 723 in
275 669 417 738 plerisque
436 667 529 722 autam
550 667 757 736 exemplaribus
776 665 910 721 editionis
924 665 1092 721 Theoninae

73 750 170 804 deerat
189 749 238 819 (IV
252 767 279 818 p.
291 755 343 803 263
354 749 437 816 not.);
456 747 486 801 et
500 744 580 799 deest
593 746 624 799 in
638 746 680 814 bq
698 749 728 816 (q
741 747 837 800 tamen
851 750 879 800 in
893 745 947 799 fine
960 744 1027 798 iibri
1036 744 1091 799 XII

73 829 192 883 similem
213 828 307 896 habat,
327 827 401 882 sicut
419 825 505 881 etiam
518 841 570 892 pro
585 824 694 880 scholio
709 826 758 894 V⁸,
775 842 803 881 u.
817 824 857 881 IV
871 831 962 895 app.6
976 842 1003 893 p.
1015 827 1091 892 360).

72 925 125 965 666
139 907 264 964 dubitari
277 908 381 977 potest,
396 906 463 975 quin
478 902 551 970 XIII,
569 909 593 971 6,
613 905 726 972 qualem
741 905 905 975 recepimus,
920 905 957 959 ab
970 903 1091 958 Euclide

74 989 203 1058 proiecta
216 986 333 1041 nonsit.
361 1003 426 1040 nam
440 985 561 1054 primum
580 986 610 1039 in
628 986 690 1055 ipso
704 985 726 1038 P
740 986 775 1040 ad
790 984 865 1052 XIII,
882 990 914 1038 17
933 1002 960 1054 p.
976 988 1038 1049 326,
1056 989 1091 1038 19

76 1068 214 1124 6611611661
236 1066 355 1136 legitur,
383 1066 458 1134 quod
482 1063 583 1118 inutile
607 1067 692 1133 esset,
721 1065 745 1119 si
762 1063 842 1134 XIII,
861 1069 877 1118 6
900 1062 1092 1131 antecederet,

76 1148 181 1216 quippe
200 1146 273 1214 quod
293 1145 368 1199 idem
386 1144 499 1200 breuius
519 1145 658 1200 ostendat.
688 1144 784 1214 itaque
804 1161 867 1198 cum
882 1144 936 1199 hoc
950 1141 1091 1196 scholium

75 1225 256 1294 scriberetur,
273 1224 348 1293 XIII,
368 1232 383 1280 6
402 1225 525 1279 nondum
544 1225 607 1278 erat
624 1225 804 1294 interpolata.
841 1224 896 1277 hoc
914 1238 1025 1291 quoque
1044 1238 1092 1276 su·

75 1305 202 1373 spectum
227 1306 281 1369 666,
311 1303 580 1358 demonstrationem
603 1305 722 1358 alteram
745 1321 824 1373 prop.
843 1302 870 1357 V
892 1303 960 1372 post
977 1300 1052 1368 Xlll,
1073 1309 1091 1356 6

74 1383 141 1438 inP
160 1382 305 1448 collocari3
324 1382 399 1436 unde
418 1383 642 1438 concludendum
661 1386 711 1453 est,
730 1385 802 1438 hanc
821 1381 1090 1437 demonstrationem

75 1462 124 1532 (IV
138 1479 202 1530 app.
218 1468 233 1516 ‘1
253 1480 279 1531 p.
291 1463 354 1531 362)
374 1463 439 1517 anta
453 1462 526 1530 XIII,
541 1471 557 1518 6
575 1463 775 1533 interpolatam
793 1477 855 1517 esse
869 1493 903 1503 -
918 1477 985 1516 nam
1002 1459 1090 1515 inter·

75 1539 202 1610 polutum
221 1558 282 1595 earn
304 1558 377 1611 asse,
401 1543 510 1596 certum
529 1546 572 1598 666
590 1545 620 1598 66
637 1546 752 1613 propter
769 1542 908 1597 rationem
928 1541 1090 1594 uniuersam

77 1622 348 1676 demonstratiounm
362 1620 513 1676 alterarum
528 1625 565 1690 (u.
577 1638 662 1692 supra
674 1641 701 1692 p.
713 1621 838 1690 LXXIX)
853 1623 883 1676 et
895 1620 963 1690 quia
975 1623 1092 1690 praeter

76 1701 192 1756 Psolus
212 1720 230 1770 q
250 1717 311 1756 eam
329 1703 359 1756 in
373 1703 453 1756 textu
467 1703 667 1771 habet(bmg.
681 1718 718 1756 m.
733 1706 756 1768 1,
775 1700 883 1755 Vm.1
903 1717 953 1771 pro
969 1701 1090 1766 scholio)

77 1810 110 1820 -
130 1782 160 1834 et
182 1783 282 1850 postea
304 1783 417 1836 demum
440 1780 609 1851 interposita
628 1799 708 1851 prop.
728 1781 767 1835 VI
791 1797 808 1834 a
826 1779 1020 1850 proposItione
1039 1796 1091 1834 sua

75 1858 252 1929 diremptam.
281 1859 367 1916 etiam
387 1861 517 1929 analyses
535 1878 634 1930 propp.
654 1861 730 1916 I-V
746 1862 776 1915 in
795 1861 848 1915 BV
867 1861 908 1929 (66
924 1861 953 1913 16
971 1858 1006 1928 P)
1024 1861 1093 1928 post

75 1938 149 2008 XIII,
169 1947 184 1995 6
208 1941 340 2010 leguntur
362 1941 635 2010 (1116364666),
664 1941 731 2008 quia
752 1939 823 1993 11666
845 1937 1001 2008 propositio
1023 1939 1092 2006 post

76 2035 123 2073 eas
145 2020 318 2089 interpolato
341 2026 397 2086 666
426 2037 492 2073 6661
515 2021 581 2087 6666
603 2036 683 2089 6166.
703 2020 729 2074 V
752 2019 830 2072 locus
848 2017 883 2072 iis
901 2020 951 2073 est.
985 2015 1090 2070 deinde

77 2099 163 2152 etiam
182 2098 244 2167 ipsa
261 2099 417 2168 propositio
437 2098 475 2153 VI
495 2099 628 2166 suspecta
646 2101 702 2166 666,
725 2097 801 2166 quod
824 2098 854 2152 in
872 2094 1006 2166 προτάσει
1023 2113 1090 2165 pro-

75 2176 191 2247 ponitur
210 2177 471 2243 demonstrandum,
495 2177 590 2245 partes
610 2179 755 2247 apotomae
775 2193 847 2245 esse,
866 2177 896 2231 in
913 2177 975 2246 ipsa
994 2179 1090 2230 autem

75 2255 269 2325 propositione
287 2275 314 2325 p.
325 2261 386 2323 264,
398 2262 413 2310 6
424 2274 464 2325 sq.
482 2255 603 2325 additur,
622 2256 759 2311 minorem
777 2255 920 2326 primam
938 2258 1092 2327 apotomen

76 2351 136 2389 6666
146 2335 187 2402 (16
197 2336 304 2391 66116116
313 2335 364 2391 1116
374 2335 479 2390 codicis
489 2337 510 2389 P
525 2338 596 2390 11666
610 2337 727 2392 61166616
737 2338 845 2391 remota
854 2337 900 2390 est
911 2355 938 2406 p.
949 2341 1011 2404 378,
1022 2335 1091 2404 6).*)

77 2413 175 2481 itaque
195 2413 292 2469 Theon
310 2419 387 2470 recte
406 2414 482 2483 fecit,
503 2415 578 2484 quod
592 2415 665 2483 XIII,
680 2423 696 2471 6
715 2433 771 2470 non
788 2415 906 2484 recepit,
925 2415 954 2470 et
969 2415 1090 2470 fortasse

76 2497 137 2547 tum
164 2492 288 2547 nondum
311 2495 462 2565 irrepserat
484 2494 514 2547 in
539 2495 682 2562 exemplar
705 2495 836 2550 editionis
860 2493 1006 2562 antiquae,
1034 2511 1091 2562 quo

77 2572 216 2625 utebatur.
267 2575 366 2642 postea
395 2575 483 2645 igitur
511 2591 545 2628 ex
573 2574 780 2644 exemplaribus
808 2573 985 2643 interpolatis
1012 2573 1090 2628 illius

78 2650 217 2720 editionis,
237 2655 318 2721 quale
337 2653 481 2724 exemplar
498 2655 554 2709 fuit
572 2653 772 2724 antigraphum
791 2653 894 2708 codicis
910 2654 939 2720 P,
958 2651 1046 2706 etiam
1060 2652 1091 2707 in

75 2730 212 2787 nonnulla
230 2732 402 2802 exemplaria
420 2732 553 2787 editionis
573 2733 736 2788 Theoninae
756 2732 829 2802 (BV)
848 2732 975 2799 transiit,
993 2733 1090 2787 tamen

75 2811 130 2866 hoc
149 2829 259 2882 qnoque
281 2813 341 2866 fieri
360 2815 468 2881 potest,
487 2815 595 2868 utiam
613 2831 630 2868 a
648 2814 762 2868 Theona
780 2813 811 2866 in
830 2812 953 2867 editione
973 2811 1092 2880 antiqua

77 2891 107 2945 in
124 2909 180 2962 rng.
200 2893 314 2946 inuenta
338 2891 376 2946 sit
399 2896 428 2946 et
451 2892 549 2946 eodem
572 2893 657 2948 modo
679 2891 709 2946 in
729 2891 853 2948 editione
872 2893 931 2946 eius
950 2891 1093 2946 collocata

76 2971 105 3025 16
115 2970 179 3027 61116
189 2973 359 3041 apographis
371 2972 482 3039 omissa,
497 2971 528 3025 in
537 2971 601 3027 aliis
610 2973 640 3025 in
649 2974 758 3027 textum
771 2974 887 3042 recepta
897 2971 935 3025 sit
948 2971 1008 3038 (cfr.
1018 2971 1091 3040 Vq).

148 3051 281 3106 damnata
298 3051 386 3121 igitur
404 3051 483 3121 XIII,
503 3058 519 3106 6
537 3051 683 3107 uideamus
702 3051 737 3106 da
755 3050 828 3119 XHI,
849 3057 881 3106 17
901 3069 929 3120 p.
948 3056 1015 3119 326,
1034 3067 1092 3119 quo

78 3128 137 3183 solo
156 3131 218 3185 Ioco
236 3131 366 3199 usurpari
384 3131 504 3186 uidetur.
537 3129 578 3186 ibi
596 3131 671 3187 anim
689 3148 716 3200 p.
732 3137 793 3201 326,
813 3137 846 3185 19
865 3129 977 3185 disertis
996 3130 1092 3184 uerbis

77 3207 194 3262 citatur:
224 3205 276 3263 ἐὰν
300 3209 331 3265 δὲ
356 3208 425 3282 ῥητὴ
449 3207 562 3282 γραμμὴ
587 3207 676 3280 ἄκρον
698 3210 748 3265 uod
771 3209 858 3280 μέσον
881 3206 966 3279 λόγον
984 3211 1091 3282 τμηθῇ,

148 3379 176 3447 ⁸¹¹)
195 3376 313 3431 Omnino
329 3378 397 3433 satis
413 3383 487 3435 esset
501 3382 701 3448 demonstrare,
720 3381 830 3449 partem
844 3375 1010 3433 maiorem
1025 3395 1092 3448 apo·

76 3445 171 3503 tomen
191 3464 263 3514 esse;
282 3464 348 3501 nam
367 3450 421 3504 hoc
439 3451 537 3506 utitur.
