2362 3796
310 166 494 218 APPENDIX
512 164 749 217 εοΗοιΙοεωω
767 166 817 217 111.
1007 158 1071 226 723

53 313 175 378 θείσαί
203 311 290 377 είσιν
323 311 370 384 είς
402 303 506 385 αὐτὰς
538 302 668 372 εὐθεῖαι
701 306 738 371 αί
770 308 828 387 δα,
852 307 909 389 ὃβ,
942 306 980 370 αλ
1007 304 1073 391 ἄρα

53 414 122 484 ὑπὸ
146 419 216 501 δαε,
236 418 297 500 δβε
321 412 429 499 ὀρθαί
450 416 546 479 εἰσιν.
593 414 699 496 δήλου
723 412 775 494 δέ,
801 407 853 478 ὅτι
875 409 931 476 καὶ
953 414 1074 496 γωνίαι

590 518 629 583 αί
649 513 715 583 ὑπὸ
741 520 821 601 ὃαβ,
837 518 902 600 δβα
926 523 995 582 ίσαι
1016 512 1073 583 οἰλ-

590 621 706 707 λήλαις
729 625 828 689 είσίυ·
852 619 946 689 λοιπί
969 619 1072 709 ι’ίραή

589 726 655 797 ὑπὸ
673 734 734 814 βαε
753 731 853 816 λοιπή
872 731 912 816 τῇ
931 724 1072 813 ὑπὸαβε
1109 749 1127 799 ι

547 843 645 930 είση
683 837 782 902 ἐστίν.
838 832 899 902 ἐὰν
937 834 975 902 δὲ
1005 860 1073 920 τρι·

589 941 704 1028 γῶνου
726 944 763 1007 αί
780 939 843 1008 δύο
863 945 984 1026 γωνίαι
1003 949 1073 1009 ίσαι

589 1044 749 1133 ἀλλήλαις
764 1039 858 1132 ῶσιν,
878 1047 935 1114 καί
953 1049 991 1114 αλ
1006 1044 1073 1116 ὑπὸ

588 1152 647 1233 τὰς
681 1161 755 1232 ίσας
786 1157 912 1239 γωνίας
941 1149 1074 1220 ὑποτεί-

589 1278 712 1328 νουσαι
738 1259 881 1344 πλευραὶ
913 1266 983 1326 ἶσαι
1016 1257 1071 1326 ἆλ-
1092 1281 1126 1331 10

58 1364 177 1452 λήλαις
204 1369 344 1432 ἔσονται.
391 1375 446 1452 ἴση
474 1364 540 1452 ἄρα
567 1365 623 1434 καὶ
651 1363 671 1453 ή
697 1391 735 1432 αε
761 1369 802 1452 τῇ
826 1370 872 1450 εβ.
918 1364 979 1433 ἐὰν
1007 1363 1073 1450 ῶρα

58 1471 185 1540 κύκλου
208 1471 325 1540 καὶτὰ
350 1469 436 1559 ἑξῆς·
464 1471 545 1562 ὅπερ
569 1477 637 1540 ἔδει
660 1473 775 1552 δεῖξαι.

128 1582 177 1647 10.
213 1577 418 1665 Νικηφόρον
439 1582 500 1645 τοῦ
523 1582 681 1673 Γρηγορᾶ
704 1576 890 1665 πρόβλημα.

123 1684 196 1752 Ἐπὶ
232 1688 292 1770 τής
323 1687 483 1769 δοθείσης
514 1679 649 1762 εὐθείας
679 1683 922 1772 τετράπλευρον
955 1683 1073 1772 συστή-

60 1798 189 1857 σασθαι
207 1789 290 1857 ῶστε
308 1787 395 1858 εἶναι
408 1789 468 1871 τὰς
481 1789 543 1877 μὲν
556 1802 644 1877 τρεῖς
658 1789 802 1875 πλευρὰς
817 1797 889 1870 ίσας
903 1788 1072 1878 ἀλλήλαις,
1092 1813 1127 1863 1ο

59 1895 123 1983 τήν
143 1894 180 1963 δὲ
198 1894 358 1984 τετάρτην
376 1902 511 1982 μείζονα
529 1895 669 1981 ἑκάστης
682 1894 824 1981 τούτων,
846 1897 903 1963 καί
916 1903 1073 1984 γίνεσθαι

58 2001 96 2071 τό
126 2000 191 2071 ἀπὸ
218 2002 341 2088 ταύτης
367 2001 579 2090 τετράγωνον
607 2008 719 2087 μεῖζον
746 2006 814 2069 τῶν
837 2005 941 2089 τριῶν
963 2029 1073 2091 τετρα-

56 2111 179 2197 γῶνων
199 2108 286 2196 ὁμοῦ
302 2117 543 2196 συναγομένων
557 2113 625 2176 τῶν
639 2106 705 2176 ἀπὸ
718 2111 787 2177 τῶν
800 2120 905 2196 τριῶν
919 2113 1075 2195 πλευρῶν

57 2221 131 2304 ίδίηι
154 2216 344 2302 γινομένων
370 2219 416 2308 τῷ
445 2212 510 2282 ιἰπὸ
533 2219 591 2301 τῆς
614 2226 691 2301 μιᾶς
712 2219 858 2304 πλευροῖς
879 2225 948 2282 τῶν
970 2219 1074 2302 τριῶν

56 2321 227 2412 γινομένω
250 2320 456 2412 τετραγῶνςο.
1091 2346 1127 2396 20

128 2431 211 2494 ἔστω
235 2424 256 2513 ή
281 2432 423 2496 δοθεῖσα
451 2426 568 2495 εὐθεῖα
595 2424 616 2514 ή
641 2434 685 2513 αβ
711 2429 767 2496 καὶ
793 2428 968 2516 τετμήσθω
997 2433 1073 2515 δίχα

55 2532 143 2602 κατὰ
166 2532 204 2601 τὸ
225 2560 256 2619 ε,
279 2534 334 2601 καὶ
354 2532 543 2603 συνεστάτω
563 2530 617 2621 ἐφ’
634 2535 792 2622 ἑκατέρου
809 2539 877 2602 τῶν
894 2534 1073 2621 τμημάτων

59 2637 244 2726 ἰσόπλευρα
275 2646 425 2728 τρίγωνα
456 2640 495 2709 τό
518 2668 554 2709 τε
583 2666 642 2726 αγε
673 2640 730 2707 καί
757 2637 793 2706 τὸ
818 2642 893 2725 εὸβ,
924 2640 980 2707 καὶ
1003 2643 1073 2708 ἐπε-

61 2741 190 2828 ζεύχθω
210 2742 230 2829 ή
250 2748 301 2830 γᾶ.
337 2747 434 2833 λέγω,
454 2746 506 2814 ὅτι
523 2749 563 2834 τή
582 2750 626 2831 αβ
644 2745 855 2833 παράλληλός
874 2747 964 2812 ἐστιν
982 2743 1003 2831 ή
1023 2750 1073 2829 γδ.

61 2848 132 2915 ἐπεὶ
154 2846 219 2936 γὰρ
242 2850 282 2916 τὰ
307 2850 369 2918 δύο
398 2856 545 2937 τρίγωνα
567 2850 606 2919 τό
631 2876 666 2918 τε
689 2877 748 2938 αγε
780 2850 836 2917 καὶ
863 2848 901 2918 τὸ
925 2853 986 2935 εὸβ
1018 2858 1073 2917 ίσα
1092 2875 1128 2923 25

330 593 352 632 α

325 1211 349 1272 β

61 2951 146 3021 ὅντα
162 2953 215 3021 ἐπὶ
230 2962 314 3022 ίσων
328 2955 460 3041 βάσεων
475 2956 635 3043 βεβήκασι
652 2957 708 3024 καὶ
723 2953 773 3023 ἐπ’
790 2952 925 3035 εὐθείας
939 2960 1074 3042 ἔχουσιν

64 3056 168 3139 αὐτὰς
195 3060 251 3128 καὶ
274 3061 327 3128 ἐπὶ
349 3059 390 3128 τὰ
413 3059 497 3128 αὐτὰ
520 3062 602 3150 μέρη
626 3067 701 3148 εἰσί,
724 3061 780 3128 καὶ
804 3064 841 3128 ἐν
863 3073 937 3139 ταῖς
959 3058 1075 3142 αὐτοῖς

136 3295 178 3345 10.
197 3290 268 3360 r(in
283 3290 339 3346 fine
356 3291 423 3346 hbn
437 3291 496 3360 IX)
515 3308 570 3361 mg
591 3286 693 3360 ῶφειλε
713 3291 836 3359 τεθῆναι
855 3286 888 3345 ἐν
905 3295 944 3365 τῷ
963 3289 1072 3364 δεκάτῳ

61 3363 190 3434 στοιχείῳ
215 3361 321 3432 (ubst).
362 3363 428 3419 hab
452 3361 540 3419 etiam
564 3363 624 3418 cod.
648 3361 780 3416 Arundel
804 3365 857 3416 548
879 3346 937 3417 λολ
955 3368 1018 3414 m
1037 3347 1096 3424 <m

13 3442 21 3491 “.
59 3434 115 3489 fine
144 3417 276 3503 ποιήσαι)
304 3433 467 3504 praemissis
496 3435 541 3490 his
563 3432 663 3493 uerbis
686 3433 750 3491 ολιλ
737 3433 963 3509 λημξολχυεηλῡ
984 3435 1118 3495 ΨΜ

10 3508 21 3521 “
60 3506 159 3561 eodem
176 3505 262 3561 modo
281 3506 340 3563 eod.
358 3504 492 3568 Riccard.
511 3514 557 3568 λλ.

918 3587 978 3644 w*
