2362 3796
208 102 365 157 scflomA
382 104 421 156 IN
438 103 712 155 ELEMENTORUM
729 103 869 157 LIBRUM
881 105 913 158 V.
1006 101 1072 167 305

425 315 483 380 Ad
506 337 611 400 prop.
633 316 708 382 VII.

128 441 180 508 60.
218 445 284 506 Δεῖ
300 437 489 524 γινώσκειν,
514 435 566 506 ὅτι
584 439 621 506 ἐν
640 437 702 525 μὲν
720 448 759 527 τῇ
782 435 948 519 ἀποδείξει
971 419 1073 506 ἔνοῦν

59 543 169 614 δεῖτὸ
190 549 223 612 Γ
239 544 295 612 καὶ
314 551 353 630 Ζ,
377 545 414 612 ἔν
436 543 473 612 66
495 548 535 632 τῇ
558 548 743 632 κατασκευῇ
769 548 911 632 διαιρεῖν
935 549 982 624 εἰς
1001 544 1073 613 660.

426 758 484 822 Ad
505 780 609 844 prop.
633 758 724 825 VIII.

130 883 182 949 61.
223 877 267 948 T6
292 879 353 966 μὲν
371 887 438 948 ΑΒ
461 884 545 949 ἔστω
563 880 722 968 ἀριθμῶν
742 873 774 968 6
796 883 835 949 τὸ
855 880 891 948 66
909 885 943 948 Γ
960 883 1074 967 τριῶν,
1113 901 1129 950 5

62 985 146 1056 ἄλλο
171 984 251 1054 ὃέ“
233 1013 251 1054 ο
276 991 370 1073 ἔτυχε
392 985 430 1055 τὸ
456 993 491 1053 A
513 992 596 1055 ἔστω
620 978 829 1074 696666116.
867 985 900 1055 τὶ
929 978 992 1056 οὖν
1010 993 1075 1054 ΑΒ

62 1092 148 1179 πρὸς
170 1091 208 1160 τὸ
228 1099 262 1160 A
284 1098 418 1179 μείζονα
441 1094 546 1179 λόγον
569 1091 675 1181 ἔχει”
653 1117 737 1181 ηπερ
759 1093 798 1162 τὸ
818 1099 850 1161 Γ
868 1092 952 1182 πρὸς
972 1094 1010 1162 τὸ
1030 1101 1076 1160 A·

63 1201 104 1266 τὰ
123 1197 188 1328 γάρ
205 1188 229 1266 6
246 1190 351 1285 τῶνβ
369 1201 561 1283 διπλάσιον,
582 1197 623 1265 τὰ
643 1199 680 1267 66
698 1204 774 1287 τρία
787 1191 891 1286 τῶνῶ
913 1197 1077 1326 ἀμιόλιομ.

62 1304 175 1373 καλ
141 1331 179 1372 το
205 1312 238 1371 A
265 1304 348 1392 πρὸς
375 1304 413 1388 τὸ
438 1310 472 1373 Γ
496 1310 630 1391 μείζονα
658 1306 762 1392 λόγον
790 1305 905 1394 ἔχει”
882 1331 966 1393 ηπερ
994 1304 1078 1392 πρὸς

63 1409 102 1479 τὸ
117 1417 196 1478 AB·
214 1437 277 1479 τον
261 1410 408 1497 ’μὲν
371 1438 436 1498 γαρ
455 1411 673 1498 νφημιόλιον,
691 1416 753 1480 τοῦ
772 1412 809 1481 δε
823 1409 1078 1480 ὑποδιπλάσιον.
1098 1411 1131 1481 1ὸ

65 1515 136 1584 ἐπεὶ
153 1515 218 1603 γάρ
237 1515 350 1602 μεῖζόν
369 1516 493 1585 ἔστιτὸ
512 1525 578 1584 ΑΒ
601 1520 662 1585 τοτ’
681 1522 719 1603 Γ,
742 1522 868 1586 κείσθω
887 1522 932 1608 τῶ
952 1524 983 1585 Γ
1003 1526 1078 1585 ἴσον

65 1619 104 1689 τὸ
128 1627 202 1706 ΒΕ,
225 1615 333 1708 ἤγουν
355 1621 395 1691 τά
421 1615 441 1691 6
464 1623 683 1708 γενέσθωσαν
707 1627 754 1703 εἰς
776 1629 799 1709 γ
820 1624 876 1692 καὶ
899 1627 947 1703 εἰς
969 1628 1000 1708 ἆ,
1023 1624 1079 1692 καὶ

65 1730 149 1795 ἔστω
172 1723 213 1795 τά
236 1733 258 1812 γ
280 1734 361 1812 ΒΕ,
393 1728 431 1795 τὸ
460 1726 498 1796 δὲ
527 1732 564 1796 ἔν
587 1736 664 1796 ΑΕ.
708 1727 747 1797 τὸ
776 1729 818 1814 δὴ
846 1733 989 1796 ἔλασσον
1011 1732 1079 1797 τῶν

66 1841 100 1900 Α
106 1840 146 1918 E,
162 1840 226 1901 ΕΒ
248 1834 620 1922 πολλαπλασιαζόμενον
635 1840 726 1902 ἔσται
744 1832 824 1902 ποτὶ
836 1845 898 1903 τοῦ
913 1842 946 1901 A
960 1840 1079 1921 μεῖζον.

65 1938 414 2008 πεπολλαπλασιάσθω
437 1938 475 2009 τὸ
499 1950 531 2007 Α
538 1948 570 2008 Ε
596 1939 704 2027 ἤγουν
731 1940 769 2009 τὸ
794 1942 847 2025 ἕν,
879 1941 942 2020 ἕως
973 1930 1015 2007 οὗ
1042 1937 1079 2007 τὸ
1100 1961 1132 2010 15

64 2044 251 2133 γενόμενον
270 2051 382 2132 μεῖζον
404 2047 541 2134 γένηται
563 2057 623 2116 τοῦ
645 2055 689 2132 A,
712 2047 861 2115 τουτέστι
882 2050 951 2115 τῶν
969 2037 1002 2132 6,
1024 2046 1081 2113 καὶ

67 2157 149 2221 ἔστω
172 2156 235 2220 τοῦ
257 2160 291 2219 Α
297 2160 329 2220 Ε
353 2153 553 2240 τριπλάσιον
575 2153 613 2222 τὸ
638 2160 712 2220 ΖΗ
729 2149 886 2239 ἀριθμῶν
912 2150 1081 2239 τυγχάνον

67 2268 171 2344 τριῶν
194 2262 306 2344 μεῖζον
329 2255 372 2327 ὂν
394 2263 456 2328 τοῦ
480 2269 528 2345 A,
551 2260 607 2327 καὶ
631 2257 838 2328 ὁσαπλάσιόν
860 2261 930 2327 ἔστι
952 2257 989 2326 τὸ
1015 2265 1086 2325 ΖΗ

70 2385 130 2428 του
115 2364 177 2429 A
185 2369 224 2449 E,
244 2368 314 2431 ἔστι
332 2366 370 2434 66
387 2363 597 2453 τριπλάσιον,
614 2365 904 2434 τοσαυταπλάσιον
917 2366 1081 2451 γεγονέτω

71 2467 181 2537 καὶτὸ
199 2468 262 2556 μὲν
280 2477 349 2538 ΗΘ
371 2469 529 2558 ἀριθμῶν
551 2472 718 2559 τυγχάνον
742 2482 769 2540 θ
790 2474 851 2540 τοῦ
871 2479 934 2540 ΕΒ
954 2468 1077 2558 δηλαδι
1101 2493 1135 2542 20

72 2582 144 2640 τῶν
165 2580 284 2663 τριῶν,
317 2577 355 2645 τὸ
388 2577 426 2645 66
453 2585 488 2645 Κ
519 2575 642 2664 ὁμοίως
673 2577 830 2666 ἀριθμῶν
862 2577 1029 2665 τυγχάνον
1057 2586 1084 2644 θ

71 2703 132 2745 του
116 2682 179 2746 Γ
197 2684 299 2767 τριῶν
322 2680 419 2761 ὄντος
442 2681 610 2769 ἀριθμῶν,
633 2684 738 2750 καὶί
708 2683 861 2771 εἰλήφθω
879 2694 939 2751 τοῦ
958 2682 1031 2749 A''
1009 2707 1084 2769 ντοι

71 2787 140 2853 τῶν
163 2775 188 2870 6
209 2785 440 2854 διπλάσιον
407 2813 446 2856 το
469 2795 501 2854 A
524 2788 721 2877 ἀριθμῶν“
704 2817 744 2858 ον
768 2781 804 2875 6,
827 2791 1023 2875 τριπλάσιον
1046 2787 1084 2855 66

71 2889 109 2959 τὸ
130 2897 175 2958 Μ
192 2888 348 2977 ἀριθμῶν
372 2889 414 2961 ὂν
431 2899 463 2980 ξ,
486 2895 726 2983 τετραπλάσιον
751 2896 789 2962 66
810 2893 849 2963 τὸ
868 2900 907 2960 Ν
926 2891 1084 2980 ἀριθμῶν

73 2992 114 3065 ὂν
137 3001 175 3083 ᾗ,
203 2998 448 3068 πενταπλάσιον
472 3001 509 3069 66
532 3000 569 3070 τὸ
593 3004 623 3077 Ξ
648 2999 806 3090 ἀριθμῶν
835 2995 877 3068 ὂν
900 3001 993 3067 δέκα·
1029 3000 1085 3068 καὶ
1103 3024 1137 3072 25

144 3191 247 3247 60.b³.
321 3198 364 3248 61.
382 3193 438 3249 Ab

71 3303 288 3314 ——ss-n

146 3375 188 3426 15.
207 3391 239 3425 w
228 3366 299 3439 ἔν]
318 3367 393 3424 ἔνο
446 3376 488 3426 22.
507 3373 604 3443 τριῶν]
620 3388 704 3459 σορτμ
718 3388 770 3426 ser.
786 3374 846 3428 ead.
861 3373 986 3428 manub.
1042 3376 1089 3426 23.

71 3439 193 3513 ]οω
211 3440 243 3496 Α
311 3447 354 3496 24.
374 3437 420 3513 ον]
441 3457 494 3497 om
514 3443 546 3498 A
616 3446 659 3498 25.
680 3439 804 3515 ὄνλοπι.
824 3445 859 3498 Α.
919 3438 1099 3510 66..ka

124 3539 166 3578 Eu
170 3539 264 3581 nelias
253 3541 598 3596 σ,σ.σωσσοσι1ιίΗλθριΜ
538 3555 605 3597 enge.
624 3545 658 3587 V
913 3533 956 3580 ‘m
1071 3532 1116 3604 Ι
