<?xml version="1.0" encoding="UTF-8"?>
<!DOCTYPE html PUBLIC "-//W3C//DTD XHTML 1.0 Transitional//EN"
    "http://www.w3.org/TR/xhtml1/DTD/xhtml1-transitional.dtd">
<html xmlns="http://www.w3.org/1999/xhtml" xml:lang="en" lang="en">
 <head>
  <title>
</title>
<meta http-equiv="Content-Type" content="text/html;charset=utf-8" />
  <meta name='ocr-system' content='tesseract 3.04.00' />
  <meta name='ocr-capabilities' content='ocr_page ocr_carea ocr_par ocr_line ocrx_word'/>
</head>
<body>
  <div class='ocr_page' id='page_1' title='image "./euclidisoperaom02unkngoog_0183.png"; bbox 0 0 2362 3796; ppageno 0'>
   <div class='ocr_carea' id='block_1_1' title="bbox 103 130 740 202">
    <p class='ocr_par' dir='ltr' id='par_1_1' title="bbox 103 130 740 202">
     <span class='ocr_line' id='line_1_1' title="bbox 103 130 740 202; baseline -0.002 -13"><span class='ocrx_word' id='word_1_1' title='bbox 103 137 146 202; x_wconf 82' lang='lat'><strong><em>66</em></strong></span> <span class='ocrx_word' id='word_1_2' title='bbox 472 136 675 189; x_wconf 72' lang='grc' dir='ltr'>ΣΤΟΙΧΕῙΩΝ</span> <span class='ocrx_word' id='word_1_3' title='bbox 693 130 740 191; x_wconf 86' lang='grc' dir='ltr'><strong><em>ιε’.</em></strong></span> 
     </span>
    </p>
   </div>
   <div class='ocr_carea' id='block_1_2' title="bbox 101 274 1121 577">
    <p class='ocr_par' dir='ltr' id='par_1_2' title="bbox 101 274 1121 577">
     <span class='ocr_line' id='line_1_2' title="bbox 103 274 1119 365; baseline -0.001 -19"><span class='ocrx_word' id='word_1_4' title='bbox 103 283 162 364; x_wconf 86' lang='grc' dir='ltr'><strong><em>τῆς</em></strong></span> <span class='ocrx_word' id='word_1_5' title='bbox 185 282 379 365; x_wconf 75' lang='grc' dir='ltr'><strong><em>διχοτομίας</em></strong></span> <span class='ocrx_word' id='word_1_6' title='bbox 396 281 455 364; x_wconf 89' lang='grc' dir='ltr'><strong><em>τῆς</em></strong></span> <span class='ocrx_word' id='word_1_7' title='bbox 472 274 538 345; x_wconf 81' lang='grc' dir='ltr'><strong><em>ὑπὸ</em></strong></span> <span class='ocrx_word' id='word_1_8' title='bbox 559 276 621 345; x_wconf 84' lang='grc' dir='ltr'><strong><em>δύο</em></strong></span> <span class='ocrx_word' id='word_1_9' title='bbox 641 275 787 365; x_wconf 88' lang='grc' dir='ltr'><strong><em>πλευράς</em></strong></span> <span class='ocrx_word' id='word_1_10' title='bbox 805 275 1047 363; x_wconf 77' lang='grc' dir='ltr'><strong><em>ὑποτεινούσης</em></strong></span> <span class='ocrx_word' id='word_1_11' title='bbox 1066 278 1119 346; x_wconf 81' lang='grc' dir='ltr'><strong><em>ἐπὶ</em></strong></span> 
     </span>
     <span class='ocr_line' id='line_1_3' title="bbox 101 380 1121 472; baseline 0 -20"><span class='ocrx_word' id='word_1_12' title='bbox 101 382 163 470; x_wconf 88' lang='grc' dir='ltr'><strong><em>τῆν</em></strong></span> <span class='ocrx_word' id='word_1_13' title='bbox 195 382 410 471; x_wconf 78' lang='grc' dir='ltr'><strong><em>παράλληλον</em></strong></span> <span class='ocrx_word' id='word_1_14' title='bbox 442 380 526 472; x_wconf 82' lang='grc' dir='ltr'><strong><em>αὐτῆ</em></strong></span> <span class='ocrx_word' id='word_1_15' title='bbox 562 381 710 468; x_wconf 85' lang='grc' dir='ltr'><strong><em>πλευράν</em></strong></span> <span class='ocrx_word' id='word_1_16' title='bbox 742 386 803 451; x_wconf 81' lang='grc' dir='ltr'><strong><em>τοῦ</em></strong></span> <span class='ocrx_word' id='word_1_17' title='bbox 829 383 1047 470; x_wconf 79' lang='grc' dir='ltr'><strong><em>πενταγώνου</em></strong></span> <span class='ocrx_word' id='word_1_18' title='bbox 1075 381 1121 464; x_wconf 85' lang='grc' dir='ltr'><strong><em>ώς</em></strong></span> 
     </span>
     <span class='ocr_line' id='line_1_4' title="bbox 101 485 1120 577; baseline -0.001 -19"><span class='ocrx_word' id='word_1_19' title='bbox 101 489 163 577; x_wconf 89' lang='grc' dir='ltr'><strong><em>τῆν</em></strong></span> <span class='ocrx_word' id='word_1_20' title='bbox 188 496 267 559; x_wconf 89' lang='grc' dir='ltr'><strong><em>ΖΗ·</em></strong></span> <span class='ocrx_word' id='word_1_21' title='bbox 300 490 435 557; x_wconf 90' lang='grc' dir='ltr'><strong><em>δέδοται</em></strong></span> <span class='ocrx_word' id='word_1_22' title='bbox 457 486 524 577; x_wconf 88' lang='grc' dir='ltr'><strong><em>άρα</em></strong></span> <span class='ocrx_word' id='word_1_23' title='bbox 547 489 603 556; x_wconf 81' lang='grc' dir='ltr'><strong><em>καὶ</em></strong></span> <span class='ocrx_word' id='word_1_24' title='bbox 627 485 648 575; x_wconf 87' lang='grc' dir='ltr'><strong><em>ῆ</em></strong></span> <span class='ocrx_word' id='word_1_25' title='bbox 675 485 742 556; x_wconf 76' lang='grc' dir='ltr'><strong><em>δπδ</em></strong></span> <span class='ocrx_word' id='word_1_26' title='bbox 766 494 884 556; x_wconf 86' lang='grc' dir='ltr'><strong><em>ΛΚΜ</em></strong></span> <span class='ocrx_word' id='word_1_27' title='bbox 902 485 923 575; x_wconf 86' lang='grc' dir='ltr'><strong><em>ῆ</em></strong></span> <span class='ocrx_word' id='word_1_28' title='bbox 948 495 1120 575; x_wconf 87' lang='grc' dir='ltr'><strong><em>λείπουσα,</em></strong></span> 
     </span>
    </p>
   </div>
   <div class='ocr_carea' id='block_1_3' title="bbox 64 593 1121 1957">
    <p class='ocr_par' dir='ltr' id='par_1_3' title="bbox 64 593 1121 1957">
     <span class='ocr_line' id='line_1_5' title="bbox 103 593 1121 684; baseline -0.003 -19"><span class='ocrx_word' id='word_1_29' title='bbox 103 594 148 676; x_wconf 85' lang='grc' dir='ltr'><strong><em>ώς</em></strong></span> <span class='ocrx_word' id='word_1_30' title='bbox 171 605 309 684; x_wconf 90' lang='grc' dir='ltr'><strong><em>είρηται,</em></strong></span> <span class='ocrx_word' id='word_1_31' title='bbox 333 600 380 671; x_wconf 83' lang='grc' dir='ltr'><strong><em>είς</em></strong></span> <span class='ocrx_word' id='word_1_32' title='bbox 402 593 460 674; x_wconf 87' lang='grc' dir='ltr'><strong><em>τάς</em></strong></span> <span class='ocrx_word' id='word_1_33' title='bbox 483 595 547 663; x_wconf 87' lang='grc' dir='ltr'><strong><em>δύο</em></strong></span> <span class='ocrx_word' id='word_1_34' title='bbox 573 593 682 679; x_wconf 77' lang='grc' dir='ltr'><strong><em>ὀρθάς</em></strong></span> <span class='ocrx_word' id='word_1_35' title='bbox 705 599 764 680; x_wconf 92' lang='grc' dir='ltr'><strong><em>τῆς</em></strong></span> <span class='ocrx_word' id='word_1_36' title='bbox 783 596 1037 681; x_wconf 80' lang='grc' dir='ltr'><strong><em>ἐπιζητουμένης</em></strong></span> <span class='ocrx_word' id='word_1_37' title='bbox 1054 602 1121 663; x_wconf 90' lang='grc' dir='ltr'><strong><em>κλί-</em></strong></span> 
     </span>
     <span class='ocr_line' id='line_1_6' title="bbox 68 698 1121 789; baseline -0.003 -17"><span class='ocrx_word' id='word_1_38' title='bbox 68 723 193 783; x_wconf 83' lang='grc' dir='ltr'><strong><em>σσειος.</em></strong></span> <span class='ocrx_word' id='word_1_39' title='bbox 229 704 343 780; x_wconf 80' lang='grc' dir='ltr'><strong><em>καλῶς</em></strong></span> <span class='ocrx_word' id='word_1_40' title='bbox 361 699 426 789; x_wconf 89' lang='grc' dir='ltr'><strong><em>άρα</em></strong></span> <span class='ocrx_word' id='word_1_41' title='bbox 450 700 502 769; x_wconf 80' lang='grc' dir='ltr'><strong><em>ἐπὶ</em></strong></span> <span class='ocrx_word' id='word_1_42' title='bbox 521 705 579 786; x_wconf 87' lang='grc' dir='ltr'><strong><em>τῆς</em></strong></span> <span class='ocrx_word' id='word_1_43' title='bbox 598 699 778 788; x_wconf 77' lang='grc' dir='ltr'><strong><em>ὀργανικῆς</em></strong></span> <span class='ocrx_word' id='word_1_44' title='bbox 795 704 1000 787; x_wconf 84' lang='grc' dir='ltr'><strong><em>κατασκευῆς</em></strong></span> <span class='ocrx_word' id='word_1_45' title='bbox 1018 698 1121 786; x_wconf 78' lang='grc' dir='ltr'><strong><em>εἶπεν,</em></strong></span> 
     </span>
     <span class='ocr_line' id='line_1_7' title="bbox 102 805 1121 897; baseline -0.002 -19"><span class='ocrx_word' id='word_1_46' title='bbox 102 837 147 890; x_wconf 87' lang='grc' dir='ltr'><strong><em>ως</em></strong></span> <span class='ocrx_word' id='word_1_47' title='bbox 169 806 231 897; x_wconf 86' lang='grc' dir='ltr'><strong><em>χρῆ</em></strong></span> <span class='ocrx_word' id='word_1_48' title='bbox 258 809 424 888; x_wconf 77' lang='grc' dir='ltr'><strong><em>δοθέντος</em></strong></span> <span class='ocrx_word' id='word_1_49' title='bbox 446 811 508 875; x_wconf 78' lang='grc' dir='ltr'><strong><em>τοῦ</em></strong></span> <span class='ocrx_word' id='word_1_50' title='bbox 530 806 748 893; x_wconf 77' lang='grc' dir='ltr'><strong><em>πενταγώνου</em></strong></span> <span class='ocrx_word' id='word_1_51' title='bbox 771 808 934 888; x_wconf 81' lang='grc' dir='ltr'><strong><em>ἐπιζεῦξαι</em></strong></span> <span class='ocrx_word' id='word_1_52' title='bbox 957 806 1020 894; x_wconf 90' lang='grc' dir='ltr'><strong><em>τῆν</em></strong></span> <span class='ocrx_word' id='word_1_53' title='bbox 1042 805 1121 876; x_wconf 87' lang='grc' dir='ltr'><strong><em>ὑπο-</em></strong></span> 
     </span>
     <span class='ocr_line' id='line_1_8' title="bbox 100 911 1120 1004; baseline -0.003 -19"><span class='ocrx_word' id='word_1_54' title='bbox 100 922 279 984; x_wconf 87' lang='grc' dir='ltr'><strong><em>τείνουσαν</em></strong></span> <span class='ocrx_word' id='word_1_55' title='bbox 295 911 362 982; x_wconf 82' lang='grc' dir='ltr'><strong><em>ὑπὸ</em></strong></span> <span class='ocrx_word' id='word_1_56' title='bbox 379 913 442 982; x_wconf 86' lang='grc' dir='ltr'><strong><em>δάο</em></strong></span> <span class='ocrx_word' id='word_1_57' title='bbox 457 912 610 1002; x_wconf 89' lang='grc' dir='ltr'><strong><em>πλευράς,</em></strong></span> <span class='ocrx_word' id='word_1_58' title='bbox 629 911 702 1000; x_wconf 90' lang='grc' dir='ltr'><strong><em>ῆτις</em></strong></span> <span class='ocrx_word' id='word_1_59' title='bbox 725 920 781 1000; x_wconf 85' lang='grc' dir='ltr'><strong><em>ίση</em></strong></span> <span class='ocrx_word' id='word_1_60' title='bbox 795 920 923 999; x_wconf 94' lang='grc' dir='ltr'><strong><em>γίνεται</em></strong></span> <span class='ocrx_word' id='word_1_61' title='bbox 938 917 977 1002; x_wconf 91' lang='grc' dir='ltr'><strong><em>τῆ</em></strong></span> <span class='ocrx_word' id='word_1_62' title='bbox 992 919 1120 1004; x_wconf 78' lang='grc' dir='ltr'><strong><em>πλευρᾷ</em></strong></span> 
     </span>
     <span class='ocr_line' id='line_1_9' title="bbox 101 1017 1121 1108; baseline -0.003 -17"><span class='ocrx_word' id='word_1_63' title='bbox 101 1027 160 1091; x_wconf 77' lang='grc' dir='ltr'><strong><em>τοΐ</em></strong></span> <span class='ocrx_word' id='word_1_64' title='bbox 175 1021 294 1108; x_wconf 85' lang='grc' dir='ltr'><strong><em>κύβου,</em></strong></span> <span class='ocrx_word' id='word_1_65' title='bbox 316 1020 372 1087; x_wconf 81' lang='grc' dir='ltr'><strong><em>καὶ</em></strong></span> <span class='ocrx_word' id='word_1_66' title='bbox 386 1022 536 1108; x_wconf 83' lang='grc' dir='ltr'><strong><em>κέντροις</em></strong></span> <span class='ocrx_word' id='word_1_67' title='bbox 549 1033 620 1099; x_wconf 79' lang='grc' dir='ltr'><strong><em>τοῖς</em></strong></span> <span class='ocrx_word' id='word_1_68' title='bbox 636 1020 776 1105; x_wconf 90' lang='grc' dir='ltr'><strong><em>πέρασιν</em></strong></span> <span class='ocrx_word' id='word_1_69' title='bbox 791 1017 904 1106; x_wconf 83' lang='grc' dir='ltr'><strong><em>αὐτῆς,</em></strong></span> <span class='ocrx_word' id='word_1_70' title='bbox 924 1019 1121 1107; x_wconf 74' lang='grc' dir='ltr'><strong><em>διαστήματι</em></strong></span> 
     </span>
     <span class='ocr_line' id='line_1_10' title="bbox 103 1123 1120 1218; baseline -0.002 -22"><span class='ocrx_word' id='word_1_71' title='bbox 103 1128 141 1196; x_wconf 72' lang='grc' dir='ltr'><strong><em>δέ</em></strong></span> <span class='ocrx_word' id='word_1_72' title='bbox 167 1132 207 1215; x_wconf 85' lang='grc' dir='ltr'><strong><em>τῆ</em></strong></span> <span class='ocrx_word' id='word_1_73' title='bbox 236 1124 300 1195; x_wconf 91' lang='grc' dir='ltr'><strong><em>άπὸ</em></strong></span> <span class='ocrx_word' id='word_1_74' title='bbox 331 1130 389 1212; x_wconf 89' lang='grc' dir='ltr'><strong><em>τῆς</em></strong></span> <span class='ocrx_word' id='word_1_75' title='bbox 419 1131 610 1214; x_wconf 83' lang='grc' dir='ltr'><strong><em>διχοτομίας</em></strong></span> <span class='ocrx_word' id='word_1_76' title='bbox 641 1123 788 1214; x_wconf 80' lang='grc' dir='ltr'><strong><em>ἀγομένη</em></strong></span> <span class='ocrx_word' id='word_1_77' title='bbox 815 1128 946 1218; x_wconf 77' lang='grc' dir='ltr'><strong><em>καθέτῳ</em></strong></span> <span class='ocrx_word' id='word_1_78' title='bbox 979 1127 1032 1195; x_wconf 77' lang='grc' dir='ltr'><strong><em>ἐπὶ</em></strong></span> <span class='ocrx_word' id='word_1_79' title='bbox 1058 1126 1120 1213; x_wconf 83' lang='grc' dir='ltr'><strong><em>τῆν</em></strong></span> 
     </span>
     <span class='ocr_line' id='line_1_11' title="bbox 64 1229 1120 1321; baseline -0.003 -19"><span class='ocrx_word' id='word_1_80' title='bbox 64 1255 84 1305; x_wconf 87' lang='grc' dir='ltr'><strong><em>,ο</em></strong></span> <span class='ocrx_word' id='word_1_81' title='bbox 102 1235 319 1320; x_wconf 80' lang='grc' dir='ltr'><strong><em>παράλληλον</em></strong></span> <span class='ocrx_word' id='word_1_82' title='bbox 350 1230 435 1321; x_wconf 77' lang='grc' dir='ltr'><strong><em>αὐτῇ</em></strong></span> <span class='ocrx_word' id='word_1_83' title='bbox 463 1237 542 1301; x_wconf 81' lang='grc' dir='ltr'><strong><em>τοῦ·</em></strong></span> <span class='ocrx_word' id='word_1_84' title='bbox 557 1232 773 1318; x_wconf 80' lang='grc' dir='ltr'><strong><em>πενταγώνου</em></strong></span> <span class='ocrx_word' id='word_1_85' title='bbox 799 1232 963 1321; x_wconf 88' lang='grc' dir='ltr'><strong><em>πλευράν,</em></strong></span> <span class='ocrx_word' id='word_1_86' title='bbox 995 1231 1039 1314; x_wconf 83' lang='grc' dir='ltr'><strong><em>ώς</em></strong></span> <span class='ocrx_word' id='word_1_87' title='bbox 1066 1229 1120 1300; x_wconf 78' lang='grc' dir='ltr'><strong><em>έπδ</em></strong></span> 
     </span>
     <span class='ocr_line' id='line_1_12' title="bbox 102 1337 1119 1427; baseline -0.003 -21"><span class='ocrx_word' id='word_1_88' title='bbox 102 1343 160 1426; x_wconf 90' lang='grc' dir='ltr'><strong><em>τῆς</em></strong></span> <span class='ocrx_word' id='word_1_89' title='bbox 178 1342 395 1424; x_wconf 78' lang='grc' dir='ltr'><strong><em>καταγραφῆς</em></strong></span> <span class='ocrx_word' id='word_1_90' title='bbox 413 1341 451 1404; x_wconf 79' lang='grc' dir='ltr'><strong><em>αἱ</em></strong></span> <span class='ocrx_word' id='word_1_91' title='bbox 467 1345 502 1405; x_wconf 87' lang='grc' dir='ltr'><strong><em>Κ</em></strong></span> <span class='ocrx_word' id='word_1_92' title='bbox 506 1346 547 1422; x_wconf 88' lang='grc' dir='ltr'><strong><em>Λ,</em></strong></span> <span class='ocrx_word' id='word_1_93' title='bbox 567 1345 655 1422; x_wconf 87' lang='grc' dir='ltr'><strong><em>ΚΜ,</em></strong></span> <span class='ocrx_word' id='word_1_94' title='bbox 675 1337 819 1426; x_wconf 78' lang='grc' dir='ltr'><strong><em>γράφειν</em></strong></span> <span class='ocrx_word' id='word_1_95' title='bbox 837 1342 1047 1427; x_wconf 82' lang='grc' dir='ltr'><strong><em>περιφερείας</em></strong></span> <span class='ocrx_word' id='word_1_96' title='bbox 1063 1338 1119 1404; x_wconf 84' lang='grc' dir='ltr'><strong><em>καὶ</em></strong></span> 
     </span>
     <span class='ocr_line' id='line_1_13' title="bbox 104 1441 1119 1533; baseline 0.002 -22"><span class='ocrx_word' id='word_1_97' title='bbox 104 1441 168 1512; x_wconf 91' lang='grc' dir='ltr'><strong><em>άπὸ</em></strong></span> <span class='ocrx_word' id='word_1_98' title='bbox 195 1448 258 1512; x_wconf 82' lang='grc' dir='ltr'><strong><em>τοῦ</em></strong></span> <span class='ocrx_word' id='word_1_99' title='bbox 285 1448 344 1531; x_wconf 90' lang='grc' dir='ltr'><strong><em>τῆς</em></strong></span> <span class='ocrx_word' id='word_1_100' title='bbox 373 1448 543 1531; x_wconf 80' lang='grc' dir='ltr'><strong><em>συμβολῆς</em></strong></span> <span class='ocrx_word' id='word_1_101' title='bbox 570 1449 638 1512; x_wconf 88' lang='grc' dir='ltr'><strong><em>τών</em></strong></span> <span class='ocrx_word' id='word_1_102' title='bbox 663 1450 883 1533; x_wconf 86' lang='grc' dir='ltr'><strong><em>περιφερειών</em></strong></span> <span class='ocrx_word' id='word_1_103' title='bbox 906 1450 1045 1532; x_wconf 89' lang='grc' dir='ltr'><strong><em>σημείου</em></strong></span> <span class='ocrx_word' id='word_1_104' title='bbox 1068 1446 1119 1513; x_wconf 81' lang='grc' dir='ltr'><strong><em>ἐπὶ</em></strong></span> 
     </span>
     <span class='ocr_line' id='line_1_14' title="bbox 102 1548 1121 1639; baseline 0.001 -21"><span class='ocrx_word' id='word_1_105' title='bbox 102 1549 143 1618; x_wconf 84' lang='grc' dir='ltr'><strong><em>τά</em></strong></span> <span class='ocrx_word' id='word_1_106' title='bbox 156 1551 277 1638; x_wconf 84' lang='grc' dir='ltr'><strong><em>κέντρα</em></strong></span> <span class='ocrx_word' id='word_1_107' title='bbox 291 1553 457 1632; x_wconf 78' lang='grc' dir='ltr'><strong><em>ἐπιζεῦξαι</em></strong></span> <span class='ocrx_word' id='word_1_108' title='bbox 476 1548 611 1630; x_wconf 80' lang='grc' dir='ltr'><strong><em>εὐθείας</em></strong></span> <span class='ocrx_word' id='word_1_109' title='bbox 629 1554 846 1638; x_wconf 81' lang='grc' dir='ltr'><strong><em>περιεχούσας</em></strong></span> <span class='ocrx_word' id='word_1_110' title='bbox 863 1549 926 1639; x_wconf 91' lang='grc' dir='ltr'><strong><em>τῆν</em></strong></span> <span class='ocrx_word' id='word_1_111' title='bbox 940 1557 1121 1620; x_wconf 90' lang='grc' dir='ltr'><strong><em>λείπουσαν</em></strong></span> 
     </span>
     <span class='ocr_line' id='line_1_15' title="bbox 105 1654 1121 1745; baseline 0 -20"><span class='ocrx_word' id='word_1_112' title='bbox 105 1661 152 1738; x_wconf 83' lang='grc' dir='ltr'><strong><em>είς</em></strong></span> <span class='ocrx_word' id='word_1_113' title='bbox 182 1654 240 1737; x_wconf 80' lang='grc' dir='ltr'><strong><em>τὰς</em></strong></span> <span class='ocrx_word' id='word_1_114' title='bbox 273 1656 337 1726; x_wconf 87' lang='grc' dir='ltr'><strong><em>δάο</em></strong></span> <span class='ocrx_word' id='word_1_115' title='bbox 371 1654 480 1745; x_wconf 78' lang='grc' dir='ltr'><strong><em>ὀρθάς</em></strong></span> <span class='ocrx_word' id='word_1_116' title='bbox 506 1661 564 1743; x_wconf 90' lang='grc' dir='ltr'><strong><em>τῆς</em></strong></span> <span class='ocrx_word' id='word_1_117' title='bbox 590 1663 729 1737; x_wconf 86' lang='grc' dir='ltr'><strong><em>κλίσεως</em></strong></span> <span class='ocrx_word' id='word_1_118' title='bbox 755 1662 822 1726; x_wconf 92' lang='grc' dir='ltr'><strong><em>τών</em></strong></span> <span class='ocrx_word' id='word_1_119' title='bbox 851 1659 1024 1728; x_wconf 83' lang='grc' dir='ltr'><strong><em>ἐπιπέδων.</em></strong></span> <span class='ocrx_word' id='word_1_120' title='bbox 1070 1656 1121 1726; x_wconf 84' lang='grc' dir='ltr'><strong><em>ὅτι</em></strong></span> 
     </span>
     <span class='ocr_line' id='line_1_16' title="bbox 64 1760 1121 1851; baseline 0 -19"><span class='ocrx_word' id='word_1_121' title='bbox 64 1783 85 1832; x_wconf 80' lang='grc'><strong><em>,5</em></strong></span> <span class='ocrx_word' id='word_1_122' title='bbox 103 1761 168 1851; x_wconf 87' lang='grc' dir='ltr'><strong><em>γάρ</em></strong></span> <span class='ocrx_word' id='word_1_123' title='bbox 187 1760 208 1849; x_wconf 83' lang='grc' dir='ltr'><em>ἡ</em></span> <span class='ocrx_word' id='word_1_124' title='bbox 226 1768 295 1830; x_wconf 85' lang='grc' dir='ltr'><strong><em>ΚΛ</em></strong></span> <span class='ocrx_word' id='word_1_125' title='bbox 314 1761 457 1842; x_wconf 77' lang='grc' dir='ltr'><strong><em>κάθετος</em></strong></span> <span class='ocrx_word' id='word_1_126' title='bbox 474 1769 594 1848; x_wconf 86' lang='grc' dir='ltr'><strong><em>μείζων</em></strong></span> <span class='ocrx_word' id='word_1_127' title='bbox 619 1763 687 1830; x_wconf 80' lang='grc' dir='ltr'><strong><em>ἐστὶ</em></strong></span> <span class='ocrx_word' id='word_1_128' title='bbox 710 1767 771 1850; x_wconf 91' lang='grc' dir='ltr'><strong><em>τῆς</em></strong></span> <span class='ocrx_word' id='word_1_129' title='bbox 788 1761 940 1850; x_wconf 78' lang='grc' dir='ltr'><strong><em>ῆμισείας</em></strong></span> <span class='ocrx_word' id='word_1_130' title='bbox 956 1768 1016 1850; x_wconf 92' lang='grc' dir='ltr'><strong><em>τῆς</em></strong></span> <span class='ocrx_word' id='word_1_131' title='bbox 1035 1771 1121 1851; x_wconf 84' lang='grc' dir='ltr'><strong><em>ΜΛ,</em></strong></span> 
     </span>
     <span class='ocr_line' id='line_1_17' title="bbox 105 1866 1121 1957; baseline 0.002 -21"><span class='ocrx_word' id='word_1_132' title='bbox 105 1877 247 1955; x_wconf 76' lang='grc' dir='ltr'><strong><em>εἴρηται,</em></strong></span> <span class='ocrx_word' id='word_1_133' title='bbox 271 1866 316 1948; x_wconf 83' lang='grc' dir='ltr'><strong><em>ὡς</em></strong></span> <span class='ocrx_word' id='word_1_134' title='bbox 341 1872 377 1937; x_wconf 91' lang='grc' dir='ltr'><strong><em>έν</em></strong></span> <span class='ocrx_word' id='word_1_135' title='bbox 400 1883 470 1948; x_wconf 83' lang='grc' dir='ltr'><strong><em>τοϊς</em></strong></span> <span class='ocrx_word' id='word_1_136' title='bbox 492 1875 667 1957; x_wconf 86' lang='grc' dir='ltr'><strong><em>στοιχείοις</em></strong></span> <span class='ocrx_word' id='word_1_137' title='bbox 693 1872 990 1939; x_wconf 85' lang='grc' dir='ltr'><strong><em>συναποδέδεικται</em></strong></span> <span class='ocrx_word' id='word_1_138' title='bbox 1012 1876 1121 1938; x_wconf 84' lang='grc' dir='ltr'><strong><em>τοῦτο.</em></strong></span> 
     </span>
    </p>
   </div>
   <div class='ocr_carea' id='block_1_4' title="bbox 106 2040 1117 2327">
    <p class='ocr_par' dir='ltr' id='par_1_4' title="bbox 106 2040 1117 2327">
     <span class='ocr_line' id='line_1_18' title="bbox 177 2040 1115 2118; baseline 0 -20"><span class='ocrx_word' id='word_1_139' title='bbox 177 2053 201 2100; x_wconf 89' lang='grc'><strong><em>1.</em></strong></span> <span class='ocrx_word' id='word_1_140' title='bbox 221 2042 284 2116; x_wconf 78' lang='grc' dir='ltr'><strong><em>ἐπί]</em></strong></span> <span class='ocrx_word' id='word_1_141' title='bbox 306 2041 363 2099; x_wconf 79' lang='grc' dir='ltr'><strong><em>ὑπό</em></strong></span> <span class='ocrx_word' id='word_1_142' title='bbox 377 2063 403 2101; x_wconf 83' lang='lat' dir='ltr'><strong><em>v.</em></strong></span> <span class='ocrx_word' id='word_1_143' title='bbox 476 2040 596 2116; x_wconf 79' lang='grc' dir='ltr'><strong><em>’1.ῆτις]</em></strong></span> <span class='ocrx_word' id='word_1_144' title='bbox 618 2043 721 2102; x_wconf 73' lang='grc' dir='ltr'><strong><em>ε’πείτ.</em></strong></span> <span class='ocrx_word' id='word_1_145' title='bbox 794 2053 820 2103; x_wconf 86' lang='grc'><strong><em>9.</em></strong></span> <span class='ocrx_word' id='word_1_146' title='bbox 839 2047 886 2118; x_wconf 84' lang='grc' dir='ltr'><strong><em>τῆ]</em></strong></span> <span class='ocrx_word' id='word_1_147' title='bbox 905 2045 956 2116; x_wconf 85' lang='grc' dir='ltr'><strong><em>τήν</em></strong></span> <span class='ocrx_word' id='word_1_148' title='bbox 970 2065 996 2103; x_wconf 88' lang='lat' dir='ltr'><strong><em>v.</em></strong></span> <span class='ocrx_word' id='word_1_149' title='bbox 1051 2041 1115 2116; x_wconf 78' lang='grc' dir='ltr'><strong><em>ἐπί]</em></strong></span> 
     </span>
     <span class='ocr_line' id='line_1_19' title="bbox 106 2111 1114 2188; baseline -0.001 -18"><span class='ocrx_word' id='word_1_150' title='bbox 106 2111 157 2171; x_wconf 76' lang='grc' dir='ltr'><strong><em>ἔπε’</em></strong></span> <span class='ocrx_word' id='word_1_151' title='bbox 175 2133 201 2169; x_wconf 85' lang='lat' dir='ltr'><strong><em>v.</em></strong></span> <span class='ocrx_word' id='word_1_152' title='bbox 281 2121 322 2169; x_wconf 90' lang='lat'><strong><em>10.</em></strong></span> <span class='ocrx_word' id='word_1_153' title='bbox 342 2115 449 2185; x_wconf 83' lang='grc' dir='ltr'><strong><em>πλευρά</em></strong></span> <span class='ocrx_word' id='word_1_154' title='bbox 468 2134 494 2170; x_wconf 84' lang='lat' dir='ltr'><strong><em>v.</em></strong></span> <span class='ocrx_word' id='word_1_155' title='bbox 575 2123 616 2172; x_wconf 90' lang='lat'><strong><em>11.</em></strong></span> <span class='ocrx_word' id='word_1_156' title='bbox 636 2115 683 2188; x_wconf 86' lang='grc' dir='ltr'><strong><em>αί]</em></strong></span> <span class='ocrx_word' id='word_1_157' title='bbox 703 2114 720 2187; x_wconf 86' lang='grc' dir='ltr'><strong><em>ῆ</em></strong></span> <span class='ocrx_word' id='word_1_158' title='bbox 739 2115 768 2173; x_wconf 93' lang='lat' dir='ltr'><strong><em>P.</em></strong></span> <span class='ocrx_word' id='word_1_159' title='bbox 841 2117 910 2173; x_wconf 78' lang='lat' dir='ltr'><strong>Post</strong></span> <span class='ocrx_word' id='word_1_160' title='bbox 928 2122 982 2172; x_wconf 84' lang='grc' dir='ltr'><strong><em>ΚΛ</em></strong></span> <span class='ocrx_word' id='word_1_161' title='bbox 1000 2114 1063 2172; x_wconf 82' lang='grc' dir='ltr'><strong><em>εδδ.</em></strong></span> <span class='ocrx_word' id='word_1_162' title='bbox 1082 2117 1114 2188; x_wconf 85' lang='grc' dir='ltr'><strong><em>τῆ</em></strong></span> 
     </span>
     <span class='ocr_line' id='line_1_20' title="bbox 106 2183 1117 2260; baseline 0.003 -21"><span class='ocrx_word' id='word_1_163' title='bbox 106 2184 222 2254; x_wconf 85' lang='lat' dir='ltr'>PBVv,</span> <span class='ocrx_word' id='word_1_164' title='bbox 246 2184 276 2239; x_wconf 89' lang='lat' dir='ltr'><strong><em>in</em></strong></span> <span class='ocrx_word' id='word_1_165' title='bbox 293 2185 320 2240; x_wconf 88' lang='lat' dir='ltr'>V</span> <span class='ocrx_word' id='word_1_166' title='bbox 341 2186 394 2239; x_wconf 83' lang='lat' dir='ltr'>del.</span> <span class='ocrx_word' id='word_1_167' title='bbox 480 2183 602 2255; x_wconf 87' lang='grc' dir='ltr'><strong><em>γράφειν</em></strong></span> <span class='ocrx_word' id='word_1_168' title='bbox 621 2189 821 2260; x_wconf 83' lang='grc' dir='ltr'><strong><em>περιφερείας]</em></strong></span> <span class='ocrx_word' id='word_1_169' title='bbox 848 2189 979 2244; x_wconf 69' lang='lat' dir='ltr'>dubitans</span> <span class='ocrx_word' id='word_1_170' title='bbox 1002 2187 1117 2258; x_wconf 80' lang='lat' dir='ltr'>scripsi3</span> 
     </span>
     <span class='ocr_line' id='line_1_21' title="bbox 107 2253 627 2327; baseline 0.01 -18"><span class='ocrx_word' id='word_1_171' title='bbox 107 2262 263 2325; x_wconf 83' lang='grc' dir='ltr'><strong><em>γραφεῖσαι</em></strong></span> <span class='ocrx_word' id='word_1_172' title='bbox 283 2253 464 2327; x_wconf 84' lang='grc' dir='ltr'><strong><em>περιφέρειαι</em></strong></span> <span class='ocrx_word' id='word_1_173' title='bbox 480 2255 627 2314; x_wconf 83' lang='lat' dir='ltr'><strong>PBva.</strong></span> 
     </span>
    </p>
   </div>
   <div class='ocr_carea' id='block_1_5' title="bbox 0 0 1187 3796">
    <p class='ocr_par' dir='ltr' id='par_1_5' title="bbox 0 0 1187 3796">
     <span class='ocr_line' id='line_1_22' title="bbox 0 0 1187 3796; baseline 0 0"><span class='ocrx_word' id='word_1_174' title='bbox 0 0 1187 3796; x_wconf 95' lang='lat' dir='ltr'><strong><em> </em></strong></span> 
     </span>
    </p>
   </div>
  </div>
 </body>
</html>
