2362 3796
123 144 189 209 104
275 145 431 197 SOHOLIA
450 147 489 199 IN
507 147 784 200 ELEMENTORUM
801 147 976 200 LIBRUMI.

123 287 230 365 εὐθὺς
260 312 299 354 το
332 288 535 373 ἰσόπλευρον
567 283 657 378 αύτῷ
690 291 791 374 δηλοῖ
819 287 875 355 καί
908 283 1139 373 όρθογῶνιον.

122 391 224 478 λόγος
246 397 284 460 δὲ
305 418 429 461 τουτου
455 389 527 461 όδε’
568 391 676 480 μόνον
702 390 740 460 τὸ
767 392 978 482 τετράγωνον
1009 399 1140 482 χωρίον

123 498 179 565 καὶ
201 525 284 567 κατα
306 497 366 578 τὰς
388 498 533 586 πλευρὰς
555 503 622 586 ἔχει
648 496 686 568 τὸ
714 497 854 585 ἀριστον
881 499 937 566 καί
964 497 1049 567 κατὰ
1078 497 1140 580 τὰς

123 609 261 691 γωνίας·
284 606 404 691 ἑκάστη
424 603 488 693 γὰρ
507 602 619 673 αύτῶν
638 601 727 693 ὀρθή
747 602 894 675 ἐστιντὸ
912 607 1036 693 μέτρον
1055 603 1137 674 ἀπο-

87 716 274 798 σλαβούσα
300 715 369 780 τῶν
397 714 533 797 γωνιῶν
561 710 600 780 τὸ
628 709 710 798 μήτε
737 713 888 779 ἐπίτασιν
911 709 993 797 μήτε
1016 709 1137 780 ἀνεσιν

124 818 369 906 ἐπιδεχόμενον.
387 815 459 886 κατ’
471 815 644 905 ἀμφότερα
658 808 722 886 ούν
730 815 1141 904 πλεονεκτούσηςείκότως

123 930 218 1013 ἔσχεν
236 923 299 1012 τὴν
316 922 436 1010 κοινὴν
456 925 659 1009 ἐπωνυμίαν.
694 922 733 992 τὸ
751 921 788 990 δὲ
801 928 969 1010 τρίγωνον
982 920 1048 993 κάν
1062 932 1138 1004 ίσας

124 1036 181 1119 ἔχη
199 1028 259 1110 τὰς
277 1036 412 1116 γωνίας,
430 1028 515 1097 ἀλλὰ
533 1026 641 1111 ὀξείας
654 1029 772 1115 πόσας,
791 1027 899 1097 καὶτὸ
918 1029 1137 1121 πεντάγωνον

124 1135 283 1223 ἀμβλείας
304 1136 420 1215 πάσας.
462 1134 597 1216 εἰκότως
623 1132 750 1223 ἄρατὸ
772 1134 983 1222 τετράγωνον
1005 1133 1135 1220 ἰσότητι

73 1260 105 1308 10
123 1246 277 1326 πλευρῶν
291 1243 346 1309 καὶ
363 1240 524 1329 ὀρθότητι
537 1245 672 1327 γωνιῶν
686 1242 1009 1329 συμπεπληρωμένον
1022 1238 1133 1325 μόνον

124 1349 160 1414 ἐκ
196 1345 332 1414 πάντων
367 1345 620 1434 τετραπλεύρων
660 1347 783 1434 ταύτης
817 1357 876 1433 τῆς
910 1348 1134 1435 προσηγορίας

124 1458 253 1539 ἔτυχεν·
290 1466 360 1533 τοῖς
382 1452 446 1540 γὰρ
469 1451 668 1540 ὑπερέχουσι
690 1458 760 1522 τῶν
783 1457 886 1522 είδῶν
907 1451 1029 1522 τὸτοῦ
1052 1448 1139 1520 όλου

123 1558 283 1639 πολλάκις
318 1561 557 1646 ἐπιφημίζομεν
595 1556 713 1645 ὄνομα.
772 1564 866 1629 δοκεῖ
899 1559 937 1627 δὲ
971 1559 1028 1626 καὶ
1065 1571 1140 1639 τοῖς

124 1671 376 1752 Πυθαγορείοις
402 1676 503 1734 τοῦτο
530 1664 759 1752 διαφερόντως
785 1677 855 1734 τῶν
883 1663 1140 1753 τετραπλεύρων

72 1789 105 1838 15
124 1772 240 1841 είκόνα
262 1773 379 1860 φέρειν
401 1775 460 1859 τῆς
482 1775 579 1850 θείας
597 1767 727 1850 ούσίας·
751 1770 813 1858 τήν
831 1798 866 1840 τε
883 1770 948 1859 γὰρ
967 1770 1141 1860 ἄχραντον

123 1879 218 1960 τάξιν
242 1876 298 1946 διὰ
320 1879 444 1948 τούτου
466 1877 609 1966 μάλιστα
632 1883 869 1964 σημαίνουσιν·
896 1875 919 1964 ἦ
940 1903 976 1946 τε
998 1876 1063 1965 γὰρ
1083 1874 1139 1966 ὀρ·

124 1984 228 2071 θύτης
249 1984 288 2053 τὸ
312 1983 449 2053 ἀκλιτον
472 1984 528 2052 καὶ
550 1983 572 2070 ἡ
596 1983 710 2070 ίσότης
730 1982 793 2070 τὴν
816 1982 962 2071 μόνιμον
987 1985 1138 2071 δύναμιν

125 2089 350 2177 ἀπομιμεῖται·
376 2087 517 2175 ’κίνησις
538 2088 603 2177 γὰρ
626 2088 823 2176 ἀνισότητος
846 2095 998 2176 ἔκγονος,
1022 2089 1141 2170 στῶσις

125 2194 162 2264 δδ
185 2194 346 2281 ίσότητος.
386 2199 422 2263 οί
440 2200 559 2263 τοίνυν
581 2208 640 2283 τῆς
665 2200 831 2284 σταθεράς
854 2196 1017 2286 ἱδρύσεως
1036 2206 1139 2266 αίτιοι

71 2319 106 2367 20
123 2314 195 2379 τοῖς
222 2300 314 2379 ὅλοις
340 2300 395 2367 καὶ
422 2305 480 2388 τῆς
506 2299 675 2388 ἀχράυτου
705 2304 761 2371 καὶ
792 2303 930 2370 ἀκλίτου
962 2303 1139 2390 δυνάμεως

124 2405 260 2484 εἰκότως
278 2404 334 2473 διὰ
353 2411 414 2475 τοῦ
427 2414 673 2495 τετραγωνικού
687 2409 854 2496 σχήματος
868 2407 913 2488 ῶς
931 2407 986 2477 ἀπ’
1005 2409 1139 2490 είκόνος

125 2514 354 2598 ἐμφαίνονται.
389 2513 445 2580 καὶ
463 2511 548 2600 πρὸς
565 2513 697 2594 τούτοις
716 2512 734 2583 ὁ
755 2513 923 2594 Φιλόλαος
939 2513 1011 2583 κατ’
1029 2514 1138 2602 ἀλλην

124 2617 284 2705 ἐπιβολὴν
293 2617 355 2705 τὴν
365 2623 426 2686 τού
435 2619 648 2706 τετραγώνου
657 2618 884 2706 γωνίανῬίας
892 2621 1140 2708 καὶΛημητρος

123 2726 180 2793 καί
195 2722 326 2805 Ἑστίας
340 2723 508 2793 ἀποκαλεῖ.
537 2725 625 2794 διότι
639 2725 703 2813 γάρ
717 2724 778 2813 τὴν
792 2730 858 2814 γῆν
871 2725 909 2796 τὸ
924 2725 1136 2815 τετράγωνον

70 2853 105 2902 25
123 2828 316 2920 ύφίστησιν,
334 2833 389 2899 καί
404 2830 571 2919 στοιχεῖόν
585 2833 675 2899 ἐστιν
692 2831 794 2919 αὐτῆς
805 2834 973 2921 προσεχές,
988 2830 1034 2911 ῶς
1046 2828 1138 2920 παρὰ

124 2943 185 3006 τοῦ
209 2944 352 3024 Τιμαίου
371 2936 623 3025 μεμαθήκαμεν,
642 2934 707 3005 ἀπὸ
728 2938 765 3006 δὲ
783 2943 901 3007 πασῶν
919 2937 1049 3006 τούτων
1067 2947 1137 3006 τῶν

123 3048 274 3112 θεαινῶν
289 3041 472 3131 ἀπορροίας
486 3039 506 3129 ἡ
521 3046 563 3128 γη
579 3045 706 3129 δέχεται
720 3044 776 3111 καί
790 3049 952 3130 γονίμους
966 3026 1137 3130 δυνάῶεις,

125 3149 259 3227 είκότως
281 3146 344 3235 τὴν
367 3153 428 3216 τού
453 3147 666 3233 τετραγώνου
693 3153 821 3234 γωνίαν
847 3144 972 3235 ἀνῆκεν
999 3150 1137 3230 ταύταις

124 3266 196 3331 ταῖς
224 3251 402 3337 ζωογόνοις
431 3262 537 3332 θεαῖς.
582 3252 638 3319 καὶ
667 3251 731 3340 γάρ
749 3251 883 3322 Ἑστίαν
907 3259 1050 3323 καλοῦσι
1072 3252 1136 3341 τὴν

123 3371 336 3380 ----

196 3407 460 3481 θέπιδεχομένων,
480 3412 530 3465 sed
549 3427 618 3465 corr.
684 3418 725 3466 10.
745 3410 1036 3500 συμπεπληρωμένων.
1093 3419 1136 3468 14.

123 3482 326 3550 Πυθαγορίοις.
401 3487 441 3536 16.
460 3478 574 3553 τούτου]
593 3482 652 3537 τού.
727 3488 768 3539 18.
788 3479 920 3554 κινήσεις.
