2362 3796
100 139 168 205 590
253 140 409 195 sellom
426 142 465 195 m
483 140 759 195 ELEMENTORUM
775 141 916 193 LIBRUM
928 142 966 197 X.

100 286 282 372 τοιγαροῦν
309 280 400 370 παρά
427 280 487 361 τὰς
513 280 632 363 λοιπάς
659 278 804 368 ἀλόγους
829 281 851 369 ἡ
882 286 917 349 Γ
938 281 1050 350 ἐστιν.
1096 288 1127 352 εί

101 395 186 478 γοῦν
209 386 266 457 ὐπ’
288 386 392 475 άλλης
410 387 504 468 τινὸς
521 386 706 476 άνωνύμου
724 385 859 468 εὐθείας
876 392 1013 476 χωρίου
1032 394 1123 479 παρὰ

102 495 205 586 βητὴν
222 493 284 582 τὴν
304 502 332 562 Β
351 495 571 582 παραβληθὲν
589 495 713 575 πλάτος
729 494 859 582 ποιήσει
877 492 940 582 τὴν
956 497 1125 579 πολλάκις

102 602 282 689 εἰρημένην
297 607 335 687 Γ,
358 602 380 688 ἡ
403 600 441 670 τὸ
466 607 590 689 χωρίου
609 603 717 669 έκεῖνο
736 601 918 687 δυναμένη,
941 604 1123 674 τουτέστιν

65 740 82 789 5
101 708 122 795 ἡ
137 715 181 793 Δ,
196 707 291 795 ἑτέρα
306 713 396 776 ἔσται
410 705 499 793 παρὰ
511 705 570 785 τὰς
583 703 814 793 ἀναφανείσας
825 704 960 787 ἁπάσας
974 707 1125 797 ἀλόγους

99 809 245 898 εὐθείας,
268 814 324 881 καὶ
347 815 470 881 τούτου
492 813 686 901 γινομένου,
709 813 880 881 τουτέστιν
903 808 969 899 ὐφ’
997 815 1126 904 ἑτέρων

99 917 246 989 εὐθειῶν
264 918 398 1006 άλόγωυ
415 925 550 1007 χωρίων
568 919 875 1007 παραβαλλομένων
893 918 992 1005 παρὰ
1009 921 1080 1010 την
1098 931 1124 992 Β

100 1025 205 1114 ῥητὴν
227 1026 284 1094 καὶ
307 1025 413 1112 πλάτη
437 1024 630 1094 ποιούντων
652 1022 711 1105 τάς
732 1023 867 1104 εὐθείας
890 1025 1047 1115 ἐκείνας,
1078 1022 1124 1099 ὧν

99 1130 139 1200 τά
169 1130 234 1199 άπὸ
262 1130 393 1199 τούτων
420 1137 526 1218 χωρία
553 1132 642 1218 παρά
670 1131 733 1219 τὴν
757 1139 785 1199 Β
813 1133 920 1220 ῥητὴν
943 1155 1125 1221 προπαρα-

48 1270 81 1318 10
100 1240 295 1325 βέβληνται,
329 1238 361 1316 ἐς
393 1236 532 1324 ἄπειρον
562 1236 680 1325 άλογοι
707 1233 752 1306 άν
780 1235 912 1305 εὐθεῖαι
939 1236 1125 1330 άνιάνυμοι

100 1343 361 1430 άναφαίνοιντο,
389 1344 445 1411 καί
473 1340 494 1430 ἡ
521 1344 597 1430 περί
623 1343 753 1412 τούτων
781 1347 909 1429 θεωρία
933 1344 1041 1428 τέλος
1066 1346 1126 1436 οὐχ

100 1453 163 1532 ἕξει
187 1451 274 1519 ποτέ.

165 1577 240 1642 475.
272 1571 318 1640 Ἡ
336 1581 402 1641 AB
491 1570 607 1661 ἡΑΓ

320 1683 342 1768 ,ὃ
532 1686 539 1748 Ι

525 1792 566 1860 ΟΙ

164 2021 239 2086 476.
281 2021 326 2085 Εί
351 2014 563 2104 ὐποθιάμεθα
591 2016 654 2102 τὴν
678 2024 744 2083 ΖΔ
770 2020 810 2105 τῇ
836 2022 906 2083 ΔΓ
934 2013 1033 2087 εἶναι
1062 2019 1123 2109 τὴν

98 2121 221 2210 αὐτήν,
254 2120 337 2210 ἡδὲ
360 2130 426 2191 ΓΔ
452 2121 541 2210 παρά
570 2122 632 2208 τὴν
656 2128 722 2188 ΑΒ
747 2109 857 2209 χῥητὴν
880 2129 1124 2213 παραβληθείς

98 2229 221 2309 πλάτος
243 2233 400 2315 πεποίηκε
422 2231 485 2316 τὴν
503 2233 572 2296 ΑΓ
590 2228 706 2314 μέσην,
729 2228 785 2294 καὶ
808 2224 828 2314 ἡ
848 2237 882 2294 Δ
888 2235 915 2294 Ζ
938 2225 1009 2316 ἄρα
1031 2234 1124 2321 παρὰ

44 2363 79 2411 20
97 2333 159 2421 τὴν
178 2342 244 2402 ΑΒ
263 2340 517 2420 παραβληθεῐσα
536 2332 660 2412 πλάτος
677 2331 810 2419 ποιήσει
827 2331 890 2419 τὴν
909 2339 979 2401 ΑΓ
999 2339 1123 2426 μέσην.

98 2438 119 2527 ἡ
142 2437 226 2528 αὐτὴ
251 2439 288 2506 δὲ
311 2435 417 2525 ἡΔΖ
439 2435 529 2524 παρὰ
546 2437 608 2525 τὴν
627 2444 692 2506 ΓΕ
713 2438 829 2526 ῥητήν,
851 2440 1008 2507 τουτέστι
1029 2446 1123 2533 παρὰ

97 2545 159 2633 τὴν
191 2553 257 2614 ΑΒ
263 2597 273 2630 ,
308 2551 564 2632 παραβληθεῑσα
601 2544 725 2625 πλάτος
755 2544 912 2631 πεποίηκε
946 2545 1015 2632 τὴν
1051 2557 1125 2620 ΓΔ.

98 2654 181 2740 μέση
204 2651 270 2739 άρα
292 2653 348 2720 καὶ
371 2649 392 2739 ἡ
416 2657 496 2719 ΓΛ·
529 2651 764 2739 ἐλεγχθήσεται
788 2651 825 2720 δέ
847 2648 892 2739 μὴ
917 2647 1010 2721 εἶναι
1036 2660 1125 2744 μέση

99 2757 155 2828 διὰ
182 2759 238 2845 νβ’
263 2759 301 2826 ι’·
342 2758 423 2845 ὅπερ
451 2755 587 2828 ἄτοπον.
639 2756 701 2827 οὐκ
731 2757 797 2845 άρα
824 2754 845 2844 ἡ
874 2763 941 2824 ΔΖ
974 2755 997 2846 ἡ
1036 2760 1125 2850 αὐτή

45 2893 79 2943 25
100 2870 167 2936 ε’στι
190 2870 230 2956 τῇ
254 2872 326 2934 ΓΔ.

99 3031 312 3042 ,,,.-..---

150 3121 231 3255 ῒβλρρ
259 3111 303 3168 Vb
328 3115 467 3184 (adapp.
486 3133 526 3168 nr.
547 3119 582 3168 24
605 3131 632 3182 p.
652 3114 729 3181 402).
838 3116 899 3166 4⁷6.
927 3111 975 3165 V⁸
998 3115 1124 3184 (eodem

98 3205 147 3256 per
159 3203 207 3240 -me
234 3229 240 3240 .

168 3423 210 3476 18.
230 3414 442 3492 παραβληθείςλ
457 3429 511 3468 τοι.
528 3415 756 3486 παραβληθεῐτα;
785 3412 834 3466 sed
852 3412 967 3468 omnino
988 3416 1064 3484 quid
1086 3421 1125 3474 εἰς

85 3489 244 3552 εὐθεῖαν
265 3487 511 3567 παραβ.,1ιοεοὶο.
580 3491 628 3539 Ἦ.
645 3480 820 3550 ὲλεηηθήθ,
