2362 3796
240 130 397 183 SOHOLIA
415 131 455 182 IN
472 129 747 182 ELEMENTORUM
763 129 903 180 LIBRUM
917 130 938 181 1.
1028 126 1088 190 121

75 271 472 358 διαπραγματευσάμενος
500 274 672 337 δείκνυσιν
705 277 761 335 ίσα
792 267 832 335 τά
861 274 1008 356 τρίγωνα
1034 269 1091 335 καὶ

73 375 133 456 τὰς
149 383 275 463 γωνίας
293 376 349 444 καὶ
367 373 408 444 τὰ
427 373 556 462 ἐμβαδά
570 376 626 442 καὶ
640 373 681 442 τὰ
694 379 881 462 περίμετρα.
913 380 1089 461 συμβαίνει

73 481 112 550 δὲ
133 487 202 551 τῶν
226 484 384 569 ἐμβαδῶν
409 490 492 550 ίσων
517 480 628 550 όντων
651 479 692 548 τά
715 485 894 567 περίμετρα
915 478 1015 547 όίνισα
1034 480 1089 547 καί

70 593 141 657 τῶν
164 591 372 676 περιμέτρων
396 596 479 655 ίσων
504 585 617 655 οὐσῶν
644 586 746 655 άνισα
773 585 814 653 τὰ
844 584 980 672 ἐμβαδά.
1026 585 1089 653 δύο

71 693 139 780 γάρ
151 697 334 761 ἰσοσκελῶν
348 692 524 780 τριγώνων
540 693 697 780 ἑκάτερον
713 698 778 779 ἔχει
792 689 850 772 τάς
863 700 937 771 ίσας
946 689 1090 776 πλευρὰς
1107 713 1123 762 5

75 798 144 867 άπὸ
168 801 266 867 πέντε
289 801 458 886 μονάδων,
482 804 551 869 τῶν
575 799 612 867 δέ
634 799 767 886 βάσεων
791 797 829 867 τδ
849 799 911 886 μὲν
930 796 1028 883 ὀκτώ,
1051 797 1089 864 τὸ

77 905 116 972 δὲ
144 907 187 986 ἕξ.
241 901 259 972 ὁ
287 903 348 992 μέν
382 904 518 991 άπειρος
549 912 750 993 γεωμετρίας
782 914 869 973 είποι
902 901 945 972 άν
979 908 1090 990 μεῖζον

77 1009 166 1079 εἶναι
187 1008 225 1078 τδ
249 1015 327 1097 ἐχον
351 1011 591 1096 ὀκτωκαίδεκα,
620 1009 638 1078 ὁ
664 1011 695 1079 δ’
722 1003 765 1078 αὖ
789 1011 976 1098 γεωμέτρης
1003 1017 1090 1076 είποι

77 1115 132 1202 άν,
156 1115 208 1185 ότι
231 1117 396 1204 ἑκατέρων
419 1119 456 1187 τὸ
482 1117 631 1205 ἐμβαδόν
655 1120 725 1185 ἐστι
749 1117 890 1202 δώδεκα,
913 1118 1090 1184 καὶταῦτα

75 1219 241 1304 ἀποδείξει
268 1223 416 1294 κάθετον
444 1222 580 1311 άγαγιὸν
608 1225 772 1309 ἑκατέρων
803 1227 871 1292 τῶν
902 1223 1089 1312 τριγιόνων,
1110 1244 1143 1293 10

73 1329 130 1397 καί
148 1329 271 1398 τούτου
293 1331 605 1417 γινομένουίσάζει
628 1330 683 1397 καί
707 1328 746 1397 τά
769 1336 948 1418 περίμετρα
970 1330 1026 1397 καὶ
1049 1327 1089 1397 τδι

74 1435 204 1520 ἐμβαδίι
227 1433 349 1505 αὐτῶν.
387 1433 612 1504 ὑποτείνουσα
636 1435 674 1503 δὲ
696 1435 822 1523 πλευρά
846 1440 886 1523 τῇ
908 1442 1017 1525 γωνίᾳ
1040 1436 1088 1503 λέ-

73 1566 167 1626 γεται
180 1538 201 1624 ἡ
216 1541 418 1628 καταντικρὺ
432 1543 581 1629 κειμένη·
605 1546 695 1609 πάσα
709 1541 773 1628 γὰρ
788 1540 968 1628 τριγωνικὴ
982 1547 1089 1627 γωνία

72 1649 258 1734 περιέχεται
282 1646 343 1733 μὲν
366 1645 432 1716 ὑπὸ
456 1648 519 1715 δύο
543 1646 705 1730 εὐθειῶν,
730 1647 939 1715 ὑποτείνεται
964 1646 1001 1714 δὲ
1024 1644 1089 1713 ὑπὸ

73 1755 133 1838 τῆς
157 1755 284 1837 λοιπῆς.
329 1750 383 1818 διὸ
406 1750 464 1831 τὰς
486 1757 611 1838 γωνίας
635 1761 710 1831 ίσας
734 1750 838 1836 εἶναι,
865 1748 925 1836 ὑφ’
952 1748 992 1829 ἃς
1020 1758 1090 1818 ίσαι
1110 1773 1143 1822 15

76 1857 219 1944 πλευραί
232 1855 477 1927 ὑποτείνουσιν.
514 1857 576 1926 δύο
598 1858 635 1926 δὲ
653 1857 785 1925 εὐθεῖαι
803 1862 928 1943 χωρίον
947 1855 987 1924 οὐ
1002 1881 1109 1945 περι-η
1141 1910 1144 1916 .

72 1965 224 2050 ἔχουσιν·
247 1967 347 2031 τοῦτο
367 1959 413 2042 ὥς
431 1960 705 2050 ὁμολογούμενον
725 1961 742 2031 ὁ
761 1962 949 2050 γεωμέτρης
964 1966 1089 2047 ἔλαβεν.

72 2074 104 2137 εί
125 2068 190 2158 γάρ
213 2068 253 2136 τὰ
276 2072 417 2156 πέρατα,
440 2075 557 2155 φησίν,
582 2069 764 2156 ἐφαρμόσει
787 2072 855 2135 τῶν
879 2066 1011 2153 βάσεων
1035 2065 1090 2134 άλ-

74 2173 204 2259 ληλοις,
237 2173 467 2261 ἐφαρμόσουσι
495 2175 549 2241 καὶ
578 2178 616 2242 αί
640 2175 769 2261 βάσεις,
802 2179 833 2242 εί
863 2173 899 2242 δὲ
931 2173 992 2262 μή,
1026 2173 1089 2242 δύο

75 2278 207 2346 εὐθεῖαι
238 2286 363 2368 χωρίον
401 2281 621 2368 περιέξουσιν.
682 2282 744 2350 δόο
781 2281 846 2369 γάρ
880 2283 948 2348 ἐστι
985 2285 1089 2348 ταῦτα
1108 2304 1142 2353 20

74 2383 244 2471 άξιιόματα
258 2385 435 2454 συνεκτικὰ
450 2390 509 2472 τῆς
523 2384 603 2473 ὅλης
617 2387 770 2472 μεθόδου
788 2392 849 2456 τοῦ
868 2388 1090 2475 προκειμένου

74 2490 302 2578 θεωρήματος,
322 2497 360 2560 ἓν
375 2496 448 2579 μέν,
468 2490 520 2560 ότι
534 2492 574 2560 τά
594 2493 825 2580 ἐφαρμόζοντα
844 2502 900 2561 ίσα
919 2493 1089 2580 ἀλλήλοις

75 2600 174 2664 τοῦτο
202 2594 314 2678 ἁπλῶς
341 2595 465 2683 άληθὲς
493 2598 549 2665 καὶ
578 2597 718 2678 οὐδενός
746 2604 1014 2687 προσδιορισμοῦ
1038 2603 1090 2666 δε-

75 2701 217 2787 όμενον,
250 2695 278 2794 ᾧ
305 2708 423 2791 χρῆται
451 2703 469 2772 δ
499 2703 708 2792 στοιχειωτης
737 2708 794 2772 ἐπί
813 2731 848 2771 τε
875 2710 933 2792 τῆς
961 2704 1090 2790 βάσεως

72 2809 131 2876 καί
153 2819 214 2876 τοῦ
238 2811 386 2896 ἐμβαδοῦ
407 2812 463 2877 καὶ
486 2815 553 2878 των
572 2815 700 2877 λοιπῶν
719 2813 867 2894 γωνιῶν·
890 2812 994 2876 ταῦτα
1013 2809 1088 2895 γάρ,
1107 2830 1142 2880 νο

74 2920 193 3001 φησίν,
218 2916 304 2984 διότι
327 2916 519 3003 ἐφαρμόζει,
543 2925 599 2983 ίσα
624 2918 724 2982 ἐστίν.
765 2916 879 3000 ἕτερον
903 2916 951 2999 δέ,
976 2912 1027 2981 ὅτι
1050 2915 1089 2983 τὰ

72 3029 131 3088 ίσα
160 3020 337 3108 ἐφαρμόζει
366 3020 534 3108 ἀλλήλοις·
575 3025 674 3089 τοῦτο
704 3017 741 3086 δὲ
774 3018 835 3086 οὐκ
868 3021 920 3087 ἐπὶ
952 3020 1089 3089 πάντων

70 3125 210 3213 άληθές,
234 3125 309 3195 ἀλλ’
326 3129 378 3196 ἐπὶ
397 3139 466 3196 τῶν
487 3126 663 3214 ὁμοειδῶν.
694 3123 832 3212 ὁμοειδῆ
853 3126 994 3213 δὲλέγω
1015 3121 1089 3196 οἷον

71 3231 213 3301 εὐθεῖαν
238 3232 357 3324 εὐθείᾳ
380 3235 435 3301 καὶ
457 3240 674 3325 περιφέρειαν
692 3238 887 3323 περιφερείᾳ
904 3238 966 3302 τοῦ
984 3232 1089 3304 αὐτοῦ

147 3472 171 3520 5.
190 3461 252 3535 τάς]
272 3463 327 3518 del.
347 3481 384 3518 m.
405 3468 419 3514 1
438 3461 467 3517 P.
544 3469 586 3522 18.
607 3459 767 3540 ἐμαρμόσει
782 3465 821 3525 P.
