2362 3796
237 128 394 181 scnom
410 131 450 182 m
467 131 744 183 ωτωυιιαυοευυ
761 132 937 185 mmm
1024 127 1091 193 209

71 267 295 360 ὀρθογωνίῳ,
324 259 366 337 οὗ
392 265 415 355 ἡ
443 269 504 356 μὲν
528 270 563 336 έκ
585 272 647 337 τού
670 272 813 356 κέντρου
836 278 892 356 ἴση
917 271 1007 338 ἐστὶν
1031 274 1090 360 μιᾷ

70 379 143 445 τών
165 374 242 463 περὶ
264 372 327 461 τὴν
351 373 472 463 ὀρθήν,
495 373 516 462 ἡ
537 374 574 443 δὲ
592 380 788 463 περίμετρος
805 380 845 464 τῇ
863 374 969 461 βάσει.
1005 374 1090 445 άλλά

70 484 180 551 ταῦτα
202 479 265 568 μὲν
287 482 326 549 έν
348 478 470 561 άλλοις.

143 591 218 656 143.
259 590 366 656 Τοῦτο
394 585 666 676 καθολικώτερον
693 589 763 654 τών
788 584 854 674 πρὸ
878 584 998 654 αὐτοῦ·
1034 587 1089 655 διὸ

71 692 131 762 καὶ
158 690 205 773 ώς
230 695 401 781 λήμμασιν
428 695 568 773 ἐκείνοις
595 696 724 779 χρῆται.
768 691 868 759 παντὶ
895 691 959 778 γάρ
988 700 1091 760 πολυ-
1127 717 1143 767 5

71 798 175 890 γώνςο
208 806 284 867 ἴσον
311 796 520 885 ὑπισχνεῖται
547 797 703 866 πλάττειν
731 797 1091 886 παραλληλόγραμμον.

74 903 207 973 διαλύει
227 904 264 973 δὲ
282 902 324 972 τὰ
342 903 524 991 πολύγωνα
538 908 585 984 είς
598 909 746 990 τρίγωνα
759 903 816 970 καὶ
829 916 900 983 τοῖς
912 903 1091 990 τριγώνοις

72 1019 131 1078 ίσα
162 1016 361 1097 συνίστησιν
394 1012 431 1078 έν
458 1020 499 1098 τῇ
527 1014 669 1098 δοθείσῃ
697 1015 804 1099 γωνίᾳ
830 1006 883 1077 άελ
910 1007 999 1098 παρὰ
1027 1006 1090 1097 τὴν

71 1118 135 1185 τοῦ
163 1118 392 1196 συσταθέντος
418 1115 568 1204 πλευράν
594 1129 667 1194 τοϊς
693 1114 870 1201 τριγώνοις
898 1124 954 1184 ίσα
985 1139 1089 1204 παρα·

71 1224 208 1309 βάλλων
230 1221 569 1311 παραλληλόγραμμα.
605 1224 641 1289 έκ
663 1221 787 1290 τούτου
810 1224 850 1290 δέ
866 1242 948 1309 φασι
966 1223 1022 1290 καὶ
1041 1226 1089 1301 είς
1109 1249 1142 1298 10

73 1316 211 1415 ζήτησιν
238 1332 300 1396 τού
326 1328 387 1398 τὸν
416 1327 542 1396 κύκλον
570 1333 870 1415 τετραγωνίζεσθαι
898 1336 1088 1416 προελθεῖν.

71 1431 243 1520 ὑπέλαβον
265 1436 345 1522 γάρ,
375 1431 421 1514 ὡς
442 1442 494 1521 εἴη
517 1433 573 1502 καὶ
595 1447 667 1513 τυίς
688 1431 734 1520 μὴ
759 1431 1010 1521 εὐθυγράμμοις
1033 1442 1088 1501 ίσα

71 1538 418 1629 παραλληλόγραμμα·
437 1537 522 1608 ὅθεν
537 1537 554 1607 ὁ
568 1531 767 1626 Ἀρχιμέδης
781 1537 901 1625 σχεδὸν
916 1537 1087 1620 ἀπέδειξεν

71 1649 186 1732 τοῦτο,
209 1643 282 1714 ἀλλ’
305 1644 396 1733 ὅμως
417 1672 454 1731 γε
477 1650 727 1732 παρελογίσατο.

423 1843 480 1907 Ad
502 1863 607 1928 prop.
630 1839 746 1905 XLVI.
1108 1860 1141 1908 ιτ

145 1966 217 2031 144.
254 1970 322 2030 Δεῖ
341 1962 403 2050 μὲν
426 1960 507 2050 ἡμῖν
529 1965 591 2029 τοῦ
614 1958 670 2048 με’
695 1960 928 2046 προβλήματος
952 1963 999 2038 είς
1025 1958 1087 2047 τὴν

71 2065 283 2154 κατασκευὴν
301 2071 362 2136 τοῦ
382 2067 444 2153 μζ’.
477 2068 588 2136 ίστέον
608 2068 655 2151 δέ,
675 2063 726 2133 ὅτι
739 2068 808 2133 τών
823 2062 970 2152 άρίστων
989 2062 1088 2133 εὐθυ-

72 2174 239 2265 γράμμων
253 2175 315 2242 δύο
329 2177 390 2242 τοῦ
410 2172 612 2260 ίσοπλεύρου
629 2170 797 2259 τριγώνου
815 2172 871 2239 καὶ
886 2171 1088 2260 ἰσοπλεύρου

51 2279 287 2368 ,τετραγώνου
317 2281 463 2366 γενέσεις
494 2276 773 2366 παραδέδωκενὸ
807 2277 1017 2366 στοιχειωτὴς
1050 2283 1087 2349 έν

73 2399 147 2465 τοῖς
168 2383 233 2472 πρὸ
255 2385 385 2454 τούτων
408 2386 463 2453 καί
487 2388 524 2453 έν
546 2384 693 2470 τούτοις,
722 2384 809 2453 διότι
836 2385 892 2453 καὶ
919 2384 1002 2475 πρὸς
1023 2385 1087 2474 τὴν
1106 2407 1140 2455 20

75 2489 239 2559 σύστασιν
260 2495 330 2560 τών
352 2495 523 2578 κοσμικών
547 2490 725 2578 σχημάτων
746 2495 816 2559 τών
839 2484 860 2558 δ
882 2491 1086 2561 καὶτούτων

72 2595 217 2686 μάλιστα
238 2602 333 2687 χρεία
355 2602 423 2666 τών
447 2596 709 2685 εὐθυγράμμων·
731 2596 769 2664 τὸ
794 2597 938 2683 μὲνγὰρ
958 2598 1086 2664 είκοσά-

72 2707 178 2791 εδρον
205 2705 260 2772 καὶ
286 2702 324 2771 τὸ
353 2702 535 2789 ὀκτάεδρον
562 2704 617 2771 καλ
644 2700 665 2788 ἡ
692 2704 837 2789 πυραμὶς
865 2703 900 2768 έκ
927 2705 995 2769 τών
1019 2705 1085 2769 ίσυ-

71 2808 230 2894 πλεύρων
262 2808 431 2896 σύγκειται
462 2807 653 2894 τριγώνων,
690 2804 708 2874 ὁ
746 2805 783 2873 δέ
819 2805 922 2891 κύβος
952 2807 987 2872 έκ
1019 2808 1086 2874 τών

71 2914 302 3001 τετραγώνων.
347 2913 541 3000 πρεπόντως
569 2913 606 2982 δὲ
628 2914 685 2980 καὶ
707 2909 744 2979 τὸ
769 2909 830 2997 μὲν
854 2912 1086 2999 συστήσασθαι
1105 2933 1141 2983 25

73 3023 176 3106 λέγει·
208 3018 254 3100 ὡς
276 3020 341 3109 γάρ
365 3024 401 3089 ἐκ
424 3025 559 3090 πολλών
583 3017 873 3107 συγκροτούμενον
897 3015 1086 3097 συστάσεως

147 3219 208 3270 143.
226 3213 388 3283 ποτε,
407 3213 448 3279 ιι.
465 3210 497 3269 ιο
517 3211 563 3285 με’
583 3213 675 3268 ετει.
749 3217 808 3267 144.
828 3210 869 3266 va
882 3211 947 3283 (sq).

73 3335 288 3343 ——-—--

147 3398 172 3446 4.
191 3392 260 3462 τῶν]
280 3392 329 3447 τοῦ
348 3391 440 3446 FVat.
508 3395 533 3444 8.
554 3388 585 3445 ἐν
618 3387 649 3445 ἐν
669 3388 701 3445 δέ
720 3388 752 3445 Β.
825 3395 867 3447 10.
887 3387 932 3463 δέ]
951 3406 1006 3448 om.
1021 3391 1086 3449 Vat.

76 3510 79 3517 .
112 3467 155 3516 13.
175 3455 248 3517 ὅθεν
267 3492 301 3502 -
321 3466 364 3519 14.
381 3463 584 3532 παρελογίσατο
618 3477 672 3518 om.
690 3461 722 3517 P.

125 3560 275 3613 Euclides,
289 3561 338 3602 edd.
352 3562 458 3615 Hoiborg
471 3565 495 3605 et
508 3563 600 3617 Mense.
620 3564 651 3607 V.
816 3624 819 3631 Ι
912 3558 956 3609 Ἃ
