2362 3796
339 181 523 233 Amnum
541 181 778 235 scnomonm
795 185 840 236 ιν.
1033 183 1099 247 731

80 321 238 398 ἐπίπεδος
264 316 345 406 μετὰ
373 323 435 389 τοῦ
461 317 528 389 άπὸ
556 325 619 389 τοῦ
641 321 764 408 μεταξὺ
784 323 1000 409 τετραγώνου
1027 332 1105 403 ι’σος

79 424 151 492 ἐστὶ
175 429 221 516 τῷ
245 423 312 493 άπὸ
333 429 395 495 τοτ’
418 424 558 513 ἡμίσεος
578 427 787 520 τετραγώνῳ.

148 535 232 599 ἒστιο
256 529 321 618 γὰρ
344 531 459 619 άρτιος
476 531 625 619 άριθμδς
642 530 662 601 6
681 538 727 619 αβ
749 536 805 602 καὶ
823 534 1002 623 διῃρήσθω
1022 541 1104 622 δίχα

77 635 143 724 μὲν
162 641 209 716 εἰς
225 637 306 718 τοὺς
325 665 379 724 οιγ,
392 643 447 725 γβ,
469 635 615 728 άνισαχῇ
635 639 673 707 δὲ
692 645 740 720 εἰς
751 640 833 721 τοὺς
845 646 901 725 αδ,
917 645 969 726 δβ.
1001 644 1103 727 λέγω,

79 742 134 812 ὅτι
162 741 181 811 6
209 743 275 812 άπὸ
303 748 366 812 τοῦ
388 749 432 831 γβ
458 743 668 832 τετράγωνος
695 754 769 825 ῖσος
796 747 865 815 ἐστὶ
891 751 939 838 τῷ
968 750 1004 815 ἐκ
1030 751 1103 815 τών
1142 750 1151 798 ¹

77 854 136 934 αδ,
151 853 194 934 δβ
218 850 362 942 ἐπιπέδῳ
385 849 467 936 μετὰ
490 855 553 918 τοῦ
576 847 643 918 άπὸ
667 854 730 918 τοῦ
751 857 794 936 γδ
815 852 1039 939 τετραγώνου.

148 960 231 1023 ἔστω
253 953 320 1042 γάρ
344 953 410 1023 άπὸ
433 956 496 1042 μὲν
518 960 580 1023 τοῦ
602 961 646 1042 γβ
666 957 878 1043 τετράγωνος
900 957 919 1027 6
943 986 975 1044 ε,
1001 961 1039 1027 ἐκ
1062 957 1102 1026 δὲ

78 1063 151 1128 τών
174 1064 229 1146 αδ,
245 1064 288 1147 δβ
311 1062 467 1140 ἐπίπεδος
489 1059 509 1129 6
529 1067 576 1147 ζη,
598 1059 667 1130 άπὸ
690 1063 729 1131 δὲ
747 1068 809 1131 τοῦ
828 1069 870 1149 δγ
892 1063 1103 1150 τετράγωνος

78 1164 98 1234 6
118 1174 174 1251 ηθ.
210 1167 267 1234 καὶ
290 1166 361 1235 ἐπεὶ
385 1163 403 1235 6
426 1172 472 1253 βγ
492 1165 643 1253 άριθμδς
664 1170 822 1258 διῄρηται
845 1176 893 1249 εἰς
916 1170 979 1239 δύο
1000 1169 1101 1257 ἀριθ-

77 1269 164 1358 μοὺς
182 1271 262 1351 τοὺς
278 1275 335 1358 βδ,
351 1276 405 1358 δγ,
426 1277 517 1339 ἔστιν
535 1269 603 1356 άρα
620 1271 640 1339 6
659 1270 726 1342 άπὸ
743 1279 806 1343 τοῦ
820 1281 864 1361 βγ
881 1275 1101 1361 τετράγωνος,
1120 1298 1151 1347 ιο

293 1434 313 1466 a
459 1432 476 1482 ν
527 1414 645 1522 [J
669 1382 843 1449 τουτέστιν
859 1380 878 1450 6
892 1409 919 1467 ε,
938 1391 1012 1461 ἴσος
1029 1396 1102 1462 τοῖς

83 1537 97 1572 ε
302 1485 306 1520 ¹
468 1486 539 1519 ἡ
670 1485 739 1554 άπὸ
762 1491 832 1555 τών
854 1492 909 1572 fid,
925 1490 967 1573 δγ
988 1513 1100 1572 τετρα-

88 1590 92 1628 '
670 1591 795 1677 γώνοις
811 1591 893 1679 μετὰ
911 1597 973 1660 τοῦ
991 1593 1044 1672 δὶς
1062 1595 1100 1661 ἐκ

81 1695 635 1732 ι------ι--ι

78 1735 94 1796 ζ
509 1752 528 1800 η
622 1734 647 1785 0
670 1707 740 1765 τών
762 1702 881 1783 my.
927 1704 1011 1764 ε”στω
1034 1691 1101 1765 οὖν

81 1834 628 1874 ι--μ--ι--ι-
671 1799 739 1870 άπὸ
761 1803 824 1888 μὲν
840 1806 903 1871 τοῦ
920 1808 962 1889 βδ
987 1803 1151 1889 mod-15

75 1892 94 1924 κ
272 1874 287 1924 λ
389 1893 410 1940 μ
512 1894 529 1926 ⁹
667 1934 779 1994 γωνος
813 1907 833 1976 6
863 1917 920 1994 ιιλ,
957 1907 1023 1976 άπὸ
1062 1909 1099 1977 δὲ

73 2014 139 2080 τοῦ
163 2014 207 2098 δγ
230 2008 249 2080 6
272 2015 326 2097 νξ,
355 2015 391 2080 ἐκ
413 2014 452 2082 δὲ
473 2018 542 2082 τών
565 2017 620 2098 βδ,
636 2017 679 2098 δγ
701 2012 857 2099 ἑκάτερος
879 2018 949 2082 τών
972 2022 1026 2099 λμ,
1040 2036 1099 2100 μν·

73 2118 156 2199 ὅλος
180 2117 247 2204 άρα
271 2116 290 2186 6
312 2121 351 2200 ιιξ
374 2126 448 2199 ἶσος
470 2120 539 2187 ἐστὶ
561 2122 609 2211 τῷ
633 2145 659 2187 ε.
694 2119 751 2185 καὶ
774 2120 844 2187 ἐπεὶ
868 2117 887 2187 6
909 2125 951 2204 βδ
976 2120 1098 2187 ἑαυτὸν

72 2224 373 2305 πολλαπλασιάσας
405 2227 541 2309 ἐποίησε
572 2221 635 2291 τὸν
662 2231 719 2309 ιιλ,
750 2240 865 2311 μετρεῖ
894 2226 961 2307 ἄρα
992 2223 1098 2293 αὐτὸν

71 2329 158 2401 κατὰ
180 2329 241 2411 τὰς
264 2333 302 2398 ἐν
325 2332 433 2422 ἑαυτῷ
458 2328 619 2416 μονάδας.
655 2328 757 2397 πάλιν
781 2331 850 2398 ἐπεὶ
869 2332 888 2398 6
908 2334 950 2416 γδ
973 2331 1036 2399 τὸν
1055 2336 1098 2416 δβ
1117 2355 1151 2405 το

72 2436 372 2516 πολλαπλασιάσας
384 2433 446 2504 τὸν
460 2443 505 2521 λμ
519 2437 667 2521 ἐποίησε,
682 2433 701 2503 6
715 2433 782 2522 άρα
795 2441 838 2521 δβ
852 2452 967 2524 μετρεῖ
977 2438 1039 2506 τὸν
1054 2446 1098 2523 λμ

72 2543 159 2611 κατὰ
189 2541 247 2621 τὰς
270 2545 377 2634 ἐντῷ
400 2545 445 2627 γδ
472 2543 633 2628 μονάδας.
678 2543 806 2628 ἐμέτρει
833 2544 948 2610 δὲκαὶ
972 2545 1034 2611 τὸν
1057 2551 1097 2609 u).

73 2648 159 2717 κατὰ
182 2648 239 2729 τὰς
263 2651 301 2717 ἐν
324 2649 432 2741 ἑαυτῷ
455 2650 624 2735 μονάδας·
647 2648 730 2716 ὅλον
751 2645 818 2730 ἄρα
840 2647 901 2715 τὸν
919 2675 963 2735 ιιμ
986 2661 1100 2733 μετρεῖ

76 2752 95 2823 6
116 2758 161 2839 δβ
183 2754 266 2822 κατὰ
284 2753 344 2833 τὰς
362 2756 398 2822 ἐν
416 2759 463 2844 τῷ
483 2759 528 2839 γβ
546 2752 707 2839 μονάδας.
744 2761 817 2832 ἶσος
835 2752 873 2820 δὲ
892 2751 967 2838 ὀγβ
985 2758 1031 2842 τῷ
1046 2781 1097 2837 γα.

76 2858 97 2927 6
121 2858 189 2946 άρα
209 2863 251 2946 δβ
274 2873 387 2946 μετρεῖ
407 2857 469 2926 τὸν
490 2885 537 2945 ιιμ
558 2861 643 2925 κατὰ
664 2859 724 2939 τὰς
746 2861 783 2926 ἐν
806 2863 853 2948 τῷ
872 2886 915 2943 γα
938 2858 1098 2944 μονάδας.
1116 2880 1151 2930 2⁶

76 2963 183 3032 πάλιν
197 2965 266 3033 ἐπεὶ
281 2963 299 3033 6
313 2968 358 3051 γδ
375 2963 672 3045 πολλαπλασιάσας
683 2963 746 3033 τὸν
760 2969 804 3049 δβ
818 2967 952 3049 ἐποίησε
967 2960 1028 3029 τὸν
1042 2990 1099 3049 μν,

76 3067 96 3138 6
122 3067 189 3157 άριι
212 3075 256 3156 δβ
278 3082 394 3157 μετρεῖ
414 3068 476 3138 τὸν
498 3096 543 3157 μν
565 3069 650 3137 κατὰ
673 3069 733 3148 τὰς
751 3071 788 3137 ἐν
806 3072 852 3158 τῷ
873 3073 915 3153 δγ
938 3066 1098 3153 μονάδας.

74 3176 206 3263 ἐμέτρει
234 3175 272 3244 δὲ
299 3176 355 3244 καὶ
382 3173 444 3245 τὸν
464 3202 511 3263 νιμ
536 3174 622 3243 κατὰ
648 3174 709 3255 τὰς
736 3172 774 3242 ἐν
796 3178 842 3265 τῷ
867 3201 910 3259 αγ
933 3173 1098 3259 μονάδας·

73 3281 160 3351 ὅλον
183 3281 250 3371 άρα
271 3280 335 3351 τὸν
357 3309 399 3351 κν
422 3295 537 3370 μετρεῖ
558 3279 577 3350 6
601 3285 646 3368 βδ
667 3279 751 3349 κατὰ
773 3278 832 3360 τὰς
851 3278 889 3347 ἐν
910 3283 957 3370 τῷ
976 3283 1020 3345 αδ
1045 3306 1102 3362 ρο

71 3389 190 3469 νάδοις.
226 3387 312 3457 άλλά
330 3387 398 3475 μὴν
416 3388 473 3456 καὶ
489 3387 553 3457 τὸν
573 3392 610 3478 ζη
637 3400 754 3480 μετρεῖ
777 3384 799 3456 ὀ
821 3390 866 3476 ρδ
889 3386 986 3454 mh
1006 3375 1139 3454 'sz'ffl‘

139 3521 182 3570 30.
201 3509 275 3568 α’λλά
293 3543 330 3556 -
346 3532 376 3585 p.
393 3520 458 3588 732,
478 3521 507 3573 1.
529 3512 690 3596 μονάδας]
711 3515 888 3587 οω.·,ἲὶλ“ὒ.
903 3497 1102 3567 Q'mmss-
