2362 3796
245 122 401 177 εοΗοιιι
420 127 458 178 ιιι
478 127 753 179 Ειυαιιαιοιιιια
770 129 911 180 LIBRUM
924 129 946 182 1.
1034 125 1097 189 177

77 267 263 331 δείκνυται.
300 265 457 351 ἐλέγομεν
482 265 520 332 δὲ
542 267 598 332 καὶ
621 265 800 354 πρότερον,
825 266 876 336 ὅτι
900 269 1098 357 διαφέρουσι
1156 274 1161 282 ’

75 368 120 436 τὰ
144 367 411 457 ἀντιστρέφοντα
438 375 484 463 τῷ
514 374 551 438 ἓν
580 371 632 438 ἑνὶ
659 370 825 458 μάχεσθαι
859 373 968 461 ὥσπερ
1000 373 1038 441 τὸ
1068 373 1097 441 ε’

77 473 197 544 καὶτὸ
223 474 254 548 ς’
279 471 299 562 ἢ
323 479 368 567 τῶ
392 483 543 544 πλείοσιν
568 479 605 542 ἓν
632 474 676 556 ῶς
703 474 739 544 τὸ
771 477 848 545 νυνὶ
876 485 1097 565 προκείμενον

77 594 151 660 τοῖς
173 579 237 669 πρὸ
262 579 377 649 αὐτοῦ.
424 583 536 649 ἰστέον
561 583 610 666 δέ,
634 579 684 649 ὅτι
708 584 745 650 ἐν
768 584 876 674 τούτῳ
899 589 945 675 τῶ
969 584 1097 671 θεωρή-

79 688 312 776 ματιπρῶτον
326 686 487 774 ἐχρήσατο
503 685 521 755 ὁ
538 685 747 775 στοιχειωτὴς
760 692 806 779 τῷ
821 688 975 775 αίτήματι
989 689 1096 781 τούτῳ
1133 714 1151 760 5

75 796 140 882 τῷ·
164 791 225 861 ἐὰν
244 798 291 873 είς
310 792 374 861 δύο
398 790 534 872 εὐθείας
557 792 675 862 εὐθεῖα
698 797 905 880 ἐμπίπτουσα
927 796 985 875 τὰς
1004 795 1098 876 ἐντὸς

76 900 136 966 καὶ
160 899 213 966 ἐπὶ
236 925 276 966 τα
300 896 385 966 αὐτὰ
410 901 493 987 μέρη
522 905 646 984 γωνίας
674 899 737 968 ὃύο
767 898 885 987 ὀρθῶν
913 900 1098 982 ἐλάσσονας

78 1007 176 1092 ποιῇ,
204 1011 402 1092 συμπίπτειν
427 1004 563 1085 εὐθείας
591 1008 849 1091 ἐκβαλλομένας,
883 1004 937 1093 ἐφ’
963 1004 984 1074 ἀ
1013 1009 1096 1093 μέρη

75 1111 168 1180 εἰσὶν
191 1114 229 1178 αί
248 1115 318 1179 τῶν
339 1105 366 1196 B
385 1109 503 1198 ὀρθῶν
527 1112 715 1190 ἐλάσσονες.

150 1220 222 1285 108.
255 1214 300 1283 Ἡ
324 1221 371 1297 είς
397 1216 457 1296 τὰς
484 1217 718 1303 παραλλήλους
741 1218 875 1298 εὐθείας
899 1216 1017 1287 εὐθεῖα
1040 1221 1094 1305 ἐμ
1115 1242 1149 1289 10

74 1329 246 1391 πίπτουσα
270 1326 329 1402 τάς
357 1322 498 1404 ἐναλλὰξ
527 1331 601 1402 ίσας
627 1338 718 1391 ποιεῖ
747 1327 803 1392 καὶ
835 1323 898 1393 τίν
931 1324 1024 1404 ἐκτός
1055 1329 1095 1412 τῇ

77 1427 175 1508 ἐντὸς
196 1429 253 1496 καὶ
276 1427 478 1497 ἀπεναντίον
503 1438 580 1515 ίσην
608 1431 663 1496 καὶ
687 1430 744 1510 τάς
769 1434 862 1510 ἐντὸς
889 1432 945 1498 καὶ
974 1431 1025 1513 ἐπὶ
1053 1429 1093 1498 τὰ

76 1532 166 1603 αὐτὰ
189 1536 272 1624 μέρη
296 1534 359 1603 δύο
384 1534 505 1620 ὀρθαῖς
529 1543 611 1615 ίσας.
656 1541 756 1604 τούτο
779 1536 817 1604 τὸ
845 1536 1005 1622 θεῶρημα
1035 1535 1095 1620 ἀμ-

78 1641 236 1730 φοτέροις
262 1639 472 1726 ἀντιστρέφει
499 1654 570 1719 τοῖς
602 1643 856 1729 προειρημένοις
888 1640 1095 1725 θεωρήμασι·

75 1745 117 1815 τὸ
141 1745 205 1837 γὰρ
230 1749 267 1815 ἐν
291 1748 433 1837 ἑκατέρφ
458 1745 661 1832 ζητούμενον
684 1743 851 1813 ὑπόθεσιν
876 1759 1030 1830 ποιεῖται,
1054 1743 1095 1811 τά
1115 1770 1148 1818 15

78 1856 118 1921 ἐν
147 1854 287 1932 ἐκείνοις
316 1854 480 1938 δεδομένα
510 1851 683 1919 δεικνύναι
711 1860 915 1940 προτίθεται.
960 1851 1016 1918 καὶ
1044 1853 1097 1918 δεῖ

79 1963 272 2047 μεμνῆσθαι
300 1959 355 2025 καὶ
383 1962 443 2044 τῆς
470 1958 626 2043 τοιαύτης
657 1961 726 2026 τῶν
757 1956 990 2045 ἀντιστροφῶν
1023 1961 1095 2023 δια-

77 2070 196 2152 φορᾶς,
220 2065 272 2133 ὅτι
295 2067 363 2132 πῶν
386 2062 423 2131 τὸ
449 2061 675 2153 ἀντίστροφον
699 2060 719 2150 ἢ
745 2066 782 2130 ἓν
802 2064 853 2130 ἑνὶ
872 2060 1093 2150 ἀντιστρέφει,

10 2240 16 2251 ‚
79 2172 125 2249 ῶς
147 2174 192 2261 τῷ
216 2172 349 2260 πέμπτῳ
377 2168 415 2238 τὸ
440 2172 553 2255 ἕκτον,
581 2167 602 2255 ἢ
627 2175 778 2256 πλείοσιν
803 2171 856 2255 έν,
886 2166 929 2250 ῶς
952 2168 989 2236 τὸ
1015 2167 1093 2236 νυνί

80 2281 299 2361 προκείμενον
323 2289 393 2354 τοῖς
415 2274 480 2361 πρὸ
505 2271 618 2344 αὐτοῦ.
665 2279 701 2343 έν
735 2276 772 2344 δέ
799 2276 906 2366 τούτῳ
934 2280 978 2367 τῷ
1009 2285 1093 2342 θεω-
1112 2300 1148 2348 20

80 2379 201 2469 ρήματι
222 2384 356 2470 πρῶτον
380 2379 398 2448 ὁ
423 2381 633 2466 στοιχειωτὴς
657 2380 818 2470 ἐχρήσατο
842 2385 888 2473 τῶ
912 2383 979 2448 τῶν
1003 2384 1093 2465 αίτη-

80 2485 195 2572 μάτοιυ
213 2489 272 2576 τῶ·
297 2485 356 2554 ἐὰν
376 2490 423 2565 είς
443 2485 506 2558 δύο
526 2484 660 2565 εὐθείας
679 2485 796 2555 εὐθεῖα
812 2490 1018 2572 ἐμπίπτουσα
1036 2484 1093 2565 τάς

81 2589 174 2671 ἐντὸς
197 2592 253 2659 καὶ
277 2591 329 2658 ἐπὶ
352 2590 389 2658 τὰ
414 2590 497 2659 αὐτὰ
522 2592 604 2680 μέρη
628 2598 752 2678 γωνίας
776 2592 838 2660 δύο
863 2589 978 2678 ὀρθῶν
999 2592 1093 2658 ἐλάσ-

78 2717 186 2775 σονας
215 2702 312 2786 ποιῇ,
347 2705 545 2784 συμπίπτειν
584 2697 641 2777 τὰς
673 2698 808 2777 εὐθείας
840 2697 1092 2781 ἐκβαλλομένας,

80 2800 136 2888 ἐφ’
159 2798 180 2867 ἀ
203 2803 283 2890 μέρη
303 2804 388 2872 είσίν
408 2807 446 2870 αί
461 2807 529 2872 τῶν
549 2806 611 2871 δύο
632 2805 749 2889 ὀρθῶν
769 2801 957 2878 ἐλάσσονες·
982 2799 1091 2889 ῶσπερ
1112 2825 1147 2873 25

152 3002 210 3052 108.
230 2996 259 3052 Ρ

149 3170 264 3227 2τὸε’
284 3174 334 3227 καὶ
352 3169 401 3244 τό]
426 3190 495 3229 οοιι.
516 3191 549 3226 ex
567 3173 637 3226 τῶε
643 3169 720 3227 ’καί
738 3173 774 3244 τῷ
794 3189 830 3224 m.
850 3187 905 3225 rec.
925 3170 964 3238 V,
987 3161 1107 3223 τῶνε’

76 3243 129 3299 καλ
146 3249 251 3312 τῶνα.
316 3250 341 3297 3,
360 3245 468 3298 πλείοσι
486 3244 520 3312 V,
541 3260 608 3298 corr
629 3261 665 3299 m
685 3259 738 3298 rec.
805 3240 846 3332 ξν]
867 3259 921 3296 om.
941 3258 971 3309 q,
991 3256 1091 3295 ecorr.

76 3333 116 3369 m.
135 3331 190 3369 rec.
211 3316 244 3369 V
338 3319 380 3367 11.
399 3311 468 3385 τήν]
493 3314 575 3384 τῆΡ
668 3319 709 3368 18
720 3312 791 3439 mg
803 3309 895 3368 ἓνίΡ.
987 3317 1028 3367 19.
1049 3309 1091 3389 εν]

77 3379 199 3512 mel}
264 3390 307 3439 21
326 3385 378 3456 τῷ]
399 3400 449 3438 σοι.
469 3385 566 3457 τούτῳ.
632 3391 674 3439 22.
695 3381 758 3453 ἐάν]
778 3380 856 3440 ἐνΡ.
920 3389 965 3440 25.
985 3379 1096 3452 ῶσπερ]

76 3472 150 3509 ωστε

130 3552 172 3590 Eu
176 3553 274 3603 οίίᾱοι,
292 3554 340 3594 edd.
354 3553 496 3608 Heiberget
510 3558 603 3612 Menge.
626 3561 657 3604 V.
918 3552 962 3602 Ϋὶ*
