2362 3796
198 137 355 190 scHOLIA
372 139 412 190 IN
429 137 705 189 ELEMENTORUM
722 137 863 188 LIBRUM
875 136 952 189 XIII.
1013 132 1078 198 657

61 281 206 345 πλάσιον
225 280 260 346 ἐκ
278 287 340 346 τοῦ
353 276 488 365 πρώτον
506 277 563 344 καὶ
581 281 706 364 τρίτον,
726 274 926 357 ἑξαπλάσιον
942 272 997 342 διὰ
1016 280 1078 343 τοῦ

62 388 274 469 τριπλασίου·
299 386 431 451 ἐκείνου
448 379 513 468 γὰρ
538 380 717 449 διπλάσιον
741 380 940 466 ποιήσαντες
960 385 1079 468 ἔχομεν

64 490 274 569 ἑξαπλάσιον.
500 550 502 555 .

132 599 184 664 20.
226 593 318 664 Tb*
295 621 361 680 αρα
384 591 449 663 ὑπὸ
474 620 542 662 των
565 619 595 680 p
615 596 689 679 258,
704 590 787 723 ,6]“
768 619 849 660 οταν
872 592 936 722 μὰρ
960 591 1079 660 εὐθεῖα

60 699 168 789 ἄκρον
187 701 242 768 καὶ
262 702 365 787 μέσον
380 699 484 786 λόγον
498 703 622 788 τμηθῇ,
640 698 677 767 τὸ
696 696 762 768 ὑπὸ
780 709 849 815 τοῖν
867 698 982 787 ἄκρων
1000 707 1077 768 ἴσον
1114 721 1132 772 3

63 809 132 875 ἐστὶ
154 810 200 898 τῷ
224 806 289 874 ἀπὸ
313 817 373 894 τῆς
395 806 504 893 μέσης.

130 917 183 980 21.
205 911 332 998 ’Ἁνρον
350 911 413 1000 γὰρ
434 913 490 980 καὶ
509 913 612 998 μέσον
627 912 731 999 λόγον
745 917 928 999 τμηθείσης
941 939 998 999 της
1012 919 1078 980 ΑΒ

61 1017 145 1087 πατὰ
169 1016 207 1084 τὸ
231 1023 263 1085 Γ
282 1015 438 1106 ἁρμόττει
463 1015 513 1087 ἐπ’
535 1017 637 1104 αὐτῆς
660 1017 697 1086 τὸ
718 1018 759 1099 ιζ’
779 1018 940 1106 θεώρημα
963 1022 1025 1085 τοῦ
1045 1017 1077 1089 ς’

60 1129 198 1210 βιβλίον
225 1121 264 1190 τὸ
291 1124 402 1209 λέγον·
441 1122 500 1193 ἐὰν
528 1137 616 1213 τρεῖς
644 1121 775 1192 εὐθεῖαι
802 1121 973 1210 ἀνάλογον
1003 1117 1077 1208 οἶσι,

62 1229 99 1296 τὸ
118 1227 185 1297 ὑπὸ
203 1232 273 1297 τῶν
292 1227 405 1316 ἄκρων
424 1232 662 1318 περιεχόμενον
681 1228 896 1319 ὀρθογώνιον
915 1238 991 1299 ἴσον
1008 1229 1077 1298 ἐστὶ
1097 1254 1132 1304 10

61 1339 109 1424 τῷ
133 1333 199 1404 ἀπὸ
223 1339 283 1421 τῆς
304 1338 405 1423 μέσης
427 1336 634 1428 τετραγώνῳ.

129 1445 183 1509 22.
220 1443 288 1510 Καὶ
312 1444 382 1510 ἐπεὶ
406 1451 482 1511 ἴσον
508 1445 580 1511 ἐστί
604 1469 636 1530 p.
659 1447 738 1530 258,
761 1447 795 1526 9]
825 1441 1078 1530 παραπλήρωμα

60 1545 138 1632 γάρ·
163 1547 280 1616 διὰτὸ
305 1548 363 1635 py'
386 1552 448 1615 τοῦ
472 1547 514 1615 α’.

430 1744 485 1807 Ad
509 1766 613 1828 prop.
636 1744 708 1831 W)

131 1865 184 1929 23.
217 1861 296 1930 Ἐάν
315 1890 345 1950 p.
360 1868 435 1952 258,
450 1868 506 1948 25]
532 1862 592 1932 ἐὰν
610 1863 728 1931 εὐθεῖα
746 1863 880 1951 γραμμὴ
895 1864 1000 1954 ἄκρον
1019 1866 1075 1933 καὶ
1096 1888 1130 1938 15

61 1970 166 2054 μέσον
190 1967 294 2055 λόγον
321 1975 448 2059 τμηθῇ,
483 1975 575 2039 ἔσται
607 1968 652 2049 ὥς
680 1968 933 2058 συναμφότερος
964 1970 985 2058 ἡ
1014 1970 1075 2057 ὅλη

61 2077 117 2143 καὶ
135 2074 172 2143 τὸ
193 2081 305 2162 μεῖζον
323 2080 435 2163 τμῆμα
453 2075 538 2164 πρὸς
555 2075 617 2162 τὴν
637 2073 732 2162 ὅλην,
759 2074 864 2156 οὕτως
879 2075 900 2162 η
916 2075 976 2162 ὅλη
990 2103 1077 2164 προς

61 2179 98 2247 τὸ
124 2188 235 2266 μεῖζον
258 2186 377 2269 τμῆμα.

130 2290 181 2352 24.
216 2285 313 2355 Ἀλλὰ
336 2293 381 2379 τῷ
406 2289 466 2374 μὲν
486 2295 550 2355 ΓΕ
570 2315 601 2375 p.
621 2293 695 2376 260,
718 2294 771 2374 14]
795 2299 864 2359 τῶν
887 2289 951 2377 γὰρ
970 2315 1076 2375 παρα-

59 2393 292 2478 πληρωμάτων
312 2403 395 2462 ἴσων
416 2392 526 2462 ὄντων
543 2395 599 2461 καὶ
613 2399 731 2462 κοινοῦ
751 2398 995 2482 προστεθέντος
1012 2401 1075 2466 τοῦ
1093 2420 1130 2468 20

62 2503 127 2562 ΖΕ
147 2496 184 2566 τὸ
209 2506 273 2566 ΓΕ
293 2504 338 2591 τῷ
363 2507 428 2567 ΘΕ
450 2507 525 2567 ἴσον
549 2502 627 2568 ἐστι’.

136 2692 218 2780 1,)Ιο
232 2711 288 2762 mg.
304 2694 340 2746 ad
358 2710 437 2780 prop.
453 2693 492 2746 VI
503 2693 616 2776 leg1ur
629 2693 681 2748 V²
704 2690 847 2777 περιττόν
866 2715 918 2763 χρη
933 2715 987 2763 γαρ
1002 2693 1073 2764 μετὰ

61 2781 112 2822 τας
127 2761 278 2850 οννθὲηεις
291 2765 340 2817 καὶ
354 2759 405 2824 τὰς
414 2758 570 2852 ,ἀναλύσεις
583 2766 681 2837 λαβεῖν
695 2784 791 2849 τηντος
815 2766 845 2819 in
859 2783 915 2851 mg.
930 2768 1073 2834 opposito·

61 2832 146 2886 τοῦτο
165 2853 236 2917 αητο
228 2829 360 2922 ’“,ἒστι
332 2854 364 2888 το
383 2832 511 2903 πέμπτον
530 2835 563 2902 τῇ
584 2836 671 2900 δείξει
689 2831 763 2906 μόνη
782 2833 813 2889 τὸ
833 2833 972 2904 διαφορον
993 2834 1073 2905 ἔχον·

60 2900 152 2964 αλλως
170 2901 201 2957 τὸ
222 2902 414 2990 τέμπτονλῃ),
433 2904 635 2975 sequiturapp.
650 2924 690 2960 nr.
707 2912 722 2960 1
742 2925 769 2974 p.
784 2904 891 2961 362Vb
909 2909 947 2975 (p.
962 2912 1024 2974 362,
1040 2913 1073 2962 11

61 2970 113 3044 ὡς]
135 2990 204 3029 corr.
221 2971 301 3043 οτὼ,
319 2981 352 3029 21
373 2976 467 3047 ΒΑΓ]
484 2991 634 3044 suprascr
649 2982 679 3044 A,
697 2995 724 3047 p.
741 2982 802 3047 364,
822 2983 856 3031 10
874 2977 971 3048 ΒΑΓ]
989 2995 1074 3048 supra

60 3061 113 3097 scr.
133 3051 170 3110 A,
201 3050 232 3098 11
258 3048 359 3101 ταί-
380 3053 412 3100 12
436 3047 504 3117 ΑΓ]
529 3062 597 3113 οντα,
628 3053 660 3101 12
684 3049 784 3116 λ’ση-
804 3053 838 3101 14
856 3048 921 3118 ΑΔ]
943 3048 1010 3117 del„
1041 3055 1074 3104 13

60 3086 305 3187 7111121411014)

134 3299 175 3346 20.
196 3295 250 3348 Β5.
324 3300 367 3348 21.
386 3294 434 3348 Ψ.
507 3301 549 3348 22.
569 3295 599 3348 B.
673 3300 716 3350 23.
734 3295 775 3349 b³.
849 3296 891 3349 24.
911 3296 958 3350 Ψ.

133 3478 157 3526 5.
175 3467 246 3542 ὑπό]
267 3465 324 3525 ἇπό
344 3470 375 3525 Β.
448 3478 472 3526 6.
492 3472 544 3545 τῷ]
562 3469 594 3528 τό
613 3473 642 3527 b.

108 3569 261 3623 Euander,
275 3570 325 3611 edd.
340 3572 447 3624 Heiborg
460 3576 484 3614 et
498 3574 594 3626 Menge.
611 3576 645 3617 V.
757 3633 760 3641 ,
911 3562 952 3607 ⁵²⁴2
