2362 3796
206 171 362 225 SCHOLIA
380 171 420 221 IN
438 169 711 222 ELEMENTORUM
728 170 868 221 LIBRUM
881 169 955 224 VIII.
1020 166 1085 232 393

71 312 280 380 πιπτέτωσαν
302 312 386 379 κατὰ
407 309 445 378 τὸ
471 308 608 396 συνεχὲς
629 305 799 394 ἀνάλογον
822 306 840 376 ὁ
868 300 909 396 ιβ’
925 310 981 377 καὶ
1004 308 1086 398 δῶ.

73 420 228 485 τοσοῦτοι
250 418 306 485 καὶ
329 413 450 505 μεταξὺ
472 419 530 503 τής
552 413 702 501 μονάδος
723 414 780 482 καὶ
802 418 864 484 τοῦ
887 407 1028 497 ιἰξκατά
1047 415 1085 484 τδ

72 523 208 612 συνεχὲς
221 520 391 609 ἀνάλογον
406 525 637 610 ἐμπεσοῦνται,
653 520 715 589 δύο
731 520 900 607 δηλονότι.
927 519 1086 602 ὡσαύτως

72 631 129 698 καὶ
152 631 273 717 μεταξυ
295 633 354 718 τής
377 629 526 717 μονάδος
548 629 605 696 καὶ
624 631 685 695 τοῦ
702 640 725 714 ή
740 622 773 714 Β.
799 631 868 722 ἱκαί
881 631 946 696 εἰσι
964 630 1085 715 μεταξυ

71 741 131 824 τής
153 735 302 824 μονάδος
324 737 381 804 καὶ
402 739 464 804 τοῦ
487 723 525 818 αξ
547 732 565 804 ὁ
589 740 610 821 ν
632 736 688 802 καὶ
712 732 730 803 δ
754 727 796 820 θ,
824 735 945 821 μεταξυ
969 733 1007 802 δὲ
1029 738 1086 820 τής
1122 761 1138 811 6

73 843 223 931 μονάδος
245 844 300 910 καὶ
322 845 384 911 τοῦ
404 848 427 929 ἦ
450 839 467 910 δ
491 829 517 927 δ
537 841 593 909 καὶ
616 838 634 909 ὁ
660 830 688 912 δ.

141 951 195 1016 20.
243 947 443 1035 Τριγωνιιιοὶ
480 945 640 1035 ἀριθμοί,
682 947 738 1013 καὶ
775 943 868 1033 οἶμαι
904 949 937 1028 ἐξ
975 943 1087 1015 αὐτῶν

75 1051 263 1143 εὑρίσκεται
286 1051 306 1140 ή
332 1052 494 1133 σύνθεσις
519 1057 589 1121 των
613 1051 724 1138 λόγων
753 1054 788 1120 ἐτι
815 1057 876 1120 τοῦ
899 1053 1003 1138 λόγου
1026 1055 1087 1120 τοῦ

74 1159 172 1240 ὄντος
186 1162 308 1246 μεταξὺ
322 1170 391 1228 τῶν
406 1159 468 1228 δύο
484 1159 567 1246 πρὸς
580 1156 746 1245 ἀλλήλους
761 1160 935 1229 δοθέντων
945 1158 1087 1246 πρώτων

73 1264 232 1353 ἀριθμῶν
259 1267 315 1334 καὶ
338 1269 400 1333 τοῦ
423 1264 545 1352 μεταξὺ
572 1269 633 1332 τοῦ
656 1264 832 1345 ἐλάττονος
854 1270 922 1334 τῶν
945 1262 1087 1353 πρώτων
1107 1289 1141 1339 10

73 1372 156 1460 πρὸς
173 1372 344 1459 ἀλλήλους
367 1372 542 1440 δοθέντων
564 1370 621 1438 καὶ
639 1374 697 1457 τής
714 1371 876 1457 μονάδος·
903 1369 1088 1459 εὑρίσκεται

75 1477 96 1566 ή
121 1477 282 1558 σύνθεσις
304 1480 373 1546 τάν
396 1475 508 1563 λόγων
530 1475 661 1544 τούτων
685 1477 722 1544 ἐν
744 1481 791 1568 τῷ
815 1475 936 1564 μεταξὺ
953 1481 1013 1564 τής
1031 1504 1088 1564 μο·

75 1583 181 1663 νάδος
207 1583 263 1650 καὶ
290 1585 351 1650 τοῦ
375 1586 535 1668 μεγίστου
556 1585 625 1650 τῶν
648 1582 790 1668 πρώτων
819 1581 901 1671 πρὸς
923 1579 1089 1670 ἀλλήλους

76 1690 258 1758 δοθέντων.

463 1779 520 1843 Ad
542 1801 648 1863 prop.
671 1777 710 1845 X.
1108 1818 1143 1869 15

143 1905 196 1970 21.
236 1903 343 1967 Τοῦτο
366 1896 593 1986 ἀυτίστοοφόν
617 1902 753 1993 ἐστιτῷ
778 1899 842 1988 πρὸ
867 1898 980 1968 αὐτοῦ.

143 2011 195 2075 22.
229 2003 308 2074 Ἐὰν
338 2002 428 2091 ὅσοι,
461 2012 582 2093 φησίν,
614 2003 755 2094 ἀριθμοὶ
787 2006 908 2093 μεταξὺ
942 2004 1090 2092 μονάδος

75 2115 215 2184 καὶτοῦ
239 2120 271 2179 Α
299 2109 449 2200 ἀριθμοῦ
476 2114 675 2198 ἐμπίπτουσι,
702 2115 858 2182 τοσοῦτοι
884 2112 941 2180 καὶ
968 2111 1090 2198 μεταξὺ

76 2231 138 2290 τοῦ
161 2227 190 2287 Β
213 2218 269 2285 καὶ
292 2217 394 2284 πάλιν
418 2214 521 2304 αάτής
542 2221 602 2304 τής
624 2218 773 2304 μονάδος
796 2220 995 2305 ἐμπίπτωσι,
1017 2236 1090 2286 τοσ·

77 2329 186 2410 οὗτοι,
220 2328 324 2410 φησίν
331 2375 342 2410 ,
373 2325 457 2391 κατά
490 2321 527 2391 τὸ
560 2324 696 2413 συνεχὲς
728 2325 801 2410 ἕξής
832 2321 1002 2410 ἀνάλογον
1033 2326 1088 2393 καὶ
1107 2351 1144 2400 20

80 2431 202 2518 μεταξὺ
222 2434 283 2498 τοῦ
306 2437 338 2497 Α
360 2429 417 2496 καὶ
435 2436 464 2496 Β
488 2430 718 2516 ἐμπεσοῦνται.
754 2435 838 2497 ἔστω
857 2427 875 2497 δ
895 2440 928 2497 Α
946 2429 1092 2518 ἀριθμὸς

78 2536 237 2621 μονάδων
259 2524 298 2618 u}
323 2535 380 2603 καὶ
407 2538 514 2623 μονὰς
541 2532 562 2621 ή
585 2541 628 2621 Γ,
660 2537 717 2603 καὶ
744 2533 866 2624 μεταξὺ
892 2538 950 2621 τής
972 2540 1005 2603 Γ
1032 2563 1089 2623 μο-

79 2642 182 2721 νάδος
199 2642 255 2709 καὶ
272 2645 334 2709 τοῦ
352 2651 385 2710 Α
404 2639 554 2727 ἀριθμοῦ
574 2647 722 2710 ἔστωσαν
742 2639 797 2728 δή)
814 2641 870 2711 καὶ
889 2629 957 2710 δθ.
988 2641 1091 2710 πάλιν

79 2752 162 2815 ἔστω
191 2753 261 2814 οΒ
288 2743 434 2834 ἀριθμὸς
460 2745 663 2834 μονάδωνή
691 2747 748 2815 καὶ
774 2745 795 2834 ή
826 2752 858 2814 Γ
884 2745 1003 2834 μονάς,
1035 2748 1092 2815 καὶ

81 2856 231 2920 ἔστωσαν
254 2851 375 2939 μεταξὺ
398 2857 456 2940 τής
479 2851 628 2939 μονάδος
649 2853 705 2921 καὶ
727 2857 789 2921 τοῦ
810 2865 833 2939 ἦ
857 2851 874 2921 δ
894 2841 922 2940 ’ᾗ
942 2853 998 2920 καὶ
1022 2850 1040 2920 δ
1060 2841 1090 2920 δ.
1110 2879 1147 2930 26

146 2961 199 3025 23.
227 2954 272 3025 ‘H
288 2958 325 3026 δὲ
343 2955 519 3047 ἀφαίρεσις
536 2969 604 3027 τῶν
619 2958 730 3045 λόγων
745 2962 781 3028 ἐκ
794 2962 855 3027 τοῦ
870 2959 904 3028 ι’.
933 2957 1092 3045 λαβόντες

79 3063 141 3131 τὸν
164 3063 285 3150 μεταξὺ
309 3063 412 3151 λόγον
434 3068 492 3152 τής
514 3090 549 3132 τε
572 3065 720 3152 μονάδος
744 3065 801 3133 καὶ
828 3069 888 3133 τοῦ
912 3065 1093 3146 ἐλάσσονος

79 3200 294 3212 -ι-υ--ι

152 3264 195 3314 20.
214 3259 286 3327 V⁸q.
361 3258 493 3326 21.V⁸q.
567 3265 610 3314 22.
629 3259 701 3329 V⁸q.
774 3266 817 3315 23.
830 3259 879 3315 V⁵.

154 3443 178 3492 7.
199 3433 242 3506 ἐξ]
261 3434 310 3490 ταλ
330 3433 360 3502 ἕξ
378 3435 413 3491 V.
486 3441 528 3492 23.
553 3431 694 3509 ἀριθμοῦ]
714 3451 804 3518 comp.
823 3454 853 3506 q„
869 3453 928 3491 om„
942 3437 982 3489 V·
1016 3501 1023 3511 ι
1045 3444 1106 3510 jn.

81 3504 142 3575 τόν,
161 3507 211 3576 τῆς
226 3507 255 3560 et
268 3506 326 3575 τοῦ,
345 3525 373 3577 p.
386 3512 474 3579 394‚2
494 3504 616 3582 voIvovI
636 3506 823 3581 οοῐοοοοδιω
832 3499 1131 3571 Qmffi„
