2362 3796
68 126 133 191 344
211 127 367 180 SGHOLIA
384 129 422 180 m
441 127 716 181 ELEMENTORUM
733 128 873 180 LIBRUM
885 128 931 179 VI.

67 264 148 335 καθ’
170 264 325 355 ἡμιόλιον
348 266 463 354 λόγον,
487 265 507 356 ἡ
532 268 570 337 δὲ
589 275 653 336 AB
675 268 732 336 καὶ
753 265 775 354 ἡ
798 275 870 336 ΔΕ
891 271 978 336 είσιν
1004 265 1090 356 ὁμό·

66 380 171 459 λογοι.
207 371 368 453 ὡσαύτως
388 374 427 441 δὲ
449 371 609 460 ὁμόλογοι
631 374 687 441 καὶ
710 372 732 461 ἥ
754 400 789 442 τε
807 379 874 442 ΒΓ
891 374 948 442 καὶ
970 373 1088 464 ἡΕΖ,

66 479 122 546 καὶ
146 485 260 568 ἔχουσι
281 481 339 548 καὶ
362 472 461 550 αὗται
478 480 564 572 πρὸς
580 478 726 567 ἀλλήλας
744 485 944 549 διπλασίονα
961 480 1089 567 λόγον·

66 584 106 652 τὰ
135 587 199 672 γὰρ
223 577 349 672 ιᾙτών
372 592 392 658 ξ
415 586 584 673 διπλάσια,
607 585 721 655 καὶτὰ
741 599 763 674 ἦ
785 590 853 655 τών
873 579 894 655 ὃ
913 586 1087 657 διπλάσιοι.

31 715 47 763 5
67 692 155 780 λέγει
178 684 258 777 οὖν,
282 693 335 761 ὅτι
357 692 448 762 ἐστὶν
471 692 511 762 τὰ
536 691 635 780 ὅμοια
656 699 804 780 τρίγωνα
827 695 864 762 ἐν
887 697 1088 762 διπλασίονι

66 797 155 890 λόγῳ
178 804 247 867 τών
271 798 447 886 ὁμολόγων
470 803 639 886 πλευρῶν·
676 792 786 885 ἤγουν
808 803 839 868 εἰ
861 802 898 867 αί
919 797 1087 887 ὁμόλογοι

66 903 246 993 πλευραὶ
229 905 438 994 νπαρχονσιν
460 909 498 975 ἐν
522 904 714 975 ἃιπλασιονι
736 905 843 998 λόγῳ,
869 904 909 974 τὰ
933 912 1087 997 τρίγωνα

66 1008 310 1098 εὑρεθήσονται
333 1014 369 1079 ἐν
392 1017 594 1099 τετραπλασί
592 1015 722 1097 ουι,εί
707 1011 782 1080 ὲ
744 1013 927 1080 ἐκεῖναι
950 1012 988 1080 ἐν
1012 1038 1086 1098 τρι-

65 1122 232 1203 πλασίονι,
255 1121 360 1186 ταῦτα
383 1120 420 1186 ἐν
444 1118 604 1199 ἑξαπλασί
602 1145 657 1186 ονι
679 1119 735 1185 καὶ
757 1118 901 1203 καθεξῆς
923 1116 1060 1204 ὁμοίως.

14 1327 47 1376 10
439 1314 495 1380 Ad
517 1336 622 1400 prop.
644 1314 714 1380 XX.

132 1436 184 1502 33.
223 1429 447 1522 Ἀντιστρίφει
479 1434 545 1522 γὰρ
578 1432 597 1504 ὁ
630 1432 721 1525 ὅρος·
763 1434 825 1504 ὅσα
857 1433 1087 1524 εὐθύγραμμα

65 1539 215 1626 σχήματα
250 1538 309 1620 τάς
348 1565 384 1609 τε
419 1547 544 1628 γωνίας
586 1551 660 1621 ίσας
691 1547 757 1629 ἔχει
788 1541 871 1609 κατὰ
907 1546 989 1628 μίαν
1025 1543 1086 1610 καὶ

64 1645 122 1727 τὰς
149 1648 225 1735 περὶ
252 1645 310 1728 τὰς
338 1654 412 1729 ίσας
438 1652 563 1734 γωνίας
589 1650 733 1735 πλευρὰς
760 1645 948 1734 ἀνάλογον,
980 1645 1085 1734 ὅμοια

64 1755 207 1841 λέγεται,
243 1754 300 1822 καὶ
332 1755 396 1824 ὅσα
429 1753 527 1843 ὅμοια
560 1752 710 1843 σχήματά
739 1756 824 1841 ἐστι,
859 1752 919 1834 τώς
952 1778 987 1821 τε
1019 1779 1086 1840 γω·

13 1874 45 1924 15
65 1864 139 1940 νίας
162 1867 236 1940 ίσας
259 1865 325 1949 ἔχει
351 1863 407 1930 καὶ
430 1862 488 1943 τὰς
510 1864 587 1949 περὶ
609 1860 669 1942 τὰς
692 1869 766 1942 ἴσας
788 1865 912 1947 γωνίας
934 1858 1086 1948 πλευρὰς
1157 1908 1165 1925 .

64 1961 244 2053 οἶνοίλογρν.

131 2076 182 2139 34.
217 2070 305 2141 Ἐπεὶ
329 2073 394 2161 γὰρ
418 2072 475 2142 διὰ
497 2073 560 2159 τὴν
586 2073 766 2161 ὁμοιότητα
784 2076 853 2142 τών
871 2071 1085 2158 πολυγώνων

63 2282 203 2369 πλευραὶ
231 2280 417 2370 ἀνάλογον,
447 2282 546 2371 ὅμοια
578 2284 726 2374 τρίγωυώ
750 2289 814 2353 είσι
842 2284 880 2353 τὸ
905 2289 1002 2351 ΒΓΔ
1025 2283 1084 2351 καὶ

11 2404 45 2454 20
64 2386 101 2456 τὸ
116 2392 230 2454 ΗΘΚ.
262 2385 346 2456 ἄλλα
367 2388 409 2476 δὴ
427 2391 483 2457 καὶ
501 2389 539 2458 τὸ
557 2393 655 2468 BF&
673 2391 785 2459 καὶτὸ
805 2389 941 2478 ΗΘΟῙ)
966 2388 1082 2475 ὅμοια·

64 2493 226 2579 ἰσογώνια
249 2494 324 2583 γάρ,
347 2500 416 2564 τών
439 2495 476 2564 δὲ
500 2500 689 2582 ίσογανίων
711 2496 887 2585 τριγώνων
906 2494 1082 2580 ἀνάλογον

64 2601 101 2666 αί
122 2607 277 2688 πλευραίῑ
307 2599 390 2671 ὥστε
415 2600 471 2670 διὰ
493 2601 556 2690 τὴν
579 2602 808 2693 ἀντιστροφὴν
830 2606 891 2671 τοῦ
916 2599 1000 2689 ὅρου
1022 2601 1082 2668 καὶ

64 2705 172 2791 ὅμοια.
209 2708 371 2793 ίσογώνια
390 2707 428 2776 δὲ
447 2707 565 2790 οὕτως·
589 2709 610 2797 ἡ
628 2709 713 2799 πρὸς
735 2713 780 2801 τῷ
800 2716 829 2776 Β
854 2716 909 2793 ἴση
933 2708 972 2794 τῇ
995 2703 1082 2794 πρὸς

63 2815 107 2905 τῷ
126 2820 162 2880 Η
179 2813 235 2880 καὶ
254 2810 274 2899 ἡ
294 2812 378 2902 πρὸς
395 2819 441 2905 τῷ
461 2822 493 2884 Γ
512 2824 567 2903 ίση
586 2827 625 2904 τῇ
644 2814 727 2903 πρὸς
745 2819 790 2907 τῷ
809 2822 851 2882 Θ·
874 2815 1079 2901 προεὸείχθη

11 2939 43 2988 25
62 2915 127 3004 γὰρ
160 2915 197 2985 τὸ
225 2923 326 2985 ΕΒΓ
353 2925 519 3005 τρίγωνον
552 2917 670 3005 ὅμοιον
702 2923 748 2986 τώ
776 2924 889 2985 ΛΗΘ
939 2918 1024 2985 ώστε
1058 2914 1080 3004 ἡ

136 3077 162 3146 1)
181 3077 208 3135 Ξ
225 3077 254 3130 et
269 3079 294 3131 Ο
313 3080 418 3147 puncta
436 3095 470 3133 ea
489 3077 589 3146 sunt(
580 3096 609 3131 1n
628 3077 728 3146 quibus
745 3081 806 3147 ΒΔ,
822 3080 875 3131 ΓΕ
894 3078 923 3131 ελ
938 3079 1006 3144 ΗΚ,
1023 3077 1080 3131 ΘΛ

63 3145 137 3201 inter
155 3162 185 3201 εε
205 3149 309 3202 secant.

63 3257 277 3266 ——.—-—

134 3313 176 3364 33.
195 3305 236 3360 V
251 3305 312 3376 (ε’).
385 3312 427 3362 ει.
448 3306 493 3360 ν’.

61 3412 274 3425 —————---—-

132 3470 174 3521 13.
194 3458 293 3538 ὅμοια]
313 3455 332 3536 ἧ
351 3460 436 3537 ὅμοια
459 3463 489 3519 V.
