2362 3796
121 128 186 191 140
272 128 428 180 SOHOLIA
445 129 484 187 IN
502 127 777 179 ELEMENTORUM
794 126 968 179 LIBRUMI.

121 266 171 336 ἐπ’
197 268 301 353 αὐτῆς
329 277 498 336 σταθεῖσα.
550 271 722 335 δείκνυσιν
751 256 815 336 οὐν
842 275 943 334 τοῦτο
970 264 1133 352 καθόλου,

121 371 172 441 ότι
200 378 288 442 πᾶσα
317 373 435 443 εὐθεῖα
463 373 513 442 ἐπ’
543 371 678 454 εὐθείας
711 381 873 442 σταθεῖσα
901 372 958 440 καί
990 377 1134 443 ποιοῦσα

121 484 256 566 γωνίας,
277 479 336 549 ἐὰν
350 479 589 570 ἀπαρέγκλιιος
603 477 740 567 αὐτῆςὴ
756 478 870 559 στάσις
883 471 905 568 ᾖ
918 479 976 547 καὶ
991 477 1135 567 ἀρρεπὴς

122 583 176 673 ἐφ’
194 586 339 675 ἑκάτερα,
359 587 422 656 δόο
442 587 551 676 ὀρθὰς
568 600 665 673 ποιεῖ,
684 592 715 655 εί
733 586 770 655 δέ
787 590 827 675 τῇ
847 585 909 674 μὲν
924 588 1135 672 ἐπικλίνοιιο,

86 697 160 781 ετῇ
185 693 222 761 δέ
244 696 347 762 πλέον
370 691 552 780 ἀφεστήκοι
574 696 633 780 τῆς
654 690 875 781 ὑποκειμένης
896 690 1052 779 εὐθείας,
1077 695 1135 761 δύο

122 796 242 886 ὀρθαῖς
266 811 348 881 ίσας.
391 798 473 869 ὅσον
495 797 560 888 γάρ
584 797 724 887 ἀφαιρεῖ
743 803 802 886 τῆς
824 809 901 887 μιᾶς
925 796 1034 887 ὀρθῆς
1055 797 1136 867 κατὰ

120 905 183 992 τὴν
207 908 259 975 ἐπὶ
281 908 410 991 θάτερα
428 912 550 993 κλίσιν,
572 911 737 975 τοσοῦτον
756 911 959 995 προστίθησι
977 909 1019 994 τῇ
1037 909 1136 994 λοιπῇ

121 1009 203 1079 κατά
226 1010 287 1098 τὴν
310 1011 504 1084 ἀπόστασιν.

190 1115 251 1185 οὐκ
275 1115 344 1186 είπε
368 1117 405 1185 δέ
428 1115 542 1197 ἀπλῶς
561 1117 623 1185 δύο
648 1115 756 1205 ὀρθάς
778 1131 869 1186 ποιεῖ
890 1112 910 1204 ἢ
934 1116 997 1185 δύο
1017 1119 1137 1204 ὀρθαῖς

71 1250 104 1299 10
124 1231 209 1307 ίσας,
233 1221 304 1289 ἀλλ’
323 1223 390 1290 ἐὰν
408 1230 532 1309 γωνίας
550 1227 643 1312 ποιῇ·
671 1221 771 1310 ἡγὰρ
787 1220 837 1292 ἐπ’
855 1221 958 1309 ἀκρας
976 1233 1134 1292 σταθεῖσα

122 1337 182 1412 τῆς
204 1325 339 1407 εὐθείας
361 1334 442 1415 μίαν
464 1344 555 1396 ποιεῖ
574 1335 714 1416 γωνίαν,
737 1329 793 1398 καί
816 1328 989 1398 ἀδύνατον
1010 1327 1131 1414 ταύτην

124 1431 187 1500 δύο
213 1431 332 1520 ὀρθαῖς
355 1443 433 1521 ίσην
457 1433 556 1503 εἶναι*
580 1440 670 1504 πᾶσα
688 1435 752 1524 γάρ
771 1434 1015 1523 εὐθύγραμμος
1031 1440 1135 1522 γωνία

125 1538 187 1608 δύο
207 1537 323 1627 ὀρθάν
343 1540 494 1610 ἐλάσσων
513 1543 593 1626 έστί,
612 1543 723 1628 ὥσπερ
737 1547 827 1609 πάσα
841 1540 959 1626 στερεά
971 1538 1137 1625 τεττάρων

124 1647 214 1715 ἐστὶν
225 1646 385 1716 ἐλάσσων.
405 1647 464 1716 ἐάν
477 1647 540 1734 τὴν
555 1647 770 1735 ἀμβλντάιην
784 1647 848 1736 γὰρ
864 1651 1036 1716 δοκοῦσαν
1051 1645 1138 1715 εἶναι

73 1779 105 1829 15
126 1753 241 1842 λάβης,
265 1752 419 1842 αὐξήσεις
441 1756 497 1822 καὶ
520 1755 645 1841 ταύτην
669 1752 714 1835 ὡς
737 1754 830 1824 οόπω
853 1752 892 1822 τὸ
915 1755 1039 1841 μέτρον
1061 1752 1139 1821 ἀπο

125 1865 298 1946 λαβοῦσαν
311 1866 380 1930 τόν
395 1864 457 1930 δύο
478 1860 603 1948 ὀρθῶν.
636 1865 690 1928 δεῖ
700 1866 818 1930 τοίνυν
838 1859 944 1940 οὕτως
958 1859 1139 1947 ἐφεστάναι

124 1964 185 2050 τὴν
209 1965 359 2053 εὐθεῖαν,
384 1967 467 2037 ὥστε
490 1974 614 2054 γωνίας
637 1981 755 2036 ποιεῖν.

193 2077 315 2159 ίστέον,
340 2074 390 2142 ότι
415 2075 550 2162 έκατέρα
573 2077 596 2162 ἥ
618 2101 652 2143 τε
676 2071 815 2161 ἀμβλεῖα
837 2074 894 2141 καὶ
917 2071 937 2159 ἡ
957 2069 1049 2155 ὀξεῖα
1069 2076 1140 2163 ίδίη

125 2178 180 2244 καί
204 2180 304 2264 χωρὶς
326 2179 526 2266 ἀφίστανται
544 2185 603 2266 τῆς
620 2179 703 2267 πρὸς
720 2179 783 2266 τὴν
803 2178 912 2267 ὀρθὴν
933 2176 1139 2267 ὁμοιότητος,

73 2309 107 2358 20
127 2280 311 2369 ἀμφότεραι
326 2285 363 2352 δέ
381 2283 463 2353 κατὰ
483 2291 563 2372 μίαν
583 2289 705 2354 ἕνωσιν
723 2286 898 2373 γινόμεναι
913 2284 1139 2371 ἐπανάγονται

126 2388 211 2477 πρὸς
230 2393 288 2459 τόν
308 2392 392 2476 ὅρον
410 2391 471 2460 τὸν
490 2395 625 2478 ἐκείνης.
658 2390 771 2479 ἐπειδὴ
792 2392 829 2460 δὲ
847 2390 929 2480 πρὸς
951 2390 1014 2478 τὴν
1038 2389 1140 2460 διπλό-

126 2521 208 2581 τητα
235 2500 293 2583 τῆς
320 2495 428 2584 ὀρθῆς
460 2495 688 2567 ἀδυνατοῦσιν
723 2501 933 2583 ἐξισοῦσθαι,
966 2500 1140 2565 διπλασια-

128 2603 265 2688 ζομένης
287 2599 389 2690 αὐτῆς
410 2607 474 2691 τὴν
498 2604 633 2690 ἰσότητα
656 2606 818 2692 δέχονται.
855 2606 948 2691 φέρει
968 2602 1007 2671 δὲ
1024 2601 1140 2671 είκόνα

127 2715 343 2796 προθεωρίαν
356 2709 393 2778 τὸ
409 2710 570 2799 θεώρημα
585 2715 683 2778 τοῦτο
697 2714 766 2779 των
780 2712 1008 2796 πρωτουργόν
1022 2714 1140 2777 αίτίωυ

74 2838 108 2888 25
126 2813 205 2883 καθ’
232 2817 291 2883 ἕνα
324 2814 406 2904 όρον
439 2817 590 2886 ἑστώτων
623 2816 675 2884 ἀεὶ
706 2816 761 2882 καὶ
791 2813 948 2895 ὡσαύτως
975 2815 1052 2902 περὶ
1079 2813 1140 2902 τὴν

128 2920 282 3009 ἀπειρίαν
305 2927 364 3016 τῆς
386 2926 546 3009 γενέσεως
567 2923 622 2989 καί
647 2921 806 3008 προόδου.

195 3032 246 3097 58.
295 3031 405 3097 Πάλιν
439 3030 491 3097 ἐπὶ
523 3028 563 3096 τά
595 3029 798 3115 θεωρήματα
830 3027 948 3114 μετέβη
981 3027 1143 3114 ἑπόμενος

128 3147 197 3212 τοῖς
225 3137 280 3201 διά
314 3139 382 3203 τῶν
415 3133 660 3222 προβλημάτων
694 3135 928 3220 δεδειγμένοις.
978 3133 1048 3200 ἐπεὶ
1076 3133 1141 3222 γὰρ

127 3246 340 3327 Ἶέῖιῖ-

168 3469 182 3523 ί
202 3404 243 3453 17.
263 3394 346 3470 όοτε]
366 3400 419 3467 Ρη,
440 3397 477 3461 ὡς
497 3395 553 3453 ἐστι
575 3399 686 3468 (comp.)
704 3399 753 3454 Vf.
827 3404 869 3453 26.
889 3396 1028 3467 γενέσεως
1046 3393 1143 3454 αὐτόν

129 3487 166 3523 κα
195 3486 222 3538 q.
