2332 3818
468 119 679 172 PRAEFATIO.
1029 113 1082 169 XV

113 289 136 348 μ
162 300 199 311 -
225 262 349 328 scholia
372 263 492 328 codicis
515 261 633 327 Ueneti
657 261 704 327 St.
727 260 828 326 Marci
851 262 916 326 302
940 260 1079 326 chartae.

180 390 262 433 saec.
286 365 346 432 XV
370 368 576 450 paucissima.

113 499 133 540 ν
160 512 197 522 -
224 474 349 539 scholia
372 473 492 539 codicis
515 472 633 538 Ueneti
658 472 704 538 St.
728 473 829 538 Marci
853 474 916 538 317
942 473 1081 538 chartac.

181 603 263 645 saec.
290 578 353 644 XV
379 581 584 663 paucissima.
630 579 776 643 continet
798 578 901 644 Elem.
923 578 1022 644 I—V
1050 585 1083 644 et

181 691 308 771 partem
331 686 408 749 libri
431 685 486 750 VI.

135 791 187 856 Ex
209 793 261 856 his
285 791 430 856 fontibus
455 793 567 856 omnia
589 791 695 876 recepi
715 791 838 856 scholia
855 789 1083 875 ΡΡΒὶνββῖβ1

69 893 1083 982 V⁵V¹>V⁰V1V²V³V⁴V⁵Vat.f¹qq⁵qbq⁰q¹q²q³Ampv,

71 1005 214 1089 exceptis
238 1004 361 1068 notulis
385 1004 548 1068 nonnullis
574 1003 724 1068 futilibus
747 1000 827 1090 (loci
851 1005 1083 1068 elementorum

70 1133 127 1196 per
152 1105 263 1174 διὰτὸ
282 1114 350 1175 κτλ.
368 1109 511 1175 breuiter
535 1109 627 1175 citati
646 1131 774 1194 semper
792 1110 904 1174 omissi
923 1106 1021 1193 suut),
1045 1130 1083 1173 ex

69 1216 187 1282 ceteris
205 1217 336 1300 potiora
355 1217 469 1300 selegi3
493 1218 527 1280 in
545 1216 684 1298 receptis
703 1216 891 1299 plerumque
909 1215 1016 1280 fontes
1035 1236 1082 1279 re·

73 1323 235 1388 certiores
258 1324 396 1409 neglexi,
419 1323 475 1387 ubi
499 1323 697 1405 antiquiores
721 1322 945 1406 suppetebant.

136 1427 175 1491 In
203 1427 396 1513 appendices
421 1427 518 1492 1-4
546 1426 659 1492 rettuli
687 1426 811 1492 scholia
839 1426 879 1489 ad
904 1425 981 1491 libb.
1004 1425 1084 1492 XIV

71 1530 182 1597 -XV
205 1533 440 1616 recentissima,
473 1534 630 1617 quaedam
661 1554 678 1596 e
707 1531 870 1597 codicibus
901 1532 1006 1597 rarius
1039 1534 1084 1597 in-

70 1639 191 1721 spectis
211 1641 370 1722 excerpta,
393 1638 560 1703 Barlaami
579 1639 612 1703 in
631 1639 749 1703 librum
764 1637 797 1702 Π
818 1639 1084 1704 commentarium

71 1741 327 1826 arithmeticum,
350 1743 508 1808 anecdota
529 1743 687 1826 quaedam
714 1744 944 1808 mathematica
971 1745 1005 1809 in
1028 1766 1080 1810 co-

73 1845 199 1910 dicibus
229 1845 429 1912 Euclidianis
457 1852 600 1932 reperta3
637 1847 675 1912 de
702 1870 776 1933 usu,
808 1849 946 1934 origine,
979 1855 1084 1916 aetate

73 1951 272 2016 scholiorum
295 1957 329 2017 et
352 1954 390 2017 de
413 1954 564 2037 partibus
587 1954 653 2018 iam
676 1953 772 2019 editis
796 1956 862 2019 alio
885 1955 955 2019 loco
980 1977 1085 2042 agam,

70 2080 112 2122 ne
135 2059 208 2141 plus
231 2058 332 2124 nimio
361 2060 422 2125 hoc
445 2061 600 2126 uolumen
623 2060 687 2124 iam
712 2060 790 2124 satis
814 2061 929 2143 ingens
954 2067 1085 2130 crescat.

138 2163 209 2231 Hae
232 2171 325 2250 parte
348 2166 561 2251 praefationis
584 2167 678 2231 finita
695 2187 820 2231 errores
840 2168 996 2250 quosdam
1015 2190 1084 2234 cor-

72 2271 186 2356 rigam.
231 2295 308 2337 nam
332 2295 404 2338 cum
428 2273 467 2338 de
490 2274 667 2339 collatione
690 2295 762 2338 mea
785 2272 904 2338 codicis
924 2272 963 2353 V,
988 2297 1085 2358 quam

71 2379 209 2462 primam
235 2379 378 2445 omnium
402 2385 477 2444 ante
500 2380 560 2444 hos
582 2383 707 2464 septem
726 2400 829 2444 annos
850 2379 981 2463 confeci,
1004 2381 1083 2447 locis

72 2486 235 2550 nonnullis
247 2485 440 2567 dubitarem,
455 2507 541 2550 anno
556 2486 640 2551 1886
651 2485 794 2550 codicem
808 2485 902 2550 illum
911 2483 1085 2571 Hauniam,

72 2593 109 2653 ut
132 2592 209 2675 dixi,
236 2592 465 2658 transmissum
494 2583 599 2656 denuo
627 2591 680 2655 hic
702 2591 771 2656 illic
794 2591 921 2674 inspexi
949 2595 982 2656 et
1004 2593 1085 2657 haec

71 2696 274 2762 emendanda
296 2698 423 2781 repperi

73 2797 143 2881 Ip.
162 2801 213 2881 62,
232 2804 276 2869 20
299 2804 390 2868 ἔσται
413 2805 494 2868 m.1
520 2803 554 2867 in
577 2801 650 2867 ἐστί
670 2824 750 2867 corr.

75 2903 147 2987 lp.
166 2905 217 2984 76,
240 2910 283 2974 20
305 2918 378 2985 ταῖς
401 2930 462 2973 om.

76 3009 91 3073 I
113 3032 146 3094 p.
164 3009 217 3093 96,
242 3013 285 3077 14
306 3016 474 3098 τρίγωνον
496 3014 606 3079 habet.

75 3115 92 3180 Ι
113 3140 144 3200 p.
165 3117 238 3199 162,
265 3119 305 3183 15
328 3115 653 3208 ἀναγραφησομένῳ,
676 3142 743 3185 non
766 3116 1044 3210 ἀναγραφομένῳ.

73 3222 91 3287 Ι
113 3247 143 3307 p.
164 3225 237 3305 170,
263 3226 279 3287 1
306 3230 385 3308 ΔΑ,
408 3248 475 3291 non
498 3231 579 3291 ΑΔ.

74 3328 91 3393 I
114 3350 144 3412 p.
164 3331 238 3415 172,
264 3329 304 3394 13
328 3325 434 3414 αὐτήν
458 3335 575 3416 postea
597 3331 668 3397 add.

73 3433 91 3497 l
114 3456 144 3518 p.
165 3437 238 3522 174,
265 3436 305 3502 19
328 3433 450 3522 τέμνει,
473 3461 540 3504 non
563 3449 661 3522 τεμεῖ.
