2332 3818
32 188 35 193 .
96 138 163 201 664
229 136 386 190 sellom
403 138 443 190 IN
460 133 736 188 ELEMENTORUM
753 131 894 183 LIBRUM
907 134 986 185 XIIL

96 276 163 364 ἄρα
186 276 252 345 ἀπὸ
274 281 333 363 τῆς
351 283 417 346 ΒΓ
435 278 645 362 τετράγωνον
668 280 743 341 ἴσον
767 271 836 341 ἐστὶ
858 285 931 352 τοῖς
955 271 1023 341 ἀπὸ
1045 283 1105 341 τῶν

96 390 177 470 BA,
201 389 271 451 ΑΓ
295 383 526 471 τετραγώνοις.
572 381 631 449 ἐὰν
655 380 693 447 δὲ
715 376 752 447 τὸ
776 375 842 446 &ab
865 382 927 465 τῆς
949 385 1019 448 ΒΓ
1039 387 1108 447 ίσον

95 483 117 578 v}
141 504 212 569 τοῖς
234 487 300 558 ιἰαό
323 493 392 559 τών
414 495 492 574 BA,
515 494 583 556 ΑΓ
606 485 837 573 τετραγώνοις,
861 482 954 572 ὀρθη
980 491 1070 553 ἔσται
1090 482 1108 570 ἡ

95 595 163 665 ὑπὸ
188 603 292 664 ΒΑΓ
309 601 430 682 γωνία·
460 593 541 683 ὅπερ
565 598 633 662 ἔδει
656 596 769 674 δείξαι.

61 729 78 776 ο
163 706 217 770 45.
261 709 380 788 Τρίτον
403 704 524 788 λίμμα.

164 813 247 875 ἔστω
267 814 434 895 τρίγωνον
451 806 490 875 τὸ
506 811 609 874 ΑΒΓ
623 801 736 891 ὀρθήν
755 807 832 889 ἔχον
851 800 913 890 τήν
931 803 1001 873 ὑπὸ
1017 809 1116 872 ΒΑΓ

97 920 234 1001 γωνίαν.
280 914 382 1000 λέγω,
409 911 462 981 ὅτι
489 911 527 981 τὸ
552 912 605 980 ἐπὶ
627 914 685 997 τῆς
706 915 774 978 ΒΓ
795 908 1019 996 γραφόμενον
1041 909 1111 998 ἡμι-

96 1020 237 1088 κύκλιον
261 1017 330 1105 ήξει
353 1019 409 1087 καλ
433 1017 488 1087 διὰ
511 1023 573 1087 τοῦ
595 1027 627 1085 Α
650 1022 799 1103 σημείον.
845 1016 1026 1104 τετμήσθω
1049 1018 1113 1103 γὰρ

96 1124 117 1209 τ’,
142 1132 209 1193 ΒΓ
236 1131 312 1212 δίχα
339 1124 422 1193 κατὰ
449 1123 487 1193 τὸ
511 1133 560 1210 Δ,
591 1123 648 1191 καὶ
676 1121 864 1207 ἐπεζεύχθω
891 1119 913 1209 y}
937 1131 1026 1210 ΑΔ,
1060 1124 1112 1191 καὶ

44 1257 78 1306 10
98 1231 154 1300 διὰ
186 1237 247 1300 τού
275 1240 310 1299 Λ
340 1235 380 1319 τῇ
408 1239 475 1299 ΑΒ
507 1229 718 1316 παράλληλος
745 1228 841 1316 ήχθω
870 1227 891 1315 y}
916 1237 995 1298 ΛΕ.
1046 1231 1113 1300 ἐπεὶ

98 1331 163 1407 οὖν
188 1346 242 1424 ἴση
267 1337 358 1406 ἐστὶν
380 1335 402 1423 y}
426 1344 495 1404 ΑΕ
519 1339 559 1424 vy}
584 1342 661 1422 ΕΓ,
688 1335 744 1402 καὶ
767 1332 981 1421 παράλληλος
1003 1334 1025 1423 ἡ
1049 1344 1114 1404 ΑΒ

94 1456 136 1532 τῇ
148 1452 222 1529 ΔΕ,
236 1445 292 1512 καὶ
307 1442 395 1529 ὀρθή
410 1440 613 1529 ήύιτὸΒΑΓ,
1065 1453 1108 1522 Jr'

97 1549 187 1636 ὀρθή
211 1548 277 1636 ίίρα
300 1549 355 1616 καὶ
377 1546 399 1634 y}
420 1545 486 1616 ὑπὸ
505 1554 614 1617 ΔΕΓ.

97 1655 167 1723 ἐπεὶ
200 1647 264 1724 οὖν
296 1663 351 1741 ἴση
379 1655 470 1723 ἐστὶν
498 1653 519 1742 ἡ
548 1663 617 1722 ΑΕ
843 1641 874 1693 Δ

46 1789 78 1837 15
98 1766 138 1851 vy}
161 1768 239 1847 ΕΓ,
272 1760 369 1848 κοινή
394 1762 432 1830 δὲ
454 1761 510 1829 καὶ
532 1759 615 1847 πρὸς

98 1869 209 1954 ὀρθὰς
232 1865 253 1954 ἡ
278 1876 361 1955 ΕΔ,
385 1868 483 1954 βάσις
505 1865 570 1954 ἄρα
594 1864 614 1953 y}
650 1835 680 1888 B
1076 1842 1111 1893 A

98 1984 170 2041 ΑΔ
198 1973 293 2060 βάσει
321 1979 361 2063 τῇ
390 1979 461 2042 ΛΓ
488 1975 578 2042 ἐστιν
607 1982 672 2059 ίση.
721 1971 805 2041 ἄλλα
833 1971 854 2059 ἡ
880 1980 950 2040 ΛΓ
977 1978 1019 2063 τῇ
1050 1984 1118 2043 ΔΒ

100 2083 191 2147 ἐστιν
216 2089 285 2165 ίση·
309 2081 364 2146 καλ
387 2077 408 2165 y}
426 2089 459 2146 A
465 2087 498 2146 Δ
521 2077 587 2165 ἄρα
609 2085 649 2167 τῇ
670 2086 736 2147 ΔΒ
760 2080 850 2146 ἐστιν
870 2087 935 2166 ἴση.
973 2084 1012 2147 οιί
1027 2098 1119 2168 τρεῖς

99 2185 166 2270 ἄρα
194 2191 232 2252 αί
256 2189 334 2270 ΓΛ,
359 2195 444 2271 ΔΑ,
468 2193 534 2276 ᾼΒ
568 2195 637 2253 ίσαι
665 2183 822 2272 ἀλλήλαις
850 2189 945 2254 είσίν.
998 2184 1017 2255 ὁ
1051 2187 1118 2276 ἄρα

44 2320 79 2368 20
98 2295 224 2379 κέντρῳ
246 2291 306 2376 μὲν
320 2302 366 2380 τῷ
381 2299 425 2375 Δ,
445 2291 642 2378 διαστήματι
657 2292 694 2359 δὲ
709 2291 760 2359 ἑνὶ
774 2295 841 2361 τών
857 2301 890 2358 Δ
896 2299 936 2377 Β,
952 2301 1033 2378 ΔΑ,
1049 2301 1123 2361 ΔΓ

96 2396 217 2474 κύκλος
239 2394 453 2481 γραφόμενος
476 2393 546 2481 ἥξει
569 2397 624 2463 καὶ
649 2395 704 2464 διὰ
723 2401 785 2465 τοῦ
800 2409 831 2465 Α
854 2404 1008 2483 σημείου·
1033 2399 1118 2486 ὅπερ

97 2506 166 2569 ἔδει
190 2503 304 2582 δείξαι.

458 2662 516 2727 Ad
539 2685 643 2748 prop.
666 2663 756 2729 XIII.

166 2789 218 2853 46.
256 2783 325 2852 Καὶ
349 2785 421 2852 ἐπεί
437 2787 527 2852 ἐστιν
549 2811 581 2872 p.
597 2789 672 2871 292,
691 2790 725 2869 2]
749 2785 859 2853 πόθεν
878 2791 1047 2874 φαίνεται,
1073 2785 1122 2869 ὡς

45 2893 120 2979 αεή
146 2898 215 2960 ΑΓ
233 2889 317 2978 πρὸς
338 2892 401 2976 τήν
425 2896 499 2976 ΓΛ,
523 2888 629 2970 οὕτως
651 2888 671 2977 ἡ
696 2896 758 2957 ΓΔ
780 2889 863 2977 πρὸς
884 2889 947 2977 τήν
969 2897 1048 2973 ΓΒ;
1089 2899 1122 2964 εί

98 2999 163 3086 γὰρ
197 2997 407 3085 ἐπιζεύξομεν
439 2994 501 3083 τήν
531 3004 614 3083 ΑΒ,
648 3005 702 3082 ίση
736 3002 826 3066 ἔσται
859 2994 879 3084 y}
912 2994 979 3065 ὑπὸ
1009 3009 1120 3069 ΑΔΒ

172 3179 215 3229 45.
234 3174 257 3227 Ρ
272 3175 328 3244 (fig.
340 3178 419 3243 om.);
438 3174 563 3242 pertinet
577 3173 614 3229 ad
627 3190 706 3243 prop.
720 3171 786 3227 XIII
803 3191 831 3242 p.
847 3178 907 3241 292,
923 3179 948 3228 9.
1006 3182 1051 3232 46.
1066 3175 1119 3231 Vb.

174 3343 197 3390 1.
217 3331 408 3404 τετράγωνον]
424 3350 478 3388 om.
488 3332 523 3390 V.
578 3341 602 3388 2.
622 3328 855 3402 τετραγώνοις-
870 3338 895 3386 3.
914 3333 1120 3408 τετραγώνοις]

92 3426 149 3466 om.
173 3408 205 3468 V.
264 3413 289 3465 3.
311 3403 405 3480 ἔσταιή
423 3399 533 3477 affl.
585 3411 611 3458 4.
630 3399 700 3472 ὅπερ
720 3402 780 3457 ἔδει
799 3404 904 3475 δεῖξαι]
924 3420 978 3457 om.
998 3405 1033 3460 V.
1092 3415 1120 3462 6.

85 3483 173 3564 ἔχον]
195 3483 272 3561 ἔχων
293 3484 328 3542 P.
405 3484 450 3536 18.
468 3476 521 3552 τῇή
534 3476 586 3546 τῆς
597 3475 636 3528 I.
701 3479 750 3525 Ἃ.
766 3470 915 3540 {omnm
929 3490 981 3527 ser.
1000 3473 1036 3529 V.
