2362 3796
201 174 357 226 εοΗοαῑλ
374 176 414 227 IN
431 137 707 227 ELEME‘NTORUM
725 173 863 224 LIBRUM
877 173 937 222 ΧΗ.
1005 168 1070 233 635

127 318 179 381 47.
216 315 283 380 Καὶ
308 319 391 382 ἔστω
414 311 455 380 τά
478 322 545 381 ΑΕ
571 340 602 400 p.
624 318 695 400 190,
721 316 774 396 15]
800 318 876 397 ΑΕ,
900 318 974 395 ΕΒ,
998 317 1070 394 ΒΖ,

61 426 131 504 ΖΓ,
156 425 232 504 ΓΗ,
257 426 340 505 ΗΛ,
365 427 441 505 ΔΘ,
465 427 530 488 ΘΑ
555 417 595 487 ού
616 418 675 498 τάς
698 416 832 497 εὐθείας
856 419 958 503 λέγει,
987 414 1070 483 ἀλλὰ

57 522 117 605 τὰς
135 531 356 613 περιφερείας.
393 527 463 594 ἐπεὶ
481 525 545 615 γάρ
568 525 666 612 βάσις
688 529 750 593 τοῦ
772 524 885 592 κύυου
910 523 927 591 6
950 524 1071 602 κύκλος

58 627 242 716 ὑπόκειται,
265 633 321 699 καὶ
342 636 412 701 τῶν
430 630 677 719 άποτμημάτων
694 635 755 698 τοῦ
773 629 886 699 κώνου
905 628 1018 716 βάσεις
1036 633 1074 695 αλ

59 739 268 826 περιφέρειαι
292 742 425 806 ἔσονται
449 739 505 805 καὶ
529 735 604 824 οὐχὶ
627 741 665 804 αί
686 735 825 804 εὐθεῖαι.
1107 760 1124 808 σ

125 847 178 910 48.
215 844 284 910 Καὶ
307 841 328 929 ἡ
350 844 497 930 πυραμὶς
520 841 586 931 άρα
613 870 644 930 p.
670 848 742 928 190,
766 847 822 926 22]
853 843 922 910 ἐπεὶ
946 833 1069 909 οὖντὸ

58 947 258 1034 πολύγωνον
278 953 355 1034 ἔχον
372 947 475 1035 βάσιν
494 954 620 1036 πρίσμα
639 947 722 1035 πρὸς
740 948 801 1036 μὲν
819 945 881 1035 τὴν
899 950 1071 1036 πυραμίδα

56 1051 120 1141 τὴν
148 1059 291 1139 έχουσαν
318 1053 356 1121 τὸ
387 1051 469 1122 αὐτὸ
498 1053 700 1140 πολύγωνον
727 1053 829 1140 βάσιν
850 1059 1071 1142 τριπλασίονα

57 1159 161 1246 λόγον
186 1165 263 1246 ἔχει,
281 1160 365 1246 πρὸς
384 1161 421 1228 δὲ
439 1159 500 1229 τὸν
518 1165 631 1228 κῶνον
650 1165 784 1247 μείζονα
802 1156 823 1247 ἢ
841 1165 1070 1249 τριπλασίονα,

57 1271 177 1351 μείζων
205 1271 296 1334 ἔσται
323 1264 344 1353 ἡ
374 1267 519 1353 πυραμίς
545 1271 608 1334 τοῦ
635 1265 749 1335 κοίνου
777 1265 834 1334 διά
862 1266 899 1336 τὸ
929 1267 1070 1334 δέκατον
1090 1288 1121 1339 10

56 1375 117 1438 τοῦ
140 1374 297 1459 πέμπτου.

123 1481 175 1545 49.
210 1476 451 1569 Ἐμπεριέχεται
471 1481 535 1567 γάρ
555 1507 586 1567 p.
603 1483 676 1567 190,
696 1484 752 1563 26]
778 1476 892 1564 ἐπειδὴ
911 1502 949 1545 το
969 1475 1069 1545 εὐθύ-

56 1583 212 1672 γραμμύν
236 1587 305 1652 ἐστι
324 1583 421 1671 βάσις
438 1589 498 1671 τῆς
513 1589 716 1672 πυραμίδος,
740 1582 757 1651 6
779 1584 816 1651 δ“ε
834 1582 955 1660 κύκλος
972 1581 1070 1668 βάσις

54 1693 118 1757 τοῦ
140 1689 267 1774 κύνου,
297 1692 520 1776 ἐμπεριέχεται
547 1690 603 1757 καὶ
629 1689 667 1757 τὸ
692 1688 892 1775 πολύγωνον
920 1685 985 1756 ὑπὸ
1008 1691 1069 1755 τοῦ

54 1793 194 1879 κύκλον,
219 1798 336 1880 δῆλον,
361 1793 412 1862 ὅτι
435 1796 490 1862 καὶ
513 1792 534 1881 ἡ
558 1797 703 1881 πυραμὶς
725 1793 790 1862 ὑπὸ
813 1798 874 1863 τοῦ
898 1793 1020 1861 κυάνου.
1089 1822 1123 1871 15

124 1902 176 1966 50.
210 1896 391 1967 Ἀνάπαλιν
414 1898 479 1987 άρα
502 1926 534 1987 p.
556 1904 627 1986 192,
647 1904 680 1983 6]
706 1904 737 1966 εί
758 1899 823 1985 γάρ
848 1897 866 1967 6
889 1899 1069 1987 κύλινδρος

55 2010 118 2074 τοῦ
139 2005 253 2073 κύνου
277 2003 422 2073 ἐλάττων
441 2007 532 2073 ἐστὶν
550 2001 572 2092 ἢ
591 2004 795 2090 τριπλάσιος,
819 2010 911 2073 ἔσται
930 2004 996 2094 άρα
1014 2007 1069 2073 καὶ

57 2110 75 2180 ὁ
101 2115 210 2190 κῶνος
231 2115 292 2178 τοῦ
315 2115 500 2197 κυλίνδρου
523 2117 643 2197 μείζων
665 2108 686 2197 ἢ
709 2110 916 2197 τριπλάσιον.

123 2220 176 2283 51.
217 2217 285 2282 Καὶ
318 2216 437 2303 ἑκάστη
470 2216 536 2305 άρα
561 2221 631 2285 τῶν
665 2243 695 2302 p.
720 2221 795 2300 194,
822 2222 877 2301 10]
911 2217 972 2286 ἐὰν
1003 2215 1067 2303 γάρ

55 2320 175 2390 εὐθεῖά
197 2349 247 2401 τις
275 2324 486 2409 ἐφαπτομένη
510 2319 573 2390 τοῦ
595 2325 720 2391 κύκλου
743 2321 834 2411 ἀχθῇ
857 2321 1067 2411 παράλληλος
1086 2351 1122 2400 20

57 2439 98 2515 τῇ
118 2432 180 2495 τοῦ
195 2430 449 2516 ἐγγραφομένου
462 2427 675 2514 τετραγώνου
688 2433 814 2518 πλευρᾷ
828 2433 868 2517 τῇ
883 2438 916 2495 Α
921 2436 949 2496 Β
964 2428 1068 2516 τυχὸν

54 2538 94 2622 τῇ
127 2535 182 2600 καὶ
214 2531 436 2623 ὑποτεινούση
469 2532 533 2621 τὴν
564 2532 648 2621 πρὸς
665 2539 720 2626 τῷ
750 2543 781 2602 Ε
811 2539 871 2602 τοῦ
900 2534 1068 2624 τριγώνου

56 2646 196 2725 γωνίαν,
215 2642 270 2707 καὶ
290 2643 530 2728 ἐπιζευχθῶσιν
544 2632 653 2726 αὗται,
670 2641 844 2727 γενήσεται
860 2640 1069 2730 παραλληλό-

54 2772 211 2833 γραμμον
243 2745 422 2815 διπλάσιον
449 2751 511 2814 τοῦ
535 2754 634 2814 ΑΕΒ
666 2746 833 2835 τριγοάνου
861 2745 917 2814 διδι
947 2746 984 2814 τὸ
1009 2745 1068 2834 μα’

54 2856 116 2919 τοῦ
140 2851 174 2917 α’
203 2857 345 2938 βιβλίου.
396 2852 456 2920 ἐὰν
485 2852 521 2919 δέ
549 2851 586 2919 τὸ
616 2852 963 2940 παραλληλόγραμμον
991 2856 1068 2937 δίχα
1087 2879 1120 2928 25

55 2967 167 3045 τμηθῇ
192 2956 248 3024 διὰ
271 2961 330 3042 τῆς
349 2962 548 3044 διαγωνίου,
574 2959 630 3025 καὶ
654 2956 893 3026 άνασταδάσιν
918 2963 1068 3037 ίσουψείς

54 3085 268 3096 ..-----

128 3133 263 3203 47.V⁸q.
336 3134 445 3190 48.V².
519 3141 561 3190 49.
581 3135 628 3190 νε.
703 3141 745 3189 50.
765 3135 795 3187 Β.
868 3133 977 3189 51.V².

127 3302 153 3349 2.
173 3294 241 3379 Δβ]
262 3297 318 3380 affl,
336 3310 363 3378 η.
404 3294 483 3376 „Q
504 3296 556 3346 EA
575 3312 602 3362 q.
658 3301 682 3349 3.
703 3289 783 3363 ἐπεί]
803 3290 852 3380 μοι]
872 3287 938 3347 ἐπεί
953 3292 985 3348 V.
1041 3299 1066 3348 4.

56 3363 279 3436 άποτμηματων]
300 3383 358 3418 ατο
378 3383 435 3417 των
453 3384 468 3418 τ
488 3364 603 3433 ημάτων
623 3364 656 3419 V.
735 3370 759 3418 5.
783 3363 831 3433 αι]
851 3379 906 3417 om.
925 3382 951 3432 q.
1026 3371 1067 3421 14.

59 3435 256 3528 ἐμπεριέχεται
275 3435 340 3505 καί]
361 3451 412 3490 scr.
432 3385 697 3505 uoe66pmpte'xswt.
761 3439 802 3489 18.
822 3430 1075 3503 tqmloiamvkm.

54 3526 155 3577 τριτον.
