2362 3796
84 128 149 194 308
240 129 397 183 SOHOLIA
413 131 453 182 IN
470 128 746 182 ELEMENTORUM
762 128 903 182 LIBRUM
916 128 948 182 V.

84 276 174 340 ἔστιν
194 261 256 337 οὖν
275 269 313 338 τὸ
333 277 395 337 ΖΘ
412 275 523 356 μεῖζον
542 272 605 339 τοῦ
622 276 668 354 Ν,
692 268 773 355 ὅπερ
788 275 827 335 Ν
844 267 1097 337 πολλαπλάσιάν

85 379 154 444 ἐστι
176 379 237 443 τοῦ
261 377 422 464 δευτέρου
443 378 505 443 τοὺ
529 383 577 462 Δ,
607 372 645 443 τὸ
670 374 708 443 δὲ
731 382 766 442 Κ
786 374 824 443 τὸ
848 372 1099 444 πολλαπλάσιον

83 485 146 550 τοὺ
163 487 278 569 τρίτου
296 485 357 549 τοῦ
377 486 410 548 Γ
428 481 565 550 ἔλαττόν
584 484 653 549 ἐστι
675 491 737 549 τοῦ
755 488 801 568 Ν,
824 478 905 568 ὅπερ
924 487 965 549 Ν
977 488 1100 549 πολλα-

82 585 228 656 πλάσιόν
251 589 410 657 ἐστι.τοῦ
436 586 596 674 τετάρτου
622 590 684 655 τοὺ
707 594 748 655 Δ.
794 587 865 656 ἐπεὶ
888 578 952 655 οὑν
974 585 1008 656 τὶ
1038 587 1100 674 μὲν

48 697 145 765 5τοῦ
176 692 312 781 πρώτου
344 693 595 761 πολλαπλάσιον
631 691 745 780 μεῖζόν
776 693 846 763 ἐστι
880 702 943 761 τοῦ
978 700 1101 763 πολλα-

84 805 229 868 πλασίου
256 802 318 868 τοὺ
346 801 522 886 δευτέρου,
552 797 591 867 τὸ
626 797 664 867 δὲ
694 803 757 867 τοὺ
788 805 903 886 τρίτου
935 798 999 868 οὐκ
1031 804 1101 868 ἔστι

85 911 197 993 μεῖζον
220 909 281 974 τοῦ
304 910 558 974 πολλαπλασίου
584 914 646 972 τοῦ
674 903 849 992 τετάρτου,
877 909 1011 992 μείζονα
1034 902 1101 992 άρα

83 1011 189 1098 λόγον
212 1016 278 1099 ἔχει
301 1009 339 1079 τὸ
363 1018 430 1079 ΑΒ
458 1010 541 1097 πρὸς
563 1008 601 1079 τὸ
625 1018 659 1079 Δ
681 1009 765 1097 ἥπερ
787 1007 826 1079 τὸ
849 1015 881 1076 Γ
899 1006 983 1097 πρὸς
1004 1008 1043 1078 τὸ
1067 1017 1101 1076 Δ

85 1116 142 1185 διὰ
166 1115 226 1185 τὸν
250 1115 334 1205 ὅρον
351 1115 412 1186 τὸν
430 1119 585 1203 λέγοντα·
609 1116 691 1185 ὅταν
710 1114 748 1184 δὲ
765 1119 834 1183 τῶν
854 1116 962 1195 ἰσάκις
979 1123 1101 1184 πολλα-

34 1222 69 1295 16
86 1229 237 1291 πλασίων
265 1248 303 1291 το
332 1222 395 1310 μὲν
421 1225 483 1291 τοῦ
512 1221 648 1309 πράσου
677 1221 928 1290 πολλαπλάσιον
957 1218 1099 1310 ὑπερέχῃ

84 1333 146 1397 τοὺ
177 1332 238 1397 τοῦ
273 1329 433 1416 δευτέρου
464 1333 730 1414 πολλαπλασίου,
761 1327 800 1397 τὸ
829 1327 867 1395 δὲ
892 1331 954 1396 τοῦ
984 1332 1099 1414 τρίτον

85 1435 337 1504 πολλαπλάσιον
364 1432 408 1521 μὴ
440 1431 583 1524 ὑπερέχῃ
615 1438 676 1504 τοὺ
703 1438 766 1503 τοῦ
792 1433 952 1521 τετάρτου
977 1438 1100 1500 πολλα-

84 1546 244 1627 πλασίου,
277 1540 352 1609 τότε
378 1537 417 1608 τὸ
445 1543 580 1627 πραῖτον
607 1538 691 1626 πρὸς
713 1536 751 1607 τὸ
781 1538 939 1626 δεύτερον
966 1543 1101 1626 μείζονα

84 1647 189 1734 λόγον
212 1653 300 1734 ἔχειν
323 1646 453 1733 λέγεται
475 1643 559 1733 ἥπερ
582 1642 620 1714 τὸ
644 1651 759 1733 τρίτον
776 1644 861 1732 πρὸς
878 1642 915 1713 τὸ
934 1646 1103 1733 τέταρτον.

34 1774 67 1825 ιο
152 1756 205 1822 64.
241 1756 408 1820 Ποικίλον
429 1761 530 1821 τοῦτο
553 1749 591 1819 τὸ
610 1749 784 1838 θεώρημα,
807 1748 853 1831 ὥς
871 1753 905 1832 ἐξ
923 1748 1027 1838 αὐτῆς
1044 1754 1104 1836 τῆς

85 1858 276 1947 προτάσεως
304 1862 425 1945 δῆλον,
458 1861 524 1944 ἔχει
556 1858 597 1925 (λε’
621 1882 696 1925 τινα
723 1857 780 1924 καὶ
806 1855 890 1924 κατὰ
918 1855 982 1942 τὴν
1011 1857 1103 1938 λέξιν

85 1963 240 2051 άπορίαν.

153 2074 205 2140 65.
242 2071 312 2139 Καὶ
335 2069 488 2157 εἰλήφθω
518 2095 550 2156 p.
572 2072 630 2157 26,
654 2073 674 2137 6
698 2109 740 2119 -
763 2072 825 2137 τοῦ
848 2076 883 2136 Κ
909 2094 940 2156 p.
963 2070 1020 2154 26,
1046 2071 1101 2151 10]

86 2177 210 2263 ἱστίον,
235 2174 286 2244 ὅτι
309 2175 346 2245 τὸ
373 2175 483 2262 παρὸν
506 2174 692 2262 κομμάτιον
717 2173 897 2262 ὀβελίξεται
919 2173 1009 2262 παρὰ
1032 2186 1104 2253 τοῖς

34 2289 69 2354 '20
88 2280 274 2369 άκριβέσιν·
301 2287 333 2350 εί
344 2279 409 2368 γάρ
423 2293 538 2368 κεῖται,
558 2280 676 2369 οὐκ-ἐᾷ
695 2281 757 2351 τὸν
775 2280 999 2370 γεωμετρικὸν
1018 2280 1103 2364 ὅρον

89 2388 218 2474 διήκειν
242 2391 289 2468 είς
317 2385 466 2467 άπάντας
493 2384 675 2476 άριθμοάς,
709 2384 768 2468 οὓς
799 2384 842 2456 άν
869 2386 1026 2474 βούλοιτό
1052 2411 1105 2466 τις

86 2502 214 2580 θεῖναι,
237 2497 268 2561 εί
290 2493 328 2562 δὲ
346 2498 464 2580 λείπει,
490 2497 584 2562 δοκεῖ
598 2491 765 2580 ὑγιαίνειν
785 2490 803 2561 ὁ
823 2490 903 2579 ὅρος
920 2494 1104 2579 πανταχοῦ,

86 2597 174 2686 πλὴν
198 2604 228 2667 εί
250 2626 294 2687 μη
318 2598 546 2687 άριθμιητικῶς
572 2627 622 2680 τις
650 2599 807 2685 βούλοιτο
836 2610 989 2683 σκοπεῖν,
1015 2593 1103 2665 άλλά

87 2705 195 2792 μόνον
217 2711 418 2794 χραμμικῶς.

158 2920 320 2973 Extremam
338 2920 447 2987 partem
467 2918 503 2973 ab
523 2917 572 2972 διά
590 2918 639 2973 lin.
659 2923 675 2972 9
701 2916 766 2971 hab.
786 2916 873 2971 etiam
891 2912 928 2971 F*
950 2917 981 2971 ολ
998 2915 1103 2972 iterum

86 2989 150 3057 v·q
169 3006 232 3044 cum
251 2988 425 3044 uariantibus
445 2991 484 3058 ().
557 2994 600 3043 64.
619 3007 640 3044 r.
715 2993 757 3042 65.
776 2986 827 3042 Ar.

87 3120 133 3127 .—

159 3189 184 3238 8.
202 3181 234 3238 τὸ
255 3182 292 3254 Δ]
325 3183 385 3249 αλλ.)
405 3178 474 3237 αὑτὸ
493 3179 525 3237 τὸ
546 3187 572 3236 Δ
590 3199 616 3250 q.
678 3189 719 3237 10.
738 3177 873 3251 ὑπερέχει
890 3198 916 3250 q.
988 3185 1030 3237 11.
1051 3185 1105 3235 τοῦ

87 3255 150 3326 τοῦ]
170 3255 226 3309 τῶν
244 3258 295 3309 τοῦ
366 3295 373 3309 .
445 3254 660 3308 πολλαπλασίων
679 3252 706 3308 V
721 3255 792 3323 (q?).
862 3257 904 3307 12.
923 3245 1013 3321 ὑπερὲ
1031 3270 1058 3307 ει
1076 3269 1104 3320 q.

20 3369 25 3378 .
122 3326 173 3379 τοῦ
189 3325 252 3395 τοῦ]
273 3325 324 3380 τοὺ
339 3272 374 3380 θ.
411 3325 446 3393 (9.
466 3321 516 3379 τὸν
530 3322 661 3396 λέγοντα]
677 3341 732 3380 om.
746 3324 832 3392 VFq.
871 3327 911 3377 10.
926 3271 1105 3407 ὑπεράχειτχ,

87 3389 145 3478 ὑπρ
163 3396 193 3449 F.
207 3465 219 3478 ἢ
237 3400 279 3450 11.
303 3396 354 3451 τοὺ
373 3395 440 3466 τοὺ]
462 3395 512 3450 τοῦ
532 3396 587 3482 Ἑρ.
630 3400 672 3451 12.
696 3391 830 3478 ὑπερέχει
848 3411 879 3463 q,
901 3388 959 3449 ὑπό
978 3392 1013 3447 1⁴¹.
1051 3411 1103 3448 τον

83 3464 150 3535 ταν]
166 3484 219 3520 τον
239 3464 295 3536 Vq.
336 3471 376 3523 14.
397 3464 546 3540 τέταρτον]
564 3487 583 3521 α
602 3468 644 3537 F.)
719 3472 760 3522 16.
779 3464 878 3535 ἃηλον]
898 3465 1030 3519 lacunam
1044 3483 1066 3519 r.
