2362 3796
190 955 389 1036 Βασιλείδης
415 949 433 1018 ὁ
462 949 596 1034 Τύριος,
621 942 647 1018 οὐ
668 949 863 1038 Πρώταρχε,
886 953 1135 1040 παραγενηθεὶς

124 1061 171 1136 είς
192 1055 445 1144 Ἀλεξάνδρειαν
468 1056 523 1124 καὶ
548 1056 727 1136 συσταθεὶς
752 1060 797 1146 τῷ
825 1058 925 1145 πατρὶ
952 1055 1048 1145 ήμῶν
1078 1057 1135 1126 διά

123 1162 186 1249 τήν
205 1159 270 1230 άπὸ
289 1172 351 1230 τοῦ
369 1162 568 1249 μαθήματος
583 1163 780 1248 συγγένειαν
795 1164 1029 1250 συνδιέτριψεν
1044 1163 1134 1255 αὐτῷ

124 1266 184 1337 τὸν
198 1275 353 1336 πλεῖστον
372 1271 430 1354 τής
449 1269 624 1354 ἐπιδημίας
637 1267 772 1357 χρόνον.
795 1272 854 1335 καί
865 1291 945 1337 ποτε
960 1274 1136 1356 ζητοῦντες

90 1372 162 1448 ετὸ
186 1372 253 1442 ὐπὸ
274 1371 500 1442 Ἀπολλωνίου
524 1373 718 1461 συγγραφὲν
741 1375 817 1463 περὶ
844 1379 904 1461 τής
930 1381 1136 1462 συγκρίσεως

124 1485 185 1549 τοῦ
201 1480 435 1566 δωδεκαέδρου
444 1481 500 1547 καὶ
513 1483 574 1548 τοῦ
585 1481 800 1566 εἰκοσαέδρου
814 1484 881 1548 τῶν
891 1485 938 1560 είς
950 1480 1013 1566 τήν
1026 1477 1134 1566 αὐτήν

125 1601 274 1674 σφαῖραν
293 1588 566 1675 ἐγγραφομένων,
589 1592 665 1654 τίνα
685 1591 750 1675 ἔχει
769 1587 873 1674 λόγον
891 1585 974 1674 πρὸς
995 1584 1132 1672 άλληλα,

125 1696 244 1774 ἔδοξαν
262 1698 366 1762 ταῦτα
380 1721 424 1781 μη
441 1691 555 1780 ὀρθῶς
568 1695 814 1782 γεγραφηκέναι
827 1692 889 1762 τὸν
900 1692 1134 1780 Ἀπολλώνιον,

124 1796 220 1867 αὐτοὶ
245 1799 282 1867 δέ
304 1804 407 1868 ταῦτα
430 1799 640 1888 καθάραντες
663 1804 830 1888 ἔγραψαν,
861 1797 906 1879 ὡς
928 1791 972 1886 ήν
995 1796 1134 1867 ἀκούειν

72 1929 105 1977 10
124 1909 185 1973 τοῦ
204 1905 334 1992 πατρός.
368 1908 432 1993 έγιδ
452 1906 488 1993 δὲ
506 1904 649 1994 ὕστερον
672 1906 868 1992 περιέπεσον
890 1905 990 1996 ἑτέρῳ
1013 1910 1134 1997 βιβλίῳ

122 2009 188 2078 ὑπὸ
206 2009 433 2078 Ἀπολλωνίου
448 2012 653 2101 ἐκδεδομένην
668 2012 859 2099 περιέχοντί
869 2037 946 2079 τινα
960 2009 1134 2092 ἀπόδειξιν

124 2117 199 2202 περὶ
217 2120 279 2184 τού
297 2119 530 2203 προκειμένου,
548 2118 604 2185 καὶ
623 2116 774 2204 μεγάλως
792 2116 1062 2204 έψυχαγωγήθην
1081 2119 1134 2186 ἐπὶ

123 2226 163 2310 τή
187 2225 248 2288 τοῦ
271 2221 505 2309 προβλήματος
529 2221 667 2309 ζητήσει.
704 2223 742 2291 τὸ
766 2222 828 2310 μέν
851 2215 915 2290 οὖν
936 2221 1002 2291 ὑπὸ
1020 2221 1135 2292 Ἀπολ-

125 2331 250 2395 λωνίου
273 2327 415 2396 ἐκδοθὲν
439 2333 525 2396 ἔοικε
554 2333 650 2418 κοινή
680 2342 830 2398 σκοπεῖν·
867 2329 923 2395 καὶ
951 2329 1015 2417 γὰρ
1043 2354 1135 2417 περι-

71 2458 104 2507 15
124 2433 259 2520 φέρεται
284 2438 408 2503 δοκοῦν
436 2432 578 2522 ὕστερον
608 2437 801 2523 γεγράφθαι
829 2435 1033 2522 φιλοπόνως·
1071 2434 1134 2504 ὅσα

125 2536 156 2606 δ’
183 2539 247 2625 έγδι
271 2544 359 2609 δοκῶ
384 2545 472 2627 δείν,
502 2540 863 2629 ὑπομνηματισάμενος
890 2546 1005 2629 ἔκρινα
1033 2528 1153 2630 προσὲ

123 2649 282 2733 φωνήσαί
308 2665 362 2714 σοι
391 2647 448 2713 διά
476 2647 538 2733 μὲν
566 2647 629 2734 τήν
648 2649 689 2716 ’έν
713 2647 816 2715 ἅπασι
844 2661 915 2726 τοῖς
944 2645 1134 2735 μαθήμασι,

196 2819 353 2879 Εὐκλείδου
369 2826 405 2877 ῑδ.
421 2819 589 2892 εΤψικλεόυς
607 2819 642 2877 τά
657 2823 698 2886 εἰς
708 2819 865 2891 Εὐκλείδην
879 2818 1133 2913 άναφερόμενανς

119 2891 285 2963 ’Τψιιιλέους
294 2891 325 2949 τὸ
337 2893 377 2956 εἰς
387 2889 546 2963 Εὐκλείδην
556 2890 774 2965 ἀναφερόμενον
784 2894 867 2961 PBv;
880 2890 913 2948 τὸ
925 2893 965 2956 είς
974 2896 1135 2964 Ευκλείδην

122 2961 342 3052 άναφερόμεηον
357 2961 564 3034 ῑδὟψιιιλέους
577 2967 615 3021 M.
642 3037 653 3049 .
672 2971 695 3019 1.
708 2967 857 3048 Βασιλίδης
865 2966 895 3019 P.
951 2961 1095 3050 Πρβταρχε
1107 2985 1134 3024 v.

124 3036 1134 3176 affiffilfffflssffoffzwg1241‘3f3'52‘3v3332257'⁰”}f⁸{02ss25'13“15v³51

161 3182 184 3230 7.
210 3174 268 3244 ἔχει
289 3173 391 3247 λόγον]
415 3174 498 3246 λόγον
523 3175 581 3246 ἔχει
603 3182 693 3232 ταῦτα
715 3176 827 3234 PBVv.
909 3181 934 3230 8.
958 3179 1135 3248 γεγραφέναι

122 3244 235 3301 PBVv.
309 3254 333 3302 9.
354 3245 584 3317 διακαθαίροντες
601 3247 686 3314 BVv,
705 3244 933 3317 διακαθάροντες
952 3250 981 3303 Ρ.
1051 3247 1134 3320 ἐγρά-

123 3327 220 3386 ψαμεν
242 3317 284 3383 Μ;
311 3320 374 3372 fort.
396 3317 526 3387 ἔγραψαν
545 3317 604 3388 μέν.
683 3326 724 3374 11.
753 3315 931 3389 ἔνδεδομένω
955 3321 1006 3376 Pv.
1084 3323 1135 3376 καλ

122 3384 281 3458 περιέχοντι
299 3388 411 3444 PBVv.
470 3389 547 3460 τινα]
567 3401 621 3444 om.
641 3389 752 3448 PBVv.
814 3392 882 3446 Post
900 3371 1049 3458 άπίδειξιν
1068 3393 1134 3450 add.
