2362 3796
92 124 156 188 116
243 127 400 179 SOHOLIA
418 128 455 178 IN
474 126 749 179 ELEMENTORUM
766 129 905 181 LIBRUM
918 130 940 182 1.

91 265 275 353 κατασκευὴ
298 265 339 333 τὰ
364 269 556 336 ἐλλείποντα
578 271 624 358 τῷ
648 270 817 357 δεδομένῳ
845 267 930 355 πρὸς
955 268 1018 355 τὴν
1043 275 1109 339 τοῦ

93 373 294 456 ζητουμένου
316 374 430 459 θήραν
453 379 685 461 προστίθησιν.
730 371 752 460 ἡ
780 372 818 441 δὲ
843 372 1014 456 άπόὸειξις
1038 379 1110 445 ἐπι-

92 481 298 563 στημονικάς
320 476 387 546 άπὸ
410 489 479 547 τῶν
503 476 786 566 ὁμολογηθέντων
810 479 949 565 συνάγει
966 479 1004 549 τό
1024 507 1109 570 προ-

90 589 253 669 κείμενον.
290 582 327 652 τό
353 583 391 652 δὲ
413 586 632 672 συμπέρασμα
654 585 755 653 πάλιν
779 585 832 653 ἐπὶ
854 583 917 671 τὴν
940 587 1108 673 πρότασιν

55 707 71 757 υ
90 686 293 777 ἀναστρέφει
311 693 473 777 βεβαιοῦν
490 689 529 758 τὸ
548 691 772 778 δεδειγμένου.
809 691 865 758 καὶ
882 691 923 758 τά
941 691 1004 779 μὲν
1023 695 1106 783 σύμ-

89 819 196 863 πάντα
215 799 297 884 μέρη
316 802 385 865 τῶν
403 822 438 864 τε
457 796 703 883 προβλημάτων
721 796 776 863 καὶ
790 801 858 865 τόν
871 799 1106 886 θεωρημάτων

91 903 159 969 ἐστὶ
181 908 340 971 τοσαῦτα·
371 900 411 970 τά
440 902 478 970 δὲ
505 901 751 989 ἀναγκαιότατα
778 905 834 971 καὶ
858 906 895 972 έν
917 909 1020 973 πάσιν
1045 904 1106 976 ὐπ-

90 1005 236 1095 άρχοντα
258 1007 417 1095 πρότασις
439 1008 495 1075 καὶ
523 1005 692 1088 ἀπόδειξις
717 1010 773 1076 ιιαλ
801 1012 1035 1099 συμπέρασμα,
1063 1011 1103 1081 τά

91 1112 129 1179 δὲ
151 1112 251 1181 λοιπά
275 1118 445 1200 πολλαχοῦ
468 1114 529 1200 μὲν
548 1115 854 1202 παραλαμβάνεται,
877 1121 1047 1204 πολλαχοῦ
1067 1117 1103 1187 δέ

39 1237 71 1287 10
90 1218 146 1284 καὶ
165 1215 209 1297 ὡς
229 1218 390 1305 οὐδεμίαν
409 1222 596 1307 παρέχοντα
615 1225 730 1308 χρείαν
744 1228 989 1309 παραλείπεται.
1020 1222 1101 1292 όταν

90 1321 152 1408 μὲν
179 1315 242 1390 οὐν
270 1321 290 1409 ἡ
319 1323 479 1410 πρότασις
508 1325 681 1412 άμφότερα
709 1333 770 1416 σχῇ
797 1330 836 1397 τό
859 1356 895 1397 τε
919 1329 1098 1417 δεδομένον

89 1428 145 1494 καὶ
167 1429 204 1496 τό
231 1429 434 1518 ζητούμενον
454 1429 498 1512 ὡς
516 1434 569 1500 ἐπὶ
587 1432 649 1520 τὴν
669 1438 832 1503 δοθεῖσαν
851 1434 991 1503 εὐθεῖαν
1008 1458 1102 1503 πεπε-

90 1536 259 1623 ρασμένην
278 1545 444 1626 τρίγωνον
464 1538 709 1626 συστήσασθαι,
728 1540 803 1608 τότε
821 1541 877 1608 καὶ
897 1539 914 1609 ὁ
931 1539 1105 1630 διορισμὸς

89 1638 274 1729 εὑρίσκεται
297 1646 352 1712 καί
376 1650 517 1729 ἔκθεσις,
542 1644 624 1713 ὅταν
643 1645 681 1714 δὲ
700 1647 830 1735 ἐκλείπη
850 1645 886 1714 τὸ
908 1648 1104 1734 δεδομένον,

37 1766 70 1816 15
90 1749 281 1836 έκλιμπάνει
304 1754 360 1818 καὶ
383 1755 499 1819 ταῦτα·
538 1749 558 1836 ἡ
582 1747 647 1837 γάρ
677 1756 809 1830 ἕκθεσις
830 1755 893 1819 τοῦ
917 1752 1104 1838 δεδομένου

89 1855 157 1923 ἐστὶ
179 1857 235 1924 καὶ
259 1854 277 1924 ὁ
302 1857 484 1945 διορισμός.
523 1863 614 1924 ἔσται
632 1854 697 1943 γάρ
718 1855 736 1925 ό
757 1855 859 1936 αὐτὸς
874 1868 915 1947 τῇ
935 1856 1103 1943 προτάσει.

87 1965 123 2028 τί
146 1961 211 2050 γάρ
240 1961 322 2030 άλλο
351 1960 395 2031 άν
424 1972 511 2031 είποι
539 1960 556 2030 ὁ
592 1965 818 2048 ὐιοριζόμενος
845 1964 898 2030 ἐπὶ
929 1966 989 2030 τοῦ
1019 1985 1101 2048 προ-

89 2069 253 2153 ρηθέντος
275 2066 519 2153 προβλήματος,
543 2072 574 2134 εί
596 2065 640 2154 μὴ
664 2065 702 2134 τὸ
727 2064 846 2153 ὅμοιον
869 2078 909 2156 τῇ
933 2065 1100 2155 προτάσει,

89 2169 148 2239 ἐὰν
172 2170 216 2257 μὴ
240 2164 261 2259 ᾖ
284 2171 322 2238 τὸ
349 2173 542 2257 δεδομένον.

36 2296 70 2344 20
157 2276 209 2342 ἐπὶ
231 2274 355 2343 τούτου
380 2281 441 2344 τοῦ
467 2277 601 2366 πράτου
619 2278 847 2366 θεωρήματος,
871 2277 923 2347 ὅτι
941 2279 1003 2366 μέν
1025 2277 1103 2365 πρό-

88 2379 199 2467 βλημά
224 2382 330 2467 ἐστιν,
359 2386 480 2468 δῆλον,
510 2384 562 2450 ἐπὶ
585 2389 644 2470 της
668 2390 827 2472 δοθείσης
850 2384 986 2464 εὐθείας
1008 2409 1102 2452 πεπε-

89 2487 256 2575 ρασμένης
273 2493 439 2574 τρίγωνον
458 2489 659 2577 ἰσόπλευρον
680 2492 920 2577 συστήσασθαι.
956 2495 1019 2558 τοῦ
1037 2492 1105 2579 γάρ.

87 2592 255 2679 τριγώνου
272 2593 335 2679 τὴν
354 2597 487 2682 γένεσιν
507 2603 613 2682 ζητῶν
632 2596 793 2665 ἐπιτάττει
811 2596 849 2665 τό
864 2623 899 2664 τε
917 2599 1104 2684 δεδομένον

88 2700 144 2767 καὶ
165 2700 203 2769 τὸ
230 2701 442 2788 ζητούμενον.
489 2704 622 2771 δέδοται
645 2702 710 2791 γάρ
737 2703 866 2790 εὐθεῖα,
890 2710 1030 2790 ζητεῖται
1054 2704 1102 2789 δέ,

36 2825 70 2875 25
88 2811 157 2887 πῶς
183 2805 227 2876 άν
255 2805 305 2875 ἐπ’
331 2806 435 2896 αὐτῆς
463 2815 601 2895 συσταίη
631 2809 669 2878 τὸ
702 2809 901 2897 ἰσόπλευρον
924 2814 1103 2894 τρίγωνον,

88 2915 144 2982 καὶ
167 2912 293 3001 ἡγεῖται
316 2913 353 2983 τό
379 2918 578 3002 δεδομένον,
613 2918 721 2983 ἕπεται
753 2915 790 2983 δὲ
816 2912 854 2984 τό
885 2913 1102 3000 ζητούμενον·

90 3018 167 3088 οὐτε
190 3020 250 3107 μέν
273 3019 338 3106 γάρ
364 3017 499 3099 εὐθείας
517 3024 594 3107 δίχα
614 3018 861 3104 συσταθήσεται
881 3022 1000 3105 σχῆμα,
1026 3017 1104 3087 οὐτε

90 3125 128 3192 δὲ
149 3123 232 3193 άνευ
254 3129 515 3214 πεπερασμένης·
540 3123 581 3192 οὐ
605 3125 668 3212 γάρ
689 3125 845 3193 δυνατόν.
882 3122 962 3212 μετά
983 3124 1020 3193 δὲ
1038 3123 1102 3212 τὴν

90 3229 252 3316 πρότασιν
272 3230 378 3311 εὐθὺς
395 3229 416 3318 ἡ
435 3237 566 3309 έκθεσις
584 3231 640 3297 καὶ
660 3229 724 3298 άπὸ
743 3229 865 3317 ταύτης
882 3228 899 3298 ὁ
917 3231 1103 3318 διορισμός·

91 3349 193 3356 --.-
204 3351 304 3359 ----

164 3393 187 3442 7.
209 3384 251 3459 ἐν]
275 3385 309 3459 ἐμ
322 3390 353 3443 Ρ.
410 3395 451 3443 13.
467 3392 564 3456 διωοισ
585 3387 616 3451 ός
630 3390 651 3444 Ρ
671 3391 735 3459 (hoo
750 3406 861 3459 quoque
875 3407 963 3460 genus
978 3407 1104 3447 errorum

90 3456 156 3511 hinc
174 3456 232 3512 iam
250 3461 420 3530 neglegam).
495 3465 536 3514 15.
557 3409 754 3531 έάλειμπάνειυ
774 3461 802 3515 P.
