2362 3796
232 137 389 194 scHOLIA
406 144 445 195 IN
463 143 737 195 ELEBOENTORUM
754 145 894 197 LIBRUM
907 146 954 198 VI.
973 187 975 191 «
1027 143 1093 208 343

77 278 188 349 καὶ
153 307 212 362 τας
229 282 358 369 περὶ
322 307 382 362 τας
400 290 474 362 ίσας
492 287 617 368 γωνίας
635 282 780 370 πλευράς
798 283 979 371 ἀνάλογον.
1009 290 1092 353 ἔστω

79 388 179 473 ὅμοια
200 394 348 476 τρίγωνα
370 387 411 458 τὰ
433 394 543 476 ΑΒΓ,
568 396 677 457 ΔΕΖ
725 387 848 458 ἔστω
831 418 852 477 6
876 398 942 458 AB
965 391 1091 480 πλευρά

78 490 237 623 ἀριθμῶν
260 492 360 581 ιβ,
343 522 364 581 6
393 494 431 563 66
453 501 573 582 ΒΓῆ.
619 494 827 582 ἡμιόλιον”
805 522 872 584 αρα
898 496 1003 582 λόγον
1027 503 1093 584 ἔχει

77 627 99 686 6
119 607 186 669 AB
207 600 292 689 πρὸς
313 600 377 687 τὴν
394 607 465 670 ΒΓ.
502 607 585 670 ἔστω
608 599 704 669 666‘
686 630 707 689 6
729 612 761 669 A
769 610 800 670 Ε
819 606 880 671 τοῦ
903 601 1010 671 άλλου
1025 629 1093 691 τρι-

77 707 192 792 γω’νον
213 705 339 794 πλευρά
359 703 556 794 ἀριθμῶν“
536 728 565 792 ς,
588 735 609 794 6
597 704 667 776 6‘6
682 716 744 776 ΕΖ
767 702 977 795 66666666.
1014 706 1092 776 ἀνά·
1129 735 1142 784 5

78 820 183 898 λογον
197 813 359 900 ἔχουσι
325 838 364 880 τα
365 806 409 899 6
418 819 565 901 τρίγωνα
578 813 637 894 τὰς
650 814 806 901 πλευράς,
826 817 863 882 αί
880 815 918 884 66
933 814 1093 901 ὁμόλογοι

77 919 219 1006 πλευραὶ
242 921 279 986 αί
295 927 360 987 ΑΒ
383 921 439 987 καὶ
463 928 533 988 ΔΕ
553 922 609 989 καὶ
633 924 670 988 αι’
691 927 757 989 ΒΓ
775 922 831 989 καὶ
850 930 921 990 ΕΖ.
964 918 1006 990 ὃν
1030 912 1093 988 οὖν

78 1023 183 1112 λόγον
210 1030 277 1113 ἔχει
305 1023 329 1112 6
356 1023 521 1113 ὁμόλογος
546 1025 673 1115 πλευρά
706 1027 790 1112 πρὸς
820 1026 882 1114 τὴν
915 1025 1093 1114 ὁμόλογον,

80 1133 280 1200 διπλασίονα
302 1130 407 1218 λόγον
431 1138 496 1220 ἔχει
514 1132 552 1202 τὸ
571 1139 738 1221 τρίγωνον
756 1132 840 1222 πρὸς
856 1133 895 1203 τὸ
913 1140 1092 1220 τρίγωνον,

77 1235 186 1322 ἤγουν
204 1238 273 1306 ἐπεὶ
291 1235 312 1324 6
331 1245 397 1307 ΒΓ
415 1243 476 1326 τῆς
494 1247 557 1307 ΕΖ
581 1244 779 1308 διπλασίων·
802 1239 842 1308 τά
862 1252 884 1326 6
901 1238 965 1327 γάρ
983 1244 1051 1307 τῶν
1071 1232 1092 1307 6
1111 1264 1142 1313 10

78 1343 248 1413 διπλάσια·
263 1344 301 1413 τὸ
317 1352 596 1432 ΑΒΓτρίγωνον
611 1351 671 1416 τοῦ
687 1354 789 1415 ΔΕΖ
802 1346 1090 1436 τριγῶνουτετρα-

75 1449 229 1520 πλάσιον.
274 1455 344 1532 πῶς
368 1451 406 1520 66
428 1455 528 1520 τοῦτο
553 1456 644 1519 ἔσται
668 1452 836 1539 φανερόν;
869 1454 938 1522 ἐπεὶ
962 1451 1026 1538 γάρ
1050 1453 1090 1520 τά

76 1556 176 1642 ὅμοια
198 1558 288 1625 καὶί
274 1557 436 1642 ἰσογώνια
455 1561 531 1642 είσι,
556 1563 705 1625 ἔστωσαν
725 1559 763 1624 αί
779 1557 863 1642 πρὸς
880 1584 925 1649 τῳ
911 1562 969 1625 Β
988 1560 1092 1626 καὶΔ

74 1668 196 1747 γωνίαι
219 1661 338 1751 ὀρθαί,
370 1663 427 1729 καὶ
455 1660 705 1793 ἀναγεγράφθω
729 1661 767 1731 τὸ
793 1669 861 1731 ΑΓ
884 1627 1092 1749 παραλληλό-

75 1796 239 1856 γραμμον.
283 1769 340 1837 καὶ
363 1767 471 1836 ἐπεὶ“
455 1796 476 1855 ιγ
499 1767 562 1854 μὲν
585 1766 690 1836 AB‘
672 1767 846 1839 νπόκειται
869 1771 1026 1856 ἀριθμῶν
1047 1775 1091 1854 ιβ,
1112 1793 1142 1843 15

75 1870 96 1960 6
126 1873 164 1942 66
187 1879 253 1941 ΒΓ
281 1873 490 1960 ἀριθμῶν“
468 1901 504 2002 6,
537 1871 668 1953 ὀκτάκις
696 1878 799 1959 ιβ
753 1893 808 1960 ος
858 1873 918 1941 ἐὰν
947 1873 984 1940 66
1011 1899 1092 1958 παρ-

75 1981 357 2068 αλληλόγραμμον
380 1979 533 2072 τριγῶνω
558 1978 659 2064 βάσιν
682 2005 718 2047 τε
741 1985 798 2067 ἔχγγ
822 1977 883 2066 τὴν
904 1977 1014 2066 αὐτὴν
1037 1980 1092 2046 καὶ

75 2089 113 2155 ἐν
136 2099 208 2164 ταῖς
231 2083 349 2164 αὐταῖς
369 2084 612 2173 παραλλήλοις,
637 2085 815 2154 διπλάσιον
839 2091 929 2154 ἔσται
951 2085 989 2154 τὸ
1014 2111 1092 2173 παρ-

76 2190 357 2276 αλληλόγραμμον
380 2200 442 2258 τοῦ
463 2192 630 2279 τριγῶνον
655 2191 711 2260 θιά
733 2191 771 2260 τὸ
795 2191 854 2279 μα’
873 2196 934 2261 τοῦ
957 2190 1092 2279 πρῶτον

77 2301 255 2381 στοιχείου.
291 2295 329 2363 τὸ
353 2295 420 2384 άρα
440 2302 543 2364 ΑΒΓ
561 2304 728 2384 τρίγωνον
746 2304 792 2385 μ“ιγ
815 2304 907 2366 ἔσται
925 2296 1092 2387 ἀριθμῶν.
1111 2323 1142 2372 20

77 2401 179 2469 πάλιν
204 2398 310 2470 ἐπεὶ
297 2430 317 2489 6
342 2401 449 2471 ΔΕ
432 2402 604 2472 υπόκειται
628 2403 785 2492 ἀριθμῶν
809 2409 843 2491 ξ,
867 2402 888 2534 6
913 2404 950 2473 66
973 2413 1036 2474 ΕΖ
1060 2397 1091 2482 6,

76 2508 426 2596 παραλληλογράμμου
461 2513 644 2596 γινομένου
679 2512 735 2579 καὶ
771 2515 813 2579 κδ
850 2509 1091 2599 εὑρισκομένου

76 2611 246 2700 ἀριθμῶν·
281 2615 433 2703 τετράκις
455 2615 520 2705 γάρ
544 2621 564 2688 ξ
586 2620 641 2685 ιἰδ·
678 2617 716 2686 τὸ
741 2625 843 2685 ΔΒΖ
865 2624 1032 2706 τρίγωνον
1057 2623 1090 2702 ιβ

75 2724 167 2787 ἔσται
192 2718 433 2808 αριθμωνί
402 2723 467 2789 είσὶ
491 2722 585 2791 66
550 2750 590 2790 τα
616 2729 668 2851 μἰγ
683 2727 752 2790 τῶν
775 2731 810 2810 ιβ
832 2722 1061 2807 τετραπλάσια.

143 2829 195 2894 32.
233 2823 329 2894 Οὕτω
361 2830 530 2913 γνωστέον
561 2827 620 2896 τὸν
649 2827 731 2916 ὅρον
759 2832 820 2896 τοῦ
847 2826 1013 2915 παρόντος
1037 2827 1088 2894 ιθ’
1108 2851 1142 2900 25

74 2931 292 3020 θεωρήματος
323 2930 367 2999 66
395 2936 577 3021 ἐπαγωγῆς·
620 2932 747 3002 ἔστω
731 2961 752 3020 6
780 2933 842 3019 μὲν
870 2939 937 3000 ΑΒ
965 2929 1091 3020 πλευρά

73 3035 232 3166 ἀριθμῶν
252 3043 287 3122 ιβ
300 3037 413 3126 τυχόν,
433 3037 453 3126 6
474 3039 511 3107 66
528 3045 594 3107 ΒΓ
609 3038 807 3129 ἀριθμῶν·
785 3067 817 3125 6,
839 3064 900 3106 του
884 3037 993 3105 66
976 3038 1091 3125 ετέρου

72 3145 241 3231 τριγωνου
272 3142 293 3231 6
326 3143 387 3230 μὲν
421 3152 491 3212 ΔΕ
526 3150 609 3214 ἔστω
648 3143 805 3232 ἀριθμῶν
837 3148 872 3228 ξ,
909 3139 929 3229 6
964 3142 1002 3211 66
1028 3150 1090 3210 ΕΖ

72 3247 229 3337 ἀριθμῶν
254 3242 282 3318 6.
325 3248 496 3336 ἀνάλογον
521 3243 583 3319 οὖν
612 3257 747 3337 ἔχουσιν
770 3253 807 3317 αί
828 3250 968 3338 πλευραὶ
992 3239 1091 3316 αὗται

34 3456 37 3462 ’
145 3485 187 3535 32.
206 3483 226 3535 t.
