<?xml version="1.0" encoding="UTF-8"?>
<!DOCTYPE html PUBLIC "-//W3C//DTD XHTML 1.0 Transitional//EN"
    "http://www.w3.org/TR/xhtml1/DTD/xhtml1-transitional.dtd">
<html xmlns="http://www.w3.org/1999/xhtml" xml:lang="en" lang="en">
 <head>
  <title>
</title>
<meta http-equiv="Content-Type" content="text/html;charset=utf-8" />
  <meta name='ocr-system' content='tesseract 3.04.00' />
  <meta name='ocr-capabilities' content='ocr_page ocr_carea ocr_par ocr_line ocrx_word'/>
</head>
<body>
  <div class='ocr_page' id='page_1' title='image "./euclidisoperaom02unkngoog_0817.png"; bbox 0 0 2362 3796; ppageno 0'>
   <div class='ocr_carea' id='block_1_1' title="bbox 84 140 838 206">
    <p class='ocr_par' dir='ltr' id='par_1_1' title="bbox 84 140 838 206">
     <span class='ocr_line' id='line_1_1' title="bbox 84 140 838 206; baseline -0.004 -9"><span class='ocrx_word' id='word_1_1' title='bbox 84 140 149 206; x_wconf 78' lang='grc'><em>700</em></span> <span class='ocrx_word' id='word_1_2' title='bbox 345 141 529 195; x_wconf 78' lang='grc' dir='ltr'><em>ΑΡΡΕΝΒΙΧ</em></span> <span class='ocrx_word' id='word_1_3' title='bbox 547 141 783 193; x_wconf 82' lang='lat' dir='ltr'>SCHOLIORUM</span> <span class='ocrx_word' id='word_1_4' title='bbox 801 142 838 195; x_wconf 90' lang='lat'><em>11.</em></span> 
     </span>
    </p>
   </div>
   <div class='ocr_carea' id='block_1_2' title="bbox 31 276 1105 1432">
    <p class='ocr_par' dir='ltr' id='par_1_2' title="bbox 31 276 1105 1432">
     <span class='ocr_line' id='line_1_2' title="bbox 84 276 1105 370; baseline -0.002 -18"><span class='ocrx_word' id='word_1_5' title='bbox 84 287 239 370; x_wconf 83' lang='grc' dir='ltr'><em>σημείου,</em></span> <span class='ocrx_word' id='word_1_6' title='bbox 266 279 346 351; x_wconf 84' lang='grc' dir='ltr'><em>καθ’</em></span> <span class='ocrx_word' id='word_1_7' title='bbox 373 280 392 352; x_wconf 87' lang='grc' dir='ltr'><em>δ</em></span> <span class='ocrx_word' id='word_1_8' title='bbox 415 283 596 369; x_wconf 80' lang='grc' dir='ltr'><strong><em>τέμνουσιν</em></strong></span> <span class='ocrx_word' id='word_1_9' title='bbox 618 276 785 366; x_wconf 77' lang='grc' dir='ltr'><em>ἀλλήλους</em></span> <span class='ocrx_word' id='word_1_10' title='bbox 807 284 844 349; x_wconf 89' lang='grc' dir='ltr'><em>οἴ</em></span> <span class='ocrx_word' id='word_1_11' title='bbox 868 280 1010 366; x_wconf 82' lang='grc' dir='ltr'><em>κύκλοι,</em></span> <span class='ocrx_word' id='word_1_12' title='bbox 1039 284 1105 351; x_wconf 78' lang='grc' dir='ltr'><em>ἐπε-</em></span> 
     </span>
     <span class='ocr_line' id='line_1_3' title="bbox 84 386 1104 476; baseline -0.003 -18"><span class='ocrx_word' id='word_1_13' title='bbox 84 389 280 476; x_wconf 79' lang='grc' dir='ltr'><em>ζεύχθωσαν</em></span> <span class='ocrx_word' id='word_1_14' title='bbox 312 393 350 456; x_wconf 87' lang='grc' dir='ltr'><em>αἴ</em></span> <span class='ocrx_word' id='word_1_15' title='bbox 374 397 466 473; x_wconf 88' lang='lat' dir='ltr'><em>MA,</em></span> <span class='ocrx_word' id='word_1_16' title='bbox 491 395 572 457; x_wconf 91' lang='grc' dir='ltr'><em>ΜΒ.</em></span> <span class='ocrx_word' id='word_1_17' title='bbox 622 386 772 473; x_wconf 86' lang='grc' dir='ltr'><em>φανερὸν</em></span> <span class='ocrx_word' id='word_1_18' title='bbox 806 386 864 474; x_wconf 88' lang='grc' dir='ltr'><em>δή,</em></span> <span class='ocrx_word' id='word_1_19' title='bbox 898 386 955 457; x_wconf 80' lang='grc' dir='ltr'><em>ὅτι</em></span> <span class='ocrx_word' id='word_1_20' title='bbox 984 394 1104 476; x_wconf 78' lang='grc' dir='ltr'><em>μείζων</em></span> 
     </span>
     <span class='ocr_line' id='line_1_4' title="bbox 84 492 1103 583; baseline -0.003 -20"><span class='ocrx_word' id='word_1_21' title='bbox 84 497 175 565; x_wconf 77' lang='grc' dir='ltr'><em>ἐστὶν</em></span> <span class='ocrx_word' id='word_1_22' title='bbox 198 494 228 583; x_wconf 86' lang='grc' dir='ltr'><em>ή·</em></span> <span class='ocrx_word' id='word_1_23' title='bbox 243 503 308 563; x_wconf 89' lang='lat' dir='ltr'><em>AB</em></span> <span class='ocrx_word' id='word_1_24' title='bbox 332 496 488 579; x_wconf 82' lang='grc' dir='ltr'><strong><em>ἑκατέρας</em></strong></span> <span class='ocrx_word' id='word_1_25' title='bbox 509 504 578 562; x_wconf 82' lang='grc' dir='ltr'><em>τών</em></span> <span class='ocrx_word' id='word_1_26' title='bbox 601 501 688 578; x_wconf 87' lang='grc' dir='ltr'><em>ΑΜ,</em></span> <span class='ocrx_word' id='word_1_27' title='bbox 711 498 793 560; x_wconf 91' lang='grc' dir='ltr'><em>ΜΒ.</em></span> <span class='ocrx_word' id='word_1_28' title='bbox 838 494 945 579; x_wconf 81' lang='grc' dir='ltr'><em>λέγω,</em></span> <span class='ocrx_word' id='word_1_29' title='bbox 971 492 1029 562; x_wconf 84' lang='grc' dir='ltr'><em>ὅτι</em></span> <span class='ocrx_word' id='word_1_30' title='bbox 1050 494 1103 561; x_wconf 85' lang='grc' dir='ltr'><em>καὶ</em></span> 
     </span>
     <span class='ocr_line' id='line_1_5' title="bbox 84 596 1104 688; baseline -0.001 -21"><span class='ocrx_word' id='word_1_31' title='bbox 84 609 154 669; x_wconf 88' lang='grc' dir='ltr'><em>ἴσαι</em></span> <span class='ocrx_word' id='word_1_32' title='bbox 178 599 345 686; x_wconf 80' lang='grc' dir='ltr'><em>ἀλλήλαις.</em></span> <span class='ocrx_word' id='word_1_33' title='bbox 381 601 453 671; x_wconf 78' lang='grc' dir='ltr'><em>ἐπεὶ</em></span> <span class='ocrx_word' id='word_1_34' title='bbox 477 598 540 688; x_wconf 84' lang='grc' dir='ltr'><em>γάρ</em></span> <span class='ocrx_word' id='word_1_35' title='bbox 564 601 712 685; x_wconf 75' lang='grc' dir='ltr'><em>ἐδείχθη,</em></span> <span class='ocrx_word' id='word_1_36' title='bbox 735 596 787 666; x_wconf 82' lang='grc' dir='ltr'><em>ὅτι</em></span> <span class='ocrx_word' id='word_1_37' title='bbox 811 607 866 685; x_wconf 91' lang='grc' dir='ltr'><em>ἴση</em></span> <span class='ocrx_word' id='word_1_38' title='bbox 885 600 981 667; x_wconf 79' lang='grc' dir='ltr'><em>ἐστίν</em></span> <span class='ocrx_word' id='word_1_39' title='bbox 1001 600 1104 686; x_wconf 82' lang='grc' dir='ltr'><em>ἡΑΕ</em></span> 
     </span>
     <span class='ocr_line' id='line_1_6' title="bbox 48 703 1100 795; baseline -0.003 -21"><span class='ocrx_word' id='word_1_40' title='bbox 48 711 123 795; x_wconf 81' lang='grc' dir='ltr'><em>στή</em></span> <span class='ocrx_word' id='word_1_41' title='bbox 143 714 217 792; x_wconf 88' lang='grc' dir='ltr'><em>ΒΖ,</em></span> <span class='ocrx_word' id='word_1_42' title='bbox 240 716 295 793; x_wconf 91' lang='grc' dir='ltr'><em>ἴση</em></span> <span class='ocrx_word' id='word_1_43' title='bbox 320 706 357 774; x_wconf 73' lang='grc' dir='ltr'><em>δὲ</em></span> <span class='ocrx_word' id='word_1_44' title='bbox 380 704 396 773; x_wconf 73' lang='grc' dir='ltr'><em>ά</em></span> <span class='ocrx_word' id='word_1_45' title='bbox 419 714 489 774; x_wconf 82' lang='grc' dir='ltr'><em>ΑΕ</em></span> <span class='ocrx_word' id='word_1_46' title='bbox 508 709 549 793; x_wconf 81' lang='grc' dir='ltr'><em>τῇ</em></span> <span class='ocrx_word' id='word_1_47' title='bbox 567 712 654 790; x_wconf 89' lang='grc' dir='ltr'><em>ΑΜ,</em></span> <span class='ocrx_word' id='word_1_48' title='bbox 678 705 733 772; x_wconf 84' lang='grc' dir='ltr'><em>καὶ</em></span> <span class='ocrx_word' id='word_1_49' title='bbox 755 703 771 771; x_wconf 78' lang='grc' dir='ltr'><em>ί</em></span> <span class='ocrx_word' id='word_1_50' title='bbox 790 712 872 772; x_wconf 93' lang='lat' dir='ltr'><em>AM</em></span> <span class='ocrx_word' id='word_1_51' title='bbox 889 703 959 792; x_wconf 87' lang='grc' dir='ltr'><em>άρα</em></span> <span class='ocrx_word' id='word_1_52' title='bbox 984 711 1029 794; x_wconf 71' lang='grc' dir='ltr'><em>τῇ</em></span> <span class='ocrx_word' id='word_1_53' title='bbox 1044 712 1100 772; x_wconf 89' lang='grc' dir='ltr'><em>ΒΖ</em></span> 
     </span>
     <span class='ocr_line' id='line_1_7' title="bbox 84 809 1099 899; baseline -0.003 -19"><span class='ocrx_word' id='word_1_54' title='bbox 84 822 138 899; x_wconf 87' lang='grc' dir='ltr'><em>ἴση</em></span> <span class='ocrx_word' id='word_1_55' title='bbox 163 816 263 881; x_wconf 77' lang='grc' dir='ltr'><em>ἐστίν.</em></span> <span class='ocrx_word' id='word_1_56' title='bbox 308 810 381 880; x_wconf 80' lang='grc' dir='ltr'><em>ἀλλ’</em></span> <span class='ocrx_word' id='word_1_57' title='bbox 407 810 428 898; x_wconf 90' lang='grc' dir='ltr'><em>ή</em></span> <span class='ocrx_word' id='word_1_58' title='bbox 452 819 514 879; x_wconf 89' lang='grc' dir='ltr'><em>ΒΖ</em></span> <span class='ocrx_word' id='word_1_59' title='bbox 537 816 577 898; x_wconf 82' lang='grc' dir='ltr'><em>τή</em></span> <span class='ocrx_word' id='word_1_60' title='bbox 601 819 678 879; x_wconf 89' lang='grc' dir='ltr'><em>ΒΜ</em></span> <span class='ocrx_word' id='word_1_61' title='bbox 703 820 770 896; x_wconf 90' lang='grc' dir='ltr'><em>ἴση·</em></span> <span class='ocrx_word' id='word_1_62' title='bbox 808 810 864 878; x_wconf 85' lang='grc' dir='ltr'><em>καὶ</em></span> <span class='ocrx_word' id='word_1_63' title='bbox 886 809 909 896; x_wconf 84' lang='grc' dir='ltr'><em>ή</em></span> <span class='ocrx_word' id='word_1_64' title='bbox 934 819 1019 880; x_wconf 91' lang='grc' dir='ltr'><em>ΑΜ</em></span> <span class='ocrx_word' id='word_1_65' title='bbox 1040 811 1099 898; x_wconf 86' lang='grc' dir='ltr'><em>άρα</em></span> 
     </span>
     <span class='ocr_line' id='line_1_8' title="bbox 82 916 1097 1007; baseline -0.003 -19"><span class='ocrx_word' id='word_1_66' title='bbox 82 923 124 1007; x_wconf 75' lang='grc' dir='ltr'><em>τῇ</em></span> <span class='ocrx_word' id='word_1_67' title='bbox 147 927 219 987; x_wconf 90' lang='grc' dir='ltr'><em>ΜΒ</em></span> <span class='ocrx_word' id='word_1_68' title='bbox 243 929 307 1006; x_wconf 88' lang='grc' dir='ltr'><em>ἴση.</em></span> <span class='ocrx_word' id='word_1_69' title='bbox 354 917 522 997; x_wconf 71' lang='grc' dir='ltr'><em>ἰσοσκελὲς</em></span> <span class='ocrx_word' id='word_1_70' title='bbox 543 916 609 1004; x_wconf 82' lang='grc' dir='ltr'><em>άρα</em></span> <span class='ocrx_word' id='word_1_71' title='bbox 633 917 701 985; x_wconf 79' lang='grc' dir='ltr'><em>ἐστὶ</em></span> <span class='ocrx_word' id='word_1_72' title='bbox 724 917 761 985; x_wconf 87' lang='grc' dir='ltr'><em>τὸ</em></span> <span class='ocrx_word' id='word_1_73' title='bbox 786 923 896 984; x_wconf 88' lang='grc' dir='ltr'><em>ΜΑΒ</em></span> <span class='ocrx_word' id='word_1_74' title='bbox 920 922 1097 1002; x_wconf 90' lang='grc' dir='ltr'><em>τρίγωνον,</em></span> 
     </span>
     <span class='ocr_line' id='line_1_9' title="bbox 83 1021 989 1111; baseline -0.001 -19"><span class='ocrx_word' id='word_1_75' title='bbox 83 1025 139 1092; x_wconf 82' lang='grc' dir='ltr'><em>καὶ</em></span> <span class='ocrx_word' id='word_1_76' title='bbox 162 1028 304 1110; x_wconf 81' lang='grc' dir='ltr'><em>συνέστη</em></span> <span class='ocrx_word' id='word_1_77' title='bbox 329 1026 382 1092; x_wconf 81' lang='grc' dir='ltr'><em>ἐπὶ</em></span> <span class='ocrx_word' id='word_1_78' title='bbox 404 1035 464 1110; x_wconf 79' lang='grc' dir='ltr'><em>τῆς</em></span> <span class='ocrx_word' id='word_1_79' title='bbox 487 1028 647 1111; x_wconf 75' lang='grc' dir='ltr'><em>δοθείσης</em></span> <span class='ocrx_word' id='word_1_80' title='bbox 668 1021 805 1102; x_wconf 77' lang='grc' dir='ltr'><em>εὐθείας</em></span> <span class='ocrx_word' id='word_1_81' title='bbox 826 1026 884 1110; x_wconf 88' lang='grc' dir='ltr'><em>τής</em></span> <span class='ocrx_word' id='word_1_82' title='bbox 909 1031 989 1092; x_wconf 92' lang='lat' dir='ltr'><em>AB.</em></span> 
     </span>
     <span class='ocr_line' id='line_1_10' title="bbox 152 1127 1096 1216; baseline -0.002 -18"><span class='ocrx_word' id='word_1_83' title='bbox 152 1135 181 1198; x_wconf 74' lang='lat'><em>7.</em></span> <span class='ocrx_word' id='word_1_84' title='bbox 222 1129 316 1210; x_wconf 65' lang='grc' dir='ltr'><em>Τινὲς</em></span> <span class='ocrx_word' id='word_1_85' title='bbox 339 1129 396 1198; x_wconf 83' lang='grc' dir='ltr'><em>διὰ</em></span> <span class='ocrx_word' id='word_1_86' title='bbox 423 1130 462 1199; x_wconf 86' lang='grc' dir='ltr'><em>τὸ</em></span> <span class='ocrx_word' id='word_1_87' title='bbox 490 1129 550 1198; x_wconf 90' lang='grc' dir='ltr'><em>τὸν</em></span> <span class='ocrx_word' id='word_1_88' title='bbox 574 1127 763 1216; x_wconf 79' lang='grc' dir='ltr'><em>Εὐκλείδην</em></span> <span class='ocrx_word' id='word_1_89' title='bbox 791 1127 860 1216; x_wconf 86' lang='grc' dir='ltr'><em>μετ’</em></span> <span class='ocrx_word' id='word_1_90' title='bbox 888 1130 1012 1215; x_wconf 88' lang='grc' dir='ltr'><em>ὀλίγον</em></span> <span class='ocrx_word' id='word_1_91' title='bbox 1035 1133 1096 1197; x_wconf 79' lang='grc' dir='ltr'><em>ίσο</em></span> 
     </span>
     <span class='ocr_line' id='line_1_11' title="bbox 31 1233 1097 1325; baseline -0.004 -19"><span class='ocrx_word' id='word_1_92' title='bbox 31 1257 65 1306; x_wconf 84' lang='grc'><em>10</em></span> <span class='ocrx_word' id='word_1_93' title='bbox 84 1240 224 1316; x_wconf 83' lang='grc' dir='ltr'><em>σκελοῠς</em></span> <span class='ocrx_word' id='word_1_94' title='bbox 259 1241 452 1323; x_wconf 76' lang='grc' dir='ltr'><em>μεμυῆσθαι</em></span> <span class='ocrx_word' id='word_1_95' title='bbox 484 1234 653 1325; x_wconf 75' lang='grc' dir='ltr'><em>τριγώνου</em></span> <span class='ocrx_word' id='word_1_96' title='bbox 693 1234 737 1316; x_wconf 81' lang='grc' dir='ltr'><em>ὡς</em></span> <span class='ocrx_word' id='word_1_97' title='bbox 770 1236 887 1304; x_wconf 81' lang='grc' dir='ltr'><em>ἐνδέον</em></span> <span class='ocrx_word' id='word_1_98' title='bbox 919 1240 962 1323; x_wconf 79' lang='grc' dir='ltr'><em>τῇ</em></span> <span class='ocrx_word' id='word_1_99' title='bbox 999 1233 1097 1304; x_wconf 81' lang='grc' dir='ltr'><em>αὐτοῦ</em></span> 
     </span>
     <span class='ocr_line' id='line_1_12' title="bbox 83 1345 1096 1432; baseline -0.004 -22"><span class='ocrx_word' id='word_1_100' title='bbox 83 1348 290 1432; x_wconf 79' lang='grc' dir='ltr'><em>πραγματείᾳ</em></span> <span class='ocrx_word' id='word_1_101' title='bbox 317 1347 386 1412; x_wconf 87' lang='grc' dir='ltr'><em>τών</em></span> <span class='ocrx_word' id='word_1_102' title='bbox 412 1347 471 1430; x_wconf 76' lang='grc' dir='ltr'><em>τῆς</em></span> <span class='ocrx_word' id='word_1_103' title='bbox 492 1347 693 1430; x_wconf 75' lang='grc' dir='ltr'><em>γεωμετρίας</em></span> <span class='ocrx_word' id='word_1_104' title='bbox 716 1347 890 1429; x_wconf 83' lang='grc' dir='ltr'><em>στοιχείων</em></span> <span class='ocrx_word' id='word_1_105' title='bbox 915 1345 1096 1411; x_wconf 74' lang='grc' dir='ltr'><em>συνεστῶσι</em></span> 
     </span>
    </p>
   </div>
   <div class='ocr_carea' id='block_1_3' title="bbox 33 1447 1100 1858">
    <p class='ocr_par' dir='ltr' id='par_1_3' title="bbox 33 1447 1100 1858">
     <span class='ocr_line' id='line_1_13' title="bbox 84 1447 1097 1535; baseline -0.002 -19"><span class='ocrx_word' id='word_1_106' title='bbox 84 1448 253 1528; x_wconf 74' lang='grc' dir='ltr'><em>ίσοσκελὲς</em></span> <span class='ocrx_word' id='word_1_107' title='bbox 279 1449 359 1535; x_wconf 83' lang='grc' dir='ltr'><em>μετὰ</em></span> <span class='ocrx_word' id='word_1_108' title='bbox 385 1447 422 1517; x_wconf 86' lang='grc' dir='ltr'><em>τὸ</em></span> <span class='ocrx_word' id='word_1_109' title='bbox 452 1448 654 1535; x_wconf 90' lang='grc' dir='ltr'><em>ἴσόπλευρον</em></span> <span class='ocrx_word' id='word_1_110' title='bbox 681 1447 825 1535; x_wconf 89' lang='grc' dir='ltr'><em>μηδενὸς</em></span> <span class='ocrx_word' id='word_1_111' title='bbox 853 1449 974 1532; x_wconf 78' lang='grc' dir='ltr'><em>ἑτέρον</em></span> <span class='ocrx_word' id='word_1_112' title='bbox 1000 1466 1097 1533; x_wconf 90' lang='grc' dir='ltr'><em>προσ-</em></span> 
     </span>
     <span class='ocr_line' id='line_1_14' title="bbox 84 1551 1097 1642; baseline -0.004 -20"><span class='ocrx_word' id='word_1_113' title='bbox 84 1557 262 1641; x_wconf 78' lang='grc' dir='ltr'><em>δεηθέντες</em></span> <span class='ocrx_word' id='word_1_114' title='bbox 284 1555 502 1642; x_wconf 80' lang='grc' dir='ltr'><em>θεωρήματος</em></span> <span class='ocrx_word' id='word_1_115' title='bbox 524 1551 545 1642; x_wconf 85' lang='grc' dir='ltr'><em>ή</em></span> <span class='ocrx_word' id='word_1_116' title='bbox 565 1554 808 1641; x_wconf 80' lang='grc' dir='ltr'><em>προβλήματος,</em></span> <span class='ocrx_word' id='word_1_117' title='bbox 831 1551 907 1622; x_wconf 82' lang='grc' dir='ltr'><em>ἀλλ’</em></span> <span class='ocrx_word' id='word_1_118' title='bbox 928 1556 963 1622; x_wconf 79' lang='grc' dir='ltr'><em>ἐκ</em></span> <span class='ocrx_word' id='word_1_119' title='bbox 980 1552 1097 1638; x_wconf 83' lang='grc' dir='ltr'><em>μόνων</em></span> 
     </span>
     <span class='ocr_line' id='line_1_15' title="bbox 83 1657 1098 1748; baseline -0.003 -20"><span class='ocrx_word' id='word_1_120' title='bbox 83 1664 150 1728; x_wconf 84' lang='grc' dir='ltr'><em>τών</em></span> <span class='ocrx_word' id='word_1_121' title='bbox 174 1659 298 1748; x_wconf 85' lang='grc' dir='ltr'><em>άρχών.</em></span> <span class='ocrx_word' id='word_1_122' title='bbox 339 1666 438 1730; x_wconf 83' lang='grc' dir='ltr'><em>τοῦτο</em></span> <span class='ocrx_word' id='word_1_123' title='bbox 468 1661 505 1730; x_wconf 72' lang='grc' dir='ltr'><em>δὲ</em></span> <span class='ocrx_word' id='word_1_124' title='bbox 532 1664 684 1746; x_wconf 82' lang='grc' dir='ltr'><em>περιττῆς</em></span> <span class='ocrx_word' id='word_1_125' title='bbox 707 1662 798 1728; x_wconf 80' lang='grc' dir='ltr'><em>ἐστιν</em></span> <span class='ocrx_word' id='word_1_126' title='bbox 820 1657 980 1746; x_wconf 74' lang='grc' dir='ltr'><em>ἄντικρὺς</em></span> <span class='ocrx_word' id='word_1_127' title='bbox 1002 1666 1098 1746; x_wconf 85' lang='grc' dir='ltr'><em>φιλο-</em></span> 
     </span>
     <span class='ocr_line' id='line_1_16' title="bbox 33 1765 1100 1858; baseline -0.003 -21"><span class='ocrx_word' id='word_1_128' title='bbox 33 1789 65 1837; x_wconf 74' lang='grc' dir='ltr'><em>ισ</em></span> <span class='ocrx_word' id='word_1_129' title='bbox 84 1772 205 1852; x_wconf 89' lang='grc' dir='ltr'><em>τιμίας·</em></span> <span class='ocrx_word' id='word_1_130' title='bbox 244 1766 322 1835; x_wconf 80' lang='grc' dir='ltr'><em>οὐτε</em></span> <span class='ocrx_word' id='word_1_131' title='bbox 352 1766 417 1856; x_wconf 82' lang='grc' dir='ltr'><em>γάρ</em></span> <span class='ocrx_word' id='word_1_132' title='bbox 447 1770 538 1836; x_wconf 77' lang='grc' dir='ltr'><em>ἐνδεῖ</em></span> <span class='ocrx_word' id='word_1_133' title='bbox 563 1771 599 1835; x_wconf 80' lang='grc' dir='ltr'><em>ἐν</em></span> <span class='ocrx_word' id='word_1_134' title='bbox 626 1771 671 1858; x_wconf 80' lang='grc' dir='ltr'><em>τῷ</em></span> <span class='ocrx_word' id='word_1_135' title='bbox 699 1765 789 1856; x_wconf 77' lang='grc' dir='ltr'><em>τόπῳ</em></span> <span class='ocrx_word' id='word_1_136' title='bbox 817 1770 857 1854; x_wconf 77' lang='grc' dir='ltr'><em>τῇ</em></span> <span class='ocrx_word' id='word_1_137' title='bbox 880 1772 1100 1855; x_wconf 80' lang='grc' dir='ltr'><em>πραγματείᾳ,</em></span> 
     </span>
    </p>
   </div>
   <div class='ocr_carea' id='block_1_4' title="bbox 31 1869 1129 3340">
    <p class='ocr_par' dir='ltr' id='par_1_4' title="bbox 31 1869 1129 3340">
     <span class='ocr_line' id='line_1_17' title="bbox 84 1869 1102 1961; baseline -0.002 -20"><span class='ocrx_word' id='word_1_138' title='bbox 84 1871 162 1941; x_wconf 85' lang='grc' dir='ltr'><em>οὐτε</em></span> <span class='ocrx_word' id='word_1_139' title='bbox 185 1871 203 1940; x_wconf 88' lang='grc' dir='ltr'><strong>ὁ</strong></span> <span class='ocrx_word' id='word_1_140' title='bbox 224 1870 409 1959; x_wconf 82' lang='grc' dir='ltr'><em>Εὐκλείδης</em></span> <span class='ocrx_word' id='word_1_141' title='bbox 431 1875 538 1960; x_wconf 86' lang='grc' dir='ltr'><em>πάντη</em></span> <span class='ocrx_word' id='word_1_142' title='bbox 562 1877 689 1961; x_wconf 89' lang='grc' dir='ltr'><em>παρήκε</em></span> <span class='ocrx_word' id='word_1_143' title='bbox 710 1869 859 1957; x_wconf 74' lang='grc' dir='ltr'><em>τὴντῶν</em></span> <span class='ocrx_word' id='word_1_144' title='bbox 878 1871 997 1942; x_wconf 80' lang='grc' dir='ltr'><em>ἄλλων</em></span> <span class='ocrx_word' id='word_1_145' title='bbox 1013 1870 1102 1959; x_wconf 80' lang='grc' dir='ltr'><em>παρὰ</em></span> 
     </span>
     <span class='ocr_line' id='line_1_18' title="bbox 84 1978 1102 2067; baseline -0.001 -21"><span class='ocrx_word' id='word_1_146' title='bbox 84 1979 121 2046; x_wconf 92' lang='grc' dir='ltr'><em>τὸ</em></span> <span class='ocrx_word' id='word_1_147' title='bbox 146 1978 349 2065; x_wconf 88' lang='grc' dir='ltr'><em>ίσάπλευρον</em></span> <span class='ocrx_word' id='word_1_148' title='bbox 372 1979 547 2064; x_wconf 76' lang='grc' dir='ltr'><em>τριγώνων</em></span> <span class='ocrx_word' id='word_1_149' title='bbox 565 1978 785 2065; x_wconf 87' lang='grc' dir='ltr'><em>κατασκευήν·</em></span> <span class='ocrx_word' id='word_1_150' title='bbox 809 1978 889 2067; x_wconf 88' lang='grc' dir='ltr'><em>μετδι</em></span> <span class='ocrx_word' id='word_1_151' title='bbox 907 1983 1019 2046; x_wconf 83' lang='grc' dir='ltr'><em>ταῦτα</em></span> <span class='ocrx_word' id='word_1_152' title='bbox 1039 1979 1102 2065; x_wconf 83' lang='grc' dir='ltr'><em>γάρ</em></span> 
     </span>
     <span class='ocr_line' id='line_1_19' title="bbox 84 2081 1106 2171; baseline 0 -19"><span class='ocrx_word' id='word_1_153' title='bbox 84 2086 151 2152; x_wconf 83' lang='grc' dir='ltr'><em>πάν</em></span> <span class='ocrx_word' id='word_1_154' title='bbox 175 2083 266 2164; x_wconf 81' lang='grc' dir='ltr'><em>εἶδος</em></span> <span class='ocrx_word' id='word_1_155' title='bbox 293 2090 468 2171; x_wconf 90' lang='grc' dir='ltr'><em>συνίστησι</em></span> <span class='ocrx_word' id='word_1_156' title='bbox 490 2084 659 2171; x_wconf 76' lang='grc' dir='ltr'><em>τριγώνου</em></span> <span class='ocrx_word' id='word_1_157' title='bbox 686 2088 722 2153; x_wconf 81' lang='grc' dir='ltr'><em>ἐκ</em></span> <span class='ocrx_word' id='word_1_158' title='bbox 744 2089 847 2171; x_wconf 86' lang='grc' dir='ltr'><em>τριών</em></span> <span class='ocrx_word' id='word_1_159' title='bbox 871 2081 1043 2171; x_wconf 78' lang='grc' dir='ltr'><em>εὐθειῶν,</em></span> <span class='ocrx_word' id='word_1_160' title='bbox 1072 2087 1106 2153; x_wconf 82' lang='grc' dir='ltr'><em>οἵ</em></span> 
     </span>
     <span class='ocr_line' id='line_1_20' title="bbox 85 2189 1105 2277; baseline 0.002 -19"><span class='ocrx_word' id='word_1_161' title='bbox 85 2195 171 2258; x_wconf 87' lang='grc' dir='ltr'><em>είσιν</em></span> <span class='ocrx_word' id='word_1_162' title='bbox 205 2199 273 2258; x_wconf 91' lang='grc' dir='ltr'><em>ἴσαι</em></span> <span class='ocrx_word' id='word_1_163' title='bbox 301 2204 374 2270; x_wconf 87' lang='grc' dir='ltr'><em>ταῖς</em></span> <span class='ocrx_word' id='word_1_164' title='bbox 402 2194 590 2275; x_wconf 87' lang='grc' dir='ltr'><em>δοθείσαις,</em></span> <span class='ocrx_word' id='word_1_165' title='bbox 622 2192 678 2258; x_wconf 85' lang='grc' dir='ltr'><em>καὶ</em></span> <span class='ocrx_word' id='word_1_166' title='bbox 712 2189 795 2258; x_wconf 79' lang='grc' dir='ltr'><em>οὐδέ</em></span> <span class='ocrx_word' id='word_1_167' title='bbox 820 2216 858 2277; x_wconf 91' lang='grc' dir='ltr'><em>γε</em></span> <span class='ocrx_word' id='word_1_168' title='bbox 886 2191 1061 2277; x_wconf 80' lang='grc' dir='ltr'><em>λαμβάνει</em></span> <span class='ocrx_word' id='word_1_169' title='bbox 1089 2189 1105 2259; x_wconf 85' lang='grc' dir='ltr'><strong>ὁ</strong></span> 
     </span>
     <span class='ocr_line' id='line_1_21' title="bbox 31 2294 1106 2387; baseline 0.002 -21"><span class='ocrx_word' id='word_1_170' title='bbox 31 2319 65 2368; x_wconf 77' lang='lat'><em>20</em></span> <span class='ocrx_word' id='word_1_171' title='bbox 85 2294 271 2382; x_wconf 83' lang='grc' dir='ltr'><em>Εὐκλείδης</em></span> <span class='ocrx_word' id='word_1_172' title='bbox 292 2297 330 2365; x_wconf 89' lang='grc' dir='ltr'><em>τὸ</em></span> <span class='ocrx_word' id='word_1_173' title='bbox 351 2296 518 2376; x_wconf 76' lang='grc' dir='ltr'><em>ἰσοσκελὲς</em></span> <span class='ocrx_word' id='word_1_174' title='bbox 536 2297 592 2363; x_wconf 86' lang='grc' dir='ltr'><em>καῖ</em></span> <span class='ocrx_word' id='word_1_175' title='bbox 610 2300 710 2365; x_wconf 81' lang='grc' dir='ltr'><em>τοῦτο</em></span> <span class='ocrx_word' id='word_1_176' title='bbox 729 2296 773 2383; x_wconf 85' lang='grc' dir='ltr'><em>μὴ</em></span> <span class='ocrx_word' id='word_1_177' title='bbox 793 2295 1002 2383; x_wconf 83' lang='grc' dir='ltr'><em>ἰσόπλευρον</em></span> <span class='ocrx_word' id='word_1_178' title='bbox 1022 2298 1106 2387; x_wconf 86' lang='grc' dir='ltr'><em>πρὸς</em></span> 
     </span>
     <span class='ocr_line' id='line_1_22' title="bbox 84 2400 1108 2493; baseline 0.007 -26"><span class='ocrx_word' id='word_1_179' title='bbox 84 2400 291 2486; x_wconf 84' lang='grc' dir='ltr'><em>κατασκευήν</em></span> <span class='ocrx_word' id='word_1_180' title='bbox 313 2402 369 2468; x_wconf 86' lang='grc' dir='ltr'><em>καὶ</em></span> <span class='ocrx_word' id='word_1_181' title='bbox 391 2400 555 2469; x_wconf 83' lang='grc' dir='ltr'><em>σύστασιν</em></span> <span class='ocrx_word' id='word_1_182' title='bbox 577 2402 743 2489; x_wconf 85' lang='grc' dir='ltr'><em>σχήματος</em></span> <span class='ocrx_word' id='word_1_183' title='bbox 761 2403 886 2489; x_wconf 80' lang='grc' dir='ltr'><em>ἑτέρου,</em></span> <span class='ocrx_word' id='word_1_184' title='bbox 910 2400 1108 2493; x_wconf 80' lang='grc' dir='ltr'><em>ἀλλὰπρὸς</em></span> 
     </span>
     <span class='ocr_line' id='line_1_23' title="bbox 85 2495 1129 2595; baseline 0.008 -23"><span class='ocrx_word' id='word_1_185' title='bbox 85 2508 189 2587; x_wconf 80' lang='grc' dir='ltr'><em>δεῖξιν</em></span> <span class='ocrx_word' id='word_1_186' title='bbox 213 2509 447 2594; x_wconf 86' lang='grc' dir='ltr'><em>θεωρήματος,</em></span> <span class='ocrx_word' id='word_1_187' title='bbox 473 2510 579 2594; x_wconf 85' lang='grc' dir='ltr'><em>λέγων</em></span> <span class='ocrx_word' id='word_1_188' title='bbox 603 2508 683 2576; x_wconf 87' lang='grc' dir='ltr'><em>τάδε</em></span> <span class='ocrx_word' id='word_1_189' title='bbox 705 2509 780 2578; x_wconf 79' lang='grc' dir='ltr'><em>τινὰ</em></span> <span class='ocrx_word' id='word_1_190' title='bbox 805 2513 1011 2595; x_wconf 83' lang='grc' dir='ltr'><em>συμβαίνειν</em></span> <span class='ocrx_word' id='word_1_191' title='bbox 1037 2495 1129 2592; x_wconf 57' lang='grc' dir='ltr'><em>τοῖς1</em></span> 
     </span>
     <span class='ocr_line' id='line_1_24' title="bbox 84 2609 1108 2702; baseline 0.006 -22"><span class='ocrx_word' id='word_1_192' title='bbox 84 2614 282 2698; x_wconf 82' lang='grc' dir='ltr'><em>ίσοσκελέσι,</em></span> <span class='ocrx_word' id='word_1_193' title='bbox 304 2609 368 2681; x_wconf 86' lang='grc' dir='ltr'><em>κάν</em></span> <span class='ocrx_word' id='word_1_194' title='bbox 387 2612 569 2701; x_wconf 89' lang='grc' dir='ltr'><em>ἴσόπλευρα</em></span> <span class='ocrx_word' id='word_1_195' title='bbox 589 2615 747 2700; x_wconf 87' lang='grc' dir='ltr'><em>δηλονότι</em></span> <span class='ocrx_word' id='word_1_196' title='bbox 766 2623 815 2701; x_wconf 88' lang='grc' dir='ltr'><em>εἴη</em></span> <span class='ocrx_word' id='word_1_197' title='bbox 833 2609 898 2681; x_wconf 86' lang='grc' dir='ltr'><em>κάν</em></span> <span class='ocrx_word' id='word_1_198' title='bbox 913 2616 973 2700; x_wconf 89' lang='grc' dir='ltr'><em>μή,</em></span> <span class='ocrx_word' id='word_1_199' title='bbox 993 2617 1108 2702; x_wconf 91' lang='grc' dir='ltr'><em>μόνον</em></span> 
     </span>
     <span class='ocr_line' id='line_1_25' title="bbox 84 2711 1111 2807; baseline 0.006 -21"><span class='ocrx_word' id='word_1_200' title='bbox 84 2714 128 2786; x_wconf 85' lang='grc' dir='ltr'><em>άν</em></span> <span class='ocrx_word' id='word_1_201' title='bbox 152 2711 236 2786; x_wconf 85' lang='grc' dir='ltr'><em>ώσιν</em></span> <span class='ocrx_word' id='word_1_202' title='bbox 261 2723 425 2805; x_wconf 87' lang='grc' dir='ltr'><em>ἴσοσκελή,</em></span> <span class='ocrx_word' id='word_1_203' title='bbox 450 2717 559 2807; x_wconf 77' lang='grc' dir='ltr'><em>ὥσπερ</em></span> <span class='ocrx_word' id='word_1_204' title='bbox 583 2722 672 2805; x_wconf 82' lang='grc' dir='ltr'><em>λέγει</em></span> <span class='ocrx_word' id='word_1_205' title='bbox 693 2726 762 2788; x_wconf 91' lang='grc' dir='ltr'><em>καί·</em></span> <span class='ocrx_word' id='word_1_206' title='bbox 791 2721 851 2788; x_wconf 83' lang='grc' dir='ltr'><em>ἐὰν</em></span> <span class='ocrx_word' id='word_1_207' title='bbox 868 2719 1050 2806; x_wconf 90' lang='grc' dir='ltr'><em>τριγώνου</em></span> <span class='ocrx_word' id='word_1_208' title='bbox 1075 2728 1111 2792; x_wconf 92' lang='grc' dir='ltr'><em>αί</em></span> 
     </span>
     <span class='ocr_line' id='line_1_26' title="bbox 31 2817 1107 2916; baseline 0.006 -23"><span class='ocrx_word' id='word_1_209' title='bbox 31 2851 65 2901; x_wconf 77' lang='lat'><em>25</em></span> <span class='ocrx_word' id='word_1_210' title='bbox 85 2825 148 2893; x_wconf 86' lang='grc' dir='ltr'><em>δύο</em></span> <span class='ocrx_word' id='word_1_211' title='bbox 172 2832 294 2913; x_wconf 91' lang='grc' dir='ltr'><em>γωνίαι</em></span> <span class='ocrx_word' id='word_1_212' title='bbox 318 2834 387 2894; x_wconf 91' lang='grc' dir='ltr'><em>ἴσαι</em></span> <span class='ocrx_word' id='word_1_213' title='bbox 410 2824 568 2912; x_wconf 84' lang='grc' dir='ltr'><em>ἀλλήλαις</em></span> <span class='ocrx_word' id='word_1_214' title='bbox 591 2817 669 2910; x_wconf 86' lang='grc' dir='ltr'><em>ώσι,</em></span> <span class='ocrx_word' id='word_1_215' title='bbox 695 2831 803 2894; x_wconf 91' lang='grc' dir='ltr'><em>καίτοι</em></span> <span class='ocrx_word' id='word_1_216' title='bbox 826 2824 922 2913; x_wconf 88' lang='grc' dir='ltr'><em>μήπω</em></span> <span class='ocrx_word' id='word_1_217' title='bbox 950 2830 1107 2916; x_wconf 84' lang='grc' dir='ltr'><em>διδάξας,</em></span> 
     </span>
     <span class='ocr_line' id='line_1_27' title="bbox 84 2919 1107 3019; baseline 0.005 -20"><span class='ocrx_word' id='word_1_218' title='bbox 84 2937 155 3012; x_wconf 83' lang='grc' dir='ltr'><em>πώς</em></span> <span class='ocrx_word' id='word_1_219' title='bbox 181 2932 349 3019; x_wconf 91' lang='grc' dir='ltr'><em>τριγώνου</em></span> <span class='ocrx_word' id='word_1_220' title='bbox 376 2919 415 2999; x_wconf 87' lang='grc' dir='ltr'><em>αἴ</em></span> <span class='ocrx_word' id='word_1_221' title='bbox 439 2932 502 3000; x_wconf 87' lang='grc' dir='ltr'><em>δύο</em></span> <span class='ocrx_word' id='word_1_222' title='bbox 531 2938 652 3018; x_wconf 89' lang='grc' dir='ltr'><em>γωνίαι</em></span> <span class='ocrx_word' id='word_1_223' title='bbox 681 2940 750 2999; x_wconf 89' lang='grc' dir='ltr'><em>ἴσαι</em></span> <span class='ocrx_word' id='word_1_224' title='bbox 778 2929 939 3017; x_wconf 80' lang='grc' dir='ltr'><em>ἀλλήλαις</em></span> <span class='ocrx_word' id='word_1_225' title='bbox 965 2939 1107 3006; x_wconf 82' lang='grc' dir='ltr'><em>ἔσονται</em></span> 
     </span>
     <span class='ocr_line' id='line_1_28' title="bbox 84 3036 1105 3130; baseline 0.009 -27"><span class='ocrx_word' id='word_1_226' title='bbox 84 3041 143 3124; x_wconf 80' lang='grc' dir='ltr'><em>τῆς</em></span> <span class='ocrx_word' id='word_1_227' title='bbox 165 3037 277 3125; x_wconf 66' lang='grc' dir='ltr'><em>ἑτέρας</em></span> <span class='ocrx_word' id='word_1_228' title='bbox 305 3038 349 3125; x_wconf 84' lang='grc' dir='ltr'><em>μή</em></span> <span class='ocrx_word' id='word_1_229' title='bbox 380 3036 482 3123; x_wconf 81' lang='grc' dir='ltr'><em>οὐσης</em></span> <span class='ocrx_word' id='word_1_230' title='bbox 509 3041 644 3118; x_wconf 87' lang='grc' dir='ltr'><em>ταύταις</em></span> <span class='ocrx_word' id='word_1_231' title='bbox 667 3045 749 3124; x_wconf 88' lang='grc' dir='ltr'><em>ἴσης.</em></span> <span class='ocrx_word' id='word_1_232' title='bbox 795 3039 848 3106; x_wconf 81' lang='grc' dir='ltr'><em>ἐπὶ</em></span> <span class='ocrx_word' id='word_1_233' title='bbox 870 3037 1015 3110; x_wconf 88' lang='grc' dir='ltr'><em>πάντων</em></span> <span class='ocrx_word' id='word_1_234' title='bbox 1041 3044 1105 3130; x_wconf 87' lang='grc' dir='ltr'><em>γάρ</em></span> 
     </span>
     <span class='ocr_line' id='line_1_29' title="bbox 83 3134 1106 3232; baseline 0.011 -23"><span class='ocrx_word' id='word_1_235' title='bbox 83 3153 151 3210; x_wconf 82' lang='grc' dir='ltr'><em>τῶν</em></span> <span class='ocrx_word' id='word_1_236' title='bbox 173 3142 404 3232; x_wconf 79' lang='grc' dir='ltr'><em>θεωρημάτων</em></span> <span class='ocrx_word' id='word_1_237' title='bbox 426 3142 464 3211; x_wconf 85' lang='grc' dir='ltr'><em>τὸ</em></span> <span class='ocrx_word' id='word_1_238' title='bbox 485 3139 544 3211; x_wconf 84' lang='grc' dir='ltr'><em>ἐάν</em></span> <span class='ocrx_word' id='word_1_239' title='bbox 564 3134 626 3211; x_wconf 85' lang='grc' dir='ltr'><em>ώσι</em></span> <span class='ocrx_word' id='word_1_240' title='bbox 644 3145 785 3231; x_wconf 80' lang='grc' dir='ltr'><em>λέγομεν</em></span> <span class='ocrx_word' id='word_1_241' title='bbox 807 3145 886 3212; x_wconf 88' lang='grc' dir='ltr'><em>τάδε</em></span> <span class='ocrx_word' id='word_1_242' title='bbox 907 3148 998 3231; x_wconf 90' lang='grc' dir='ltr'><em>τινά,</em></span> <span class='ocrx_word' id='word_1_243' title='bbox 1024 3152 1106 3219; x_wconf 83' lang='grc' dir='ltr'><em>τάδε</em></span> 
     </span>
     <span class='ocr_line' id='line_1_30' title="bbox 83 3248 1105 3340; baseline 0.006 -21"><span class='ocrx_word' id='word_1_244' title='bbox 83 3254 295 3339; x_wconf 90' lang='grc' dir='ltr'><em>συμβαίνειν·</em></span> <span class='ocrx_word' id='word_1_245' title='bbox 322 3251 358 3316; x_wconf 82' lang='grc' dir='ltr'><em>ἐν</em></span> <span class='ocrx_word' id='word_1_246' title='bbox 382 3248 500 3336; x_wconf 90' lang='grc' dir='ltr'><em>μόνοις</em></span> <span class='ocrx_word' id='word_1_247' title='bbox 521 3248 587 3336; x_wconf 85' lang='grc' dir='ltr'><em>γάρ</em></span> <span class='ocrx_word' id='word_1_248' title='bbox 610 3263 680 3330; x_wconf 83' lang='grc' dir='ltr'><em>τοῖς</em></span> <span class='ocrx_word' id='word_1_249' title='bbox 701 3250 914 3340; x_wconf 88' lang='grc' dir='ltr'><em>προβλήμασι</em></span> <span class='ocrx_word' id='word_1_250' title='bbox 939 3256 996 3320; x_wconf 82' lang='grc' dir='ltr'><em>δεῖ</em></span> <span class='ocrx_word' id='word_1_251' title='bbox 1014 3255 1105 3325; x_wconf 85' lang='grc' dir='ltr'><em>εἴναι</em></span> 
     </span>
    </p>
   </div>
   <div class='ocr_carea' id='block_1_5' title="bbox 76 3375 302 3386">
    <p class='ocr_par' dir='ltr' id='par_1_5' title="bbox 76 3375 302 3386">
     <span class='ocr_line' id='line_1_31' title="bbox 76 3375 302 3386; baseline -0.004 -1"><span class='ocrx_word' id='word_1_252' title='bbox 76 3375 302 3386; x_wconf 75' lang='lat'><em>——.---—</em></span> 
     </span>
    </p>
   </div>
   <div class='ocr_carea' id='block_1_6' title="bbox 66 3408 1105 3572">
    <p class='ocr_par' dir='ltr' id='par_1_6' title="bbox 66 3408 1105 3572">
     <span class='ocr_line' id='line_1_32' title="bbox 154 3408 1105 3481; baseline -0.014 -2"><span class='ocrx_word' id='word_1_253' title='bbox 154 3427 181 3480; x_wconf 81' lang='lat'><em>7.</em></span> <span class='ocrx_word' id='word_1_254' title='bbox 208 3418 285 3478; x_wconf 60' lang='lat' dir='ltr'><em>Muh.</em></span> <span class='ocrx_word' id='word_1_255' title='bbox 305 3414 349 3474; x_wconf 72' lang='lat' dir='ltr'>m</span> <span class='ocrx_word' id='word_1_256' title='bbox 372 3418 423 3470; x_wconf 67' lang='lat' dir='ltr'><em>M</em></span> <span class='ocrx_word' id='word_1_257' title='bbox 445 3413 476 3481; x_wconf 54' lang='grc' dir='ltr'><em>λα</em></span> <span class='ocrx_word' id='word_1_258' title='bbox 494 3428 539 3466; x_wconf 70' lang='lat' dir='ltr'><em>m.</em></span> <span class='ocrx_word' id='word_1_259' title='bbox 556 3413 574 3461; x_wconf 58' lang='grc' dir='ltr'><em>λι</em></span> <span class='ocrx_word' id='word_1_260' title='bbox 592 3408 694 3462; x_wconf 43' lang='lat' dir='ltr'><em>&amp;mh</em></span> <span class='ocrx_word' id='word_1_261' title='bbox 714 3411 833 3474; x_wconf 59' lang='lat' dir='ltr'><em>mm</em></span> <span class='ocrx_word' id='word_1_262' title='bbox 849 3426 1037 3468; x_wconf 62' lang='lat' dir='ltr'>numerorum</span> <span class='ocrx_word' id='word_1_263' title='bbox 1063 3414 1105 3470; x_wconf 77' lang='lat' dir='ltr'>di..</span> 
     </span>
     <span class='ocr_line' id='line_1_33' title="bbox 66 3499 253 3572; baseline 0.011 -18"><span class='ocrx_word' id='word_1_264' title='bbox 66 3499 253 3572; x_wconf 73' lang='lat' dir='ltr'><strong>temptum).</strong></span> 
     </span>
    </p>
   </div>
   <div class='ocr_carea' id='block_1_7' title="bbox 0 0 1180 3796">
    <p class='ocr_par' dir='ltr' id='par_1_7' title="bbox 0 0 1180 3796">
     <span class='ocr_line' id='line_1_34' title="bbox 0 0 1180 3796; baseline 0 0"><span class='ocrx_word' id='word_1_265' title='bbox 0 0 1180 3796; x_wconf 95' lang='lat' dir='ltr'><em> </em></span> 
     </span>
    </p>
   </div>
  </div>
 </body>
</html>
