2362 3796
232 176 388 245 οοῌοιιιε
405 180 444 231 m
462 178 737 232 αοειιεααοασει
755 179 895 232 mmm
908 181 940 234 V.
1027 176 1093 242 315

144 320 196 387 84
237 321 349 385 Ταῦτα
372 322 507 405 ἔχουσιν
530 315 727 404 ἀναλογίαν,
752 321 817 386 είσὶ
840 319 877 387 δὲ
895 319 949 386 καὶ
968 327 1090 388 πολλα-

72 421 202 493 πλάσια
612 503 630 512 -
656 503 675 512 -

496 519 529 584 ιι
556 524 577 599 η
605 517 627 580 ο
652 519 682 599 μ.

73 621 182 687 ταῦτα
199 615 385 704 ἀναλογίαν
404 618 465 705 μὲν
483 623 629 706 ἔχουσιν,
648 615 711 714 οὐκ
725 619 788 686 είσὶ
804 618 841 688 δὲ
859 618 1091 686 πολλαπλάσια

493 715 700 812 αλσο
1129 749 1144 799 ι

72 833 145 899 τῶν
161 855 198 898 τε
214 836 473 899 πολλαπλασίων
496 832 552 900 καὶ
574 835 643 899 τῶν
662 832 845 917 έπιμορίων
863 830 918 897 καὶ
937 833 1005 898 τῶν
1025 831 1090 897 ε’πι-

72 939 189 1024 μεροῐν
206 935 427 1025 γενικώτερον
449 934 555 1026 γάρ-ἡ
575 934 751 1022 ἀναλογία,
774 935 862 1005 διότι
885 937 1027 1024 περιέχει
1050 936 1091 1004 τά

73 1066 110 1111 τε
127 1044 358 1111 πολλαπλάσια
376 1043 432 1111 καὶ
450 1040 491 1111 τά
511 1044 665 1131 έπιμόρια
683 1043 739 1110 καὶ
757 1040 797 1110 τά
817 1044 968 1128 ἐπιμερῆ·
993 1041 1033 1111 τὰ
1054 1043 1091 1112 δὲ

75 1151 307 1217 πολλαπλάσια
331 1145 392 1235 οὐχ
415 1146 557 1235 ἥκουσιν
580 1152 628 1227 είς
651 1147 806 1234 ἐπιμόρια
829 1149 885 1216 καὶ
908 1151 1054 1237 ἐπιμερη.

142 1257 196 1324 85.
227 1255 376 1342 Σηόλιον
394 1255 474 1323 νέον
488 1259 536 1333 είς
548 1253 588 1321 τά
607 1252 687 1340 μετὰ
704 1253 743 1322 τὸ
764 1246 830 1322 &w
848 1254 1009 1342 θεώρημα
1027 1260 1089 1324 τοῦ
1110 1279 1142 1330 10

71 1362 107 1431 ε8
131 1365 298 1446 στοιχείου
321 1361 417 1448 μέχρι
438 1369 500 1430 τοῦ
523 1359 559 1428 κ’*
584 1361 742 1447 είρημένα
764 1364 810 1452 τῷ
833 1358 1009 1450 Εάκλείδη.

138 1465 329 1548 Ἀποδείξας
352 1464 371 1535 δ
395 1465 615 1554 γεωμετρικὸς
638 1467 675 1534 έν
697 1477 743 1557 τῷ
766 1466 908 1553 παρόντι
928 1467 981 1535 ιθ’
1004 1477 1089 1536 θεω-

72 1572 207 1660 ρήματι,
231 1570 293 1658 ὅτι,
317 1570 378 1641 έάν
400 1564 421 1660 ᾖ
446 1569 492 1652 ἀς
510 1570 591 1640 ὅλον
608 1570 646 1640 τὸ
665 1579 730 1641 ΑΒ
754 1572 838 1659 πρὸς
856 1569 939 1640 ὅλον
957 1572 995 1640 τὸ
1017 1579 1089 1657 ΓΔ,

71 1676 182 1759 οὕτως
204 1674 392 1766 ἀφαιρεθὲν
410 1676 448 1747 τὸ
468 1686 539 1746 ΑΕ
558 1677 642 1763 πρὸς
660 1674 847 1765 ἀφαιρεθὲν
866 1676 905 1744 τὸ
925 1683 996 1763 ΓΖ,
1020 1683 1089 1746 ἔστι

71 1785 129 1855 καὶ
151 1783 271 1854 λοιπὸν
293 1783 331 1852 τὸ
355 1791 418 1852 ΕΒ
446 1783 529 1873 πρὸς
556 1781 676 1852 λοιπὸν
704 1780 742 1851 τδ
767 1790 836 1851 ΖΔ
868 1780 914 1862 ὡς
941 1780 1022 1852 ὅλον
1050 1782 1088 1852 τὸ
1109 1806 1142 1858 15

72 1898 139 1961 AB
162 1889 246 1978 πρὸς
269 1888 350 1960 ὅλον
372 1888 410 1959 τὸ
435 1896 512 1976 ΓΔ,
541 1895 652 1958 ἔπειτα
677 1887 859 1976 λαμβάνων
882 1886 965 1956 αὐτὸ
987 1893 1087 1958 τοῦτο

71 1994 111 2069 τὸ
129 1994 334 2085 ἀποδειχθὲν
353 1993 469 2082 οὕτως,
489 1993 535 2076 ὦς
552 1994 748 2083 ἀπεδείχθη,
766 1996 821 2064 καὶ
840 1993 991 2079 ἐναλλάξ,
1014 1994 1089 2082 η’τοι

71 2101 118 2185 ὡς
139 2102 177 2174 τὸ
200 2111 267 2172 ΑΒ
295 2102 379 2191 πρὸς
402 2102 441 2171 τὸ
464 2110 545 2187 ΒΕ,
573 2100 661 2170 οὕτω
688 2103 726 2171 τὸ
751 2107 813 2169 ΓΔ
840 2097 924 2189 πρὸς
946 2099 984 2169 τὸ
1008 2108 1087 2169 ΔΖ·

72 2211 138 2280 είσὶ
160 2208 225 2298 γάρ
253 2209 309 2277 καὶ
331 2213 437 2278 ταῦτα
459 2205 658 2299 ἀνάλογον,
674 2205 719 2288 ὡς
745 2205 895 2288 ἀπέδειξε
921 2210 1021 2276 τοῦτο
1050 2211 1087 2275 έν

71 2320 118 2409 τῷ
143 2313 210 2401 ἵζω,
239 2311 305 2400 ὅτι,
333 2313 393 2382 ἐὰν
416 2307 439 2384 δ
461 2315 586 2403 μεγέθη
611 2313 780 2400 ἀνάλογον
803 2305 840 2403 ᾖ,
868 2315 923 2382 καί
947 2313 1088 2396 ἐναλλὰξ
1107 2336 1141 2387 20

73 2419 247 2505 ἀνάλογόν
269 2420 375 2488 ἐστιν·
411 2423 477 2490 είσὶ
501 2422 538 2490 δὲ
561 2422 617 2489 καὶ
640 2423 790 2489 ἐνταῦθα
815 2412 838 2486 δ
860 2421 986 2507 μεγέθη
1010 2417 1087 2488 ἀνά-

77 2532 181 2609 λογον
202 2524 242 2594 τό
264 2551 300 2594 τε
323 2534 388 2595 ΑΒ
416 2527 500 2613 πρὸς
521 2527 559 2595 τὸ
584 2533 647 2594 ΓΔ
675 2527 731 2594 καὶ
754 2533 816 2594 ΕΒ
839 2525 923 2615 πρὸς
944 2527 983 2595 τὸ
1008 2534 1087 2593 ΖΔ·

74 2628 132 2696 καὶ
149 2631 309 2718 φανερόν,
333 2633 385 2702 ὅτι
403 2635 460 2703 καὶ
478 2633 618 2716 ἐναλλάξ
633 2631 803 2719 ἀνάλογόν
817 2637 912 2701 εἰσιν.
942 2629 1088 2718 εὑρίσκει

75 2734 114 2803 δὲ
145 2735 202 2802 καὶ
233 2736 315 2806 αὐτὸ
347 2737 385 2807 τὸ
414 2739 556 2821 ἐναλλάξ
584 2743 733 2808 ἐνταῦθα
765 2744 953 2825 σνμπίπτον
987 2738 1086 2827 ἑτέρῳ

73 2840 176 2933 λόγῳ,
197 2837 238 2908 ὃν
252 2839 408 2930 ὀνομάζει
422 2843 524 2926 αὐτὸς
538 2851 737 2932 συγκείμενα
751 2845 891 2931 μεγέθη·
915 2850 1005 2927 είπερ
1021 2840 1086 2927 γάρ
1106 2866 1141 2916 25

72 2947 129 3015 καὶ
160 2944 244 3013 κατὰ
277 2948 441 3018 σύνθεσιν
472 2955 578 3019 ταῦτα
613 2948 653 3019 τά
687 2951 813 3038 μεγέθη
851 2952 1087 3034 σνγκρίνομεν,

71 3051 180 3133 οὕτως
204 3048 248 3120 ἀν
272 3061 508 3144 σνγκρίνοιμεν
531 3056 628 3143 αὐτά,
652 3054 762 3140 ὥσπερ
785 3065 852 3123 νῦν
876 3050 932 3121 διά
955 3057 1016 3120 τοί
1036 3054 1088 3120 ἐν·

71 3157 175 3241 αλλάξ
197 3158 262 3247 τὴν
285 3161 462 3247 σύγκρισιν
491 3161 602 3230 αὐτῶν
630 3172 806 3248 ποιοῦμεν·
843 3160 983 3245 λέγομεν
1010 3158 1086 3245 γάρ,
1159 3143 1169 3154 ’

71 3262 118 3345 ὡς
135 3265 174 3334 τὸ
188 3274 222 3333 Α
227 3274 255 3334 Β
279 3266 362 3352 πρὸς
380 3264 418 3335 τὸ
432 3272 508 3352 ΒΕ,
531 3264 615 3355 άπερ
634 3267 672 3334 έν
689 3265 751 3353 μὲν
769 3269 814 3357 τῷ
835 3265 977 3344 ἐναλλάξ
996 3267 1086 3332 ἐστιν

144 3516 185 3566 84.
206 3515 231 3567 Α
251 3513 360 3584 (eodem
374 3513 508 3588 pertinet,
525 3532 581 3589 quo
595 3516 780 3586 ταδὶ-λθ.
832 3517 883 3569 εἰ).
895 3511 1050 3567 &mm
1060 3527 1109 3572 m„
