<?xml version="1.0" encoding="UTF-8"?>
<!DOCTYPE html PUBLIC "-//W3C//DTD XHTML 1.0 Transitional//EN"
    "http://www.w3.org/TR/xhtml1/DTD/xhtml1-transitional.dtd">
<html xmlns="http://www.w3.org/1999/xhtml" xml:lang="en" lang="en">
 <head>
  <title>
</title>
<meta http-equiv="Content-Type" content="text/html;charset=utf-8" />
  <meta name='ocr-system' content='tesseract 3.04.00' />
  <meta name='ocr-capabilities' content='ocr_page ocr_carea ocr_par ocr_line ocrx_word'/>
</head>
<body>
  <div class='ocr_page' id='page_1' title='image "./euclidisoperaom02unkngoog_0285.png"; bbox 0 0 2362 3796; ppageno 0'>
   <div class='ocr_carea' id='block_1_1' title="bbox 88 132 959 199">
    <p class='ocr_par' dir='ltr' id='par_1_1' title="bbox 88 132 959 199">
     <span class='ocr_line' id='line_1_1' title="bbox 88 132 959 199; baseline -0.009 -4"><span class='ocrx_word' id='word_1_1' title='bbox 88 132 151 199; x_wconf 81' lang='lat'><strong><em>168</em></strong></span> <span class='ocrx_word' id='word_1_2' title='bbox 239 135 395 188; x_wconf 74' lang='grc' dir='ltr'><strong><em>εοειοοω</em></strong></span> <span class='ocrx_word' id='word_1_3' title='bbox 413 135 452 186; x_wconf 79' lang='lat' dir='ltr'><strong>m</strong></span> <span class='ocrx_word' id='word_1_4' title='bbox 470 135 748 188; x_wconf 74' lang='grc' dir='ltr'><strong><em>οτοιτοκυοοσιι</em></strong></span> <span class='ocrx_word' id='word_1_5' title='bbox 767 137 916 189; x_wconf 68' lang='lat' dir='ltr'><strong><em>mmmm</em></strong></span> <span class='ocrx_word' id='word_1_6' title='bbox 932 139 959 188; x_wconf 92' lang='lat'><strong><em>1.</em></strong></span> 
     </span>
    </p>
   </div>
   <div class='ocr_carea' id='block_1_2' title="bbox 27 273 1141 3243">
    <p class='ocr_par' dir='ltr' id='par_1_2' title="bbox 27 273 1141 3243">
     <span class='ocr_line' id='line_1_2' title="bbox 156 273 1070 365; baseline 0.002 -21"><span class='ocrx_word' id='word_1_7' title='bbox 156 280 208 346; x_wconf 78' lang='lat'><strong><em>97.</em></strong></span> <span class='ocrx_word' id='word_1_8' title='bbox 245 279 362 344; x_wconf 82' lang='grc' dir='ltr'><strong><em>Τοῦτο</em></strong></span> <span class='ocrx_word' id='word_1_9' title='bbox 387 278 502 344; x_wconf 79' lang='grc' dir='ltr'><strong><em>Θαλοῦ</em></strong></span> <span class='ocrx_word' id='word_1_10' title='bbox 524 273 664 363; x_wconf 82' lang='grc' dir='ltr'><strong><em>εὕρημα,</em></strong></span> <span class='ocrx_word' id='word_1_11' title='bbox 689 275 735 356; x_wconf 74' lang='grc' dir='ltr'><strong><em>ὥς</em></strong></span> <span class='ocrx_word' id='word_1_12' title='bbox 758 296 864 363; x_wconf 87' lang='grc' dir='ltr'><strong><em>φησιν</em></strong></span> <span class='ocrx_word' id='word_1_13' title='bbox 887 275 1070 365; x_wconf 82' lang='grc' dir='ltr'><strong><em>Εὔδημος..</em></strong></span> 
     </span>
     <span class='ocr_line' id='line_1_3' title="bbox 169 380 1136 470; baseline 0 -19"><span class='ocrx_word' id='word_1_14' title='bbox 169 381 243 451; x_wconf 85' lang='grc' dir='ltr'><strong><em>Τδν</em></strong></span> <span class='ocrx_word' id='word_1_15' title='bbox 267 380 306 449; x_wconf 86' lang='grc' dir='ltr'><strong><em>τά</em></strong></span> <span class='ocrx_word' id='word_1_16' title='bbox 333 389 481 469; x_wconf 88' lang='grc' dir='ltr'><strong><em>τρίγωνα</em></strong></span> <span class='ocrx_word' id='word_1_17' title='bbox 505 381 587 449; x_wconf 80' lang='grc' dir='ltr'><strong><em>κατὰ</em></strong></span> <span class='ocrx_word' id='word_1_18' title='bbox 609 380 669 462; x_wconf 82' lang='grc' dir='ltr'><strong><em>τάς</em></strong></span> <span class='ocrx_word' id='word_1_19' title='bbox 686 380 833 469; x_wconf 81' lang='grc' dir='ltr'><strong><em>πλευράς</em></strong></span> <span class='ocrx_word' id='word_1_20' title='bbox 850 383 906 451; x_wconf 81' lang='grc' dir='ltr'><strong><em>καὶ</em></strong></span> <span class='ocrx_word' id='word_1_21' title='bbox 924 381 985 463; x_wconf 80' lang='grc' dir='ltr'><strong><em>τὰς</em></strong></span> <span class='ocrx_word' id='word_1_22' title='bbox 1003 391 1136 470; x_wconf 79' lang='grc' dir='ltr'><strong><em>γωνίας</em></strong></span> 
     </span>
     <span class='ocr_line' id='line_1_4' title="bbox 86 486 1133 578; baseline 0.003 -23"><span class='ocrx_word' id='word_1_23' title='bbox 86 489 144 555; x_wconf 80' lang='grc' dir='ltr'><strong><em>καὶ</em></strong></span> <span class='ocrx_word' id='word_1_24' title='bbox 179 489 220 558; x_wconf 83' lang='grc' dir='ltr'><strong><em>τὰ</em></strong></span> <span class='ocrx_word' id='word_1_25' title='bbox 253 488 382 577; x_wconf 80' lang='grc' dir='ltr'><strong><em>ἐμβαδά</em></strong></span> <span class='ocrx_word' id='word_1_26' title='bbox 420 496 616 578; x_wconf 80' lang='grc' dir='ltr'><strong><em>συγκρίνειν</em></strong></span> <span class='ocrx_word' id='word_1_27' title='bbox 647 489 860 576; x_wconf 86' lang='grc' dir='ltr'><strong><em>βουλόμενον</em></strong></span> <span class='ocrx_word' id='word_1_28' title='bbox 890 486 1082 576; x_wconf 76' lang='grc' dir='ltr'><strong><em>ἀναγκαῖον</em></strong></span> <span class='ocrx_word' id='word_1_29' title='bbox 1109 488 1133 578; x_wconf 76' lang='grc' dir='ltr'><em>ἢ</em></span> 
     </span>
     <span class='ocr_line' id='line_1_5' title="bbox 103 594 1133 682; baseline 0.001 -17"><span class='ocrx_word' id='word_1_30' title='bbox 103 597 214 682; x_wconf 88' lang='grc' dir='ltr'><strong><em>μόνας</em></strong></span> <span class='ocrx_word' id='word_1_31' title='bbox 230 595 288 676; x_wconf 78' lang='grc' dir='ltr'><strong><em>τὰς</em></strong></span> <span class='ocrx_word' id='word_1_32' title='bbox 303 595 450 682; x_wconf 83' lang='grc' dir='ltr'><strong><em>πλευράς</em></strong></span> <span class='ocrx_word' id='word_1_33' title='bbox 465 594 613 681; x_wconf 80' lang='grc' dir='ltr'><strong><em>λαβόντα</em></strong></span> <span class='ocrx_word' id='word_1_34' title='bbox 629 604 703 674; x_wconf 76' lang='grc' dir='ltr'><strong><em>ἴσας</em></strong></span> <span class='ocrx_word' id='word_1_35' title='bbox 713 601 821 681; x_wconf 80' lang='grc' dir='ltr'><strong><em>ζητεῖν</em></strong></span> <span class='ocrx_word' id='word_1_36' title='bbox 835 595 897 682; x_wconf 78' lang='grc' dir='ltr'><strong><em>τὴν</em></strong></span> <span class='ocrx_word' id='word_1_37' title='bbox 912 596 1049 681; x_wconf 90' lang='grc' dir='ltr'><strong><em>ίσότητα</em></strong></span> <span class='ocrx_word' id='word_1_38' title='bbox 1062 601 1133 666; x_wconf 82' lang='grc' dir='ltr'><strong><em>τιόν</em></strong></span> 
     </span>
     <span class='ocr_line' id='line_1_6' title="bbox 64 699 1134 790; baseline -0.001 -18"><span class='ocrx_word' id='word_1_39' title='bbox 64 725 80 773; x_wconf 81' lang='lat'><strong>5</strong></span> <span class='ocrx_word' id='word_1_40' title='bbox 99 706 243 789; x_wconf 73' lang='grc' dir='ltr'><strong><em>γωνιῶν</em></strong></span> <span class='ocrx_word' id='word_1_41' title='bbox 269 699 290 789; x_wconf 77' lang='grc' dir='ltr'><strong><em>η’</em></strong></span> <span class='ocrx_word' id='word_1_42' title='bbox 315 702 423 789; x_wconf 89' lang='grc' dir='ltr'><strong><em>μόνας</em></strong></span> <span class='ocrx_word' id='word_1_43' title='bbox 445 701 503 782; x_wconf 76' lang='grc' dir='ltr'><strong><em>τὰς</em></strong></span> <span class='ocrx_word' id='word_1_44' title='bbox 525 707 651 789; x_wconf 88' lang='grc' dir='ltr'><strong><em>γωνιάς</em></strong></span> <span class='ocrx_word' id='word_1_45' title='bbox 674 710 748 782; x_wconf 84' lang='grc' dir='ltr'><strong><em>ίσας</em></strong></span> <span class='ocrx_word' id='word_1_46' title='bbox 771 708 879 788; x_wconf 80' lang='grc' dir='ltr'><strong><em>ζητεῖν</em></strong></span> <span class='ocrx_word' id='word_1_47' title='bbox 901 701 966 788; x_wconf 79' lang='grc' dir='ltr'><strong><em>τὴν</em></strong></span> <span class='ocrx_word' id='word_1_48' title='bbox 992 702 1134 790; x_wconf 86' lang='grc' dir='ltr'><strong><em>ίσότητα</em></strong></span> 
     </span>
     <span class='ocr_line' id='line_1_7' title="bbox 106 805 1134 897; baseline 0 -19"><span class='ocrx_word' id='word_1_49' title='bbox 106 815 178 878; x_wconf 76' lang='grc' dir='ltr'><strong><em>των</em></strong></span> <span class='ocrx_word' id='word_1_50' title='bbox 202 815 358 897; x_wconf 78' lang='grc' dir='ltr'><strong><em>πλευρῶν</em></strong></span> <span class='ocrx_word' id='word_1_51' title='bbox 381 805 403 895; x_wconf 80' lang='grc' dir='ltr'><em>ἢ</em></span> <span class='ocrx_word' id='word_1_52' title='bbox 429 811 569 896; x_wconf 83' lang='grc' dir='ltr'><strong><em>μίξαντα</em></strong></span> <span class='ocrx_word' id='word_1_53' title='bbox 596 814 721 895; x_wconf 85' lang='grc' dir='ltr'><strong><em>γωνίας</em></strong></span> <span class='ocrx_word' id='word_1_54' title='bbox 744 810 801 877; x_wconf 82' lang='grc' dir='ltr'><strong><em>καὶ</em></strong></span> <span class='ocrx_word' id='word_1_55' title='bbox 823 809 978 894; x_wconf 77' lang='grc' dir='ltr'><strong><em>πλευράς.</em></strong></span> <span class='ocrx_word' id='word_1_56' title='bbox 1023 809 1134 897; x_wconf 89' lang='grc' dir='ltr'><strong><em>μόνας</em></strong></span> 
     </span>
     <span class='ocr_line' id='line_1_8' title="bbox 111 909 1135 1003; baseline -0.001 -19"><span class='ocrx_word' id='word_1_57' title='bbox 111 917 174 1003; x_wconf 70' lang='grc' dir='ltr'><strong><em>μὲν</em></strong></span> <span class='ocrx_word' id='word_1_58' title='bbox 191 909 254 984; x_wconf 76' lang='grc' dir='ltr'><strong><em>σίν</em></strong></span> <span class='ocrx_word' id='word_1_59' title='bbox 270 922 395 998; x_wconf 84' lang='grc' dir='ltr'><strong><em>γωνίας</em></strong></span> <span class='ocrx_word' id='word_1_60' title='bbox 410 924 485 995; x_wconf 85' lang='grc' dir='ltr'><strong><em>ίσας</em></strong></span> <span class='ocrx_word' id='word_1_61' title='bbox 498 913 611 999; x_wconf 75' lang='grc' dir='ltr'><strong><em>λαβάν</em></strong></span> <span class='ocrx_word' id='word_1_62' title='bbox 632 911 694 982; x_wconf 80' lang='grc' dir='ltr'><strong><em>οὐκ</em></strong></span> <span class='ocrx_word' id='word_1_63' title='bbox 711 911 862 999; x_wconf 83' lang='grc' dir='ltr'><strong><em>η’δύνατο</em></strong></span> <span class='ocrx_word' id='word_1_64' title='bbox 883 914 1059 984; x_wconf 70' lang='grc' dir='ltr'><strong><em>δεικνύναι</em></strong></span> <span class='ocrx_word' id='word_1_65' title='bbox 1076 917 1135 984; x_wconf 81' lang='grc' dir='ltr'><strong><em>καὶ</em></strong></span> 
     </span>
     <span class='ocr_line' id='line_1_9' title="bbox 110 1020 1137 1110; baseline 0.001 -20"><span class='ocrx_word' id='word_1_66' title='bbox 110 1022 174 1102; x_wconf 78' lang='grc' dir='ltr'><strong><em>τὰς</em></strong></span> <span class='ocrx_word' id='word_1_67' title='bbox 196 1020 343 1108; x_wconf 76' lang='grc' dir='ltr'><strong><em>πλευρίς</em></strong></span> <span class='ocrx_word' id='word_1_68' title='bbox 365 1027 434 1089; x_wconf 76' lang='grc' dir='ltr'><strong><em>τάν</em></strong></span> <span class='ocrx_word' id='word_1_69' title='bbox 456 1023 632 1107; x_wconf 81' lang='grc' dir='ltr'><strong><em>τριγάναν</em></strong></span> <span class='ocrx_word' id='word_1_70' title='bbox 656 1030 738 1110; x_wconf 80' lang='grc' dir='ltr'><strong><em>λ’σας.</em></strong></span> <span class='ocrx_word' id='word_1_71' title='bbox 775 1027 867 1090; x_wconf 74' lang='grc' dir='ltr'><strong><em>ἔστιν</em></strong></span> <span class='ocrx_word' id='word_1_72' title='bbox 885 1020 950 1110; x_wconf 74' lang='grc' dir='ltr'><strong><em>γάρ</em></strong></span> <span class='ocrx_word' id='word_1_73' title='bbox 969 1021 1137 1109; x_wconf 76' lang='grc' dir='ltr'><strong><em>ἰσογώνια</em></strong></span> 
     </span>
     <span class='ocr_line' id='line_1_10' title="bbox 116 1126 1136 1216; baseline 0.001 -20"><span class='ocrx_word' id='word_1_74' title='bbox 116 1136 265 1214; x_wconf 86' lang='grc' dir='ltr'><strong><em>τρίγωνα</em></strong></span> <span class='ocrx_word' id='word_1_75' title='bbox 292 1129 348 1195; x_wconf 85' lang='grc' dir='ltr'><strong><em>καὶ</em></strong></span> <span class='ocrx_word' id='word_1_76' title='bbox 376 1126 415 1194; x_wconf 83' lang='grc' dir='ltr'><strong><em>τά</em></strong></span> <span class='ocrx_word' id='word_1_77' title='bbox 446 1127 648 1216; x_wconf 78' lang='grc' dir='ltr'><strong><em>σμικρότατα</em></strong></span> <span class='ocrx_word' id='word_1_78' title='bbox 675 1141 746 1207; x_wconf 91' lang='grc' dir='ltr'><strong><em>τοῖς</em></strong></span> <span class='ocrx_word' id='word_1_79' title='bbox 772 1135 941 1215; x_wconf 88' lang='grc' dir='ltr'><strong><em>μεγίστοις</em></strong></span> <span class='ocrx_word' id='word_1_80' title='bbox 972 1128 1030 1196; x_wconf 84' lang='grc' dir='ltr'><strong><em>καὶ</em></strong></span> <span class='ocrx_word' id='word_1_81' title='bbox 1059 1142 1136 1209; x_wconf 83' lang='grc' dir='ltr'><strong><em>ταῖς</em></strong></span> 
     </span>
     <span class='ocr_line' id='line_1_11' title="bbox 52 1235 1137 1323; baseline 0 -19"><span class='ocrx_word' id='word_1_82' title='bbox 52 1255 86 1304; x_wconf 88' lang='grc'><strong><em>10</em></strong></span> <span class='ocrx_word' id='word_1_83' title='bbox 113 1242 273 1320; x_wconf 82' lang='grc' dir='ltr'><strong><em>πλευραῖς</em></strong></span> <span class='ocrx_word' id='word_1_84' title='bbox 292 1235 348 1301; x_wconf 82' lang='grc' dir='ltr'><strong><em>καῖ</em></strong></span> <span class='ocrx_word' id='word_1_85' title='bbox 367 1248 436 1312; x_wconf 90' lang='grc' dir='ltr'><strong><em>τοῖς</em></strong></span> <span class='ocrx_word' id='word_1_86' title='bbox 454 1238 703 1322; x_wconf 76' lang='grc' dir='ltr'><strong><em>περιεχομένοις</em></strong></span> <span class='ocrx_word' id='word_1_87' title='bbox 716 1241 851 1323; x_wconf 82' lang='grc' dir='ltr'><strong><em>χωρίοις</em></strong></span> <span class='ocrx_word' id='word_1_88' title='bbox 865 1235 1048 1322; x_wconf 82' lang='grc' dir='ltr'><strong><em>λειπόμενα</em></strong></span> <span class='ocrx_word' id='word_1_89' title='bbox 1060 1240 1137 1304; x_wconf 77' lang='grc' dir='ltr'><strong><em>’τῶν</em></strong></span> 
     </span>
     <span class='ocr_line' id='line_1_12' title="bbox 96 1338 1135 1429; baseline 0.002 -20"><span class='ocrx_word' id='word_1_90' title='bbox 96 1341 112 1409; x_wconf 85' lang='grc' dir='ltr'><em>ἕ</em></span> <span class='ocrx_word' id='word_1_91' title='bbox 131 1342 250 1424; x_wconf 67' lang='grc' dir='ltr'><strong><em>τάρων,</em></strong></span> <span class='ocrx_word' id='word_1_92' title='bbox 274 1338 333 1420; x_wconf 80' lang='grc' dir='ltr'><strong><em>τὰς</em></strong></span> <span class='ocrx_word' id='word_1_93' title='bbox 352 1338 390 1407; x_wconf 72' lang='grc' dir='ltr'><strong><em>δὲ</em></strong></span> <span class='ocrx_word' id='word_1_94' title='bbox 408 1347 533 1424; x_wconf 89' lang='grc' dir='ltr'><strong><em>γωνίας</em></strong></span> <span class='ocrx_word' id='word_1_95' title='bbox 552 1349 625 1420; x_wconf 79' lang='grc' dir='ltr'><strong><em>λ’σας</em></strong></span> <span class='ocrx_word' id='word_1_96' title='bbox 645 1346 763 1428; x_wconf 79' lang='grc' dir='ltr'><strong><em>ἔχοντα</em></strong></span> <span class='ocrx_word' id='word_1_97' title='bbox 783 1344 924 1421; x_wconf 80' lang='grc' dir='ltr'><strong><em>ἐκείνοις</em></strong></span> <span class='ocrx_word' id='word_1_98' title='bbox 940 1341 1025 1410; x_wconf 79' lang='grc' dir='ltr'><strong><em>κατὰ</em></strong></span> <span class='ocrx_word' id='word_1_99' title='bbox 1043 1347 1135 1429; x_wconf 82' lang='grc' dir='ltr'><strong><em>μίαν.</em></strong></span> 
     </span>
     <span class='ocr_line' id='line_1_13' title="bbox 97 1438 1137 1533; baseline 0.002 -19"><span class='ocrx_word' id='word_1_100' title='bbox 97 1447 209 1533; x_wconf 83' lang='grc' dir='ltr'><strong><em>μόνας</em></strong></span> <span class='ocrx_word' id='word_1_101' title='bbox 238 1445 275 1512; x_wconf 75' lang='grc' dir='ltr'><strong><em>δὲ</em></strong></span> <span class='ocrx_word' id='word_1_102' title='bbox 303 1471 362 1524; x_wconf 89' lang='grc' dir='ltr'><strong><em>τας</em></strong></span> <span class='ocrx_word' id='word_1_103' title='bbox 384 1444 530 1531; x_wconf 79' lang='grc' dir='ltr'><strong><em>πλευράς</em></strong></span> <span class='ocrx_word' id='word_1_104' title='bbox 548 1438 627 1526; x_wconf 75' lang='grc' dir='ltr'><strong><em>’ίσας</em></strong></span> <span class='ocrx_word' id='word_1_105' title='bbox 649 1446 861 1533; x_wconf 81' lang='grc' dir='ltr'><strong><em>ίττοθέμενος</em></strong></span> <span class='ocrx_word' id='word_1_106' title='bbox 878 1446 989 1516; x_wconf 82' lang='grc' dir='ltr'><strong><em>πάντα</em></strong></span> <span class='ocrx_word' id='word_1_107' title='bbox 1009 1450 1137 1530; x_wconf 77' lang='grc' dir='ltr'><strong><em>ἔδειξεν</em></strong></span> 
     </span>
     <span class='ocr_line' id='line_1_14' title="bbox 97 1545 1137 1644; baseline 0.004 -25"><span class='ocrx_word' id='word_1_108' title='bbox 97 1561 161 1620; x_wconf 89' lang='grc' dir='ltr'><strong><em>ίσα</em></strong></span> <span class='ocrx_word' id='word_1_109' title='bbox 185 1550 272 1620; x_wconf 81' lang='grc' dir='ltr'><strong><em>κατά</em></strong></span> <span class='ocrx_word' id='word_1_110' title='bbox 293 1551 331 1620; x_wconf 85' lang='grc' dir='ltr'><strong><em>τὸ</em></strong></span> <span class='ocrx_word' id='word_1_111' title='bbox 352 1550 476 1639; x_wconf 73' lang='grc' dir='ltr'><strong><em>ἴγδοον</em></strong></span> <span class='ocrx_word' id='word_1_112' title='bbox 495 1550 665 1640; x_wconf 74' lang='grc' dir='ltr'><strong><em>θεώρημα,</em></strong></span> <span class='ocrx_word' id='word_1_113' title='bbox 689 1556 725 1621; x_wconf 81' lang='grc' dir='ltr'><strong><em>ἐν</em></strong></span> <span class='ocrx_word' id='word_1_114' title='bbox 745 1545 772 1644; x_wconf 72' lang='grc' dir='ltr'><em>ᾧ</em></span> <span class='ocrx_word' id='word_1_115' title='bbox 791 1553 854 1622; x_wconf 80' lang='grc' dir='ltr'><strong><em>δύο</em></strong></span> <span class='ocrx_word' id='word_1_116' title='bbox 872 1555 1021 1640; x_wconf 87' lang='grc' dir='ltr'><strong><em>τρίγωνά</em></strong></span> <span class='ocrx_word' id='word_1_117' title='bbox 1042 1557 1137 1623; x_wconf 79' lang='grc' dir='ltr'><strong><em>ἐστιν</em></strong></span> 
     </span>
     <span class='ocr_line' id='line_1_15' title="bbox 100 1657 1138 1747; baseline -0.001 -17"><span class='ocrx_word' id='word_1_118' title='bbox 100 1669 237 1746; x_wconf 77' lang='grc' dir='ltr'><strong><em>ἔχοντα</em></strong></span> <span class='ocrx_word' id='word_1_119' title='bbox 257 1658 321 1727; x_wconf 80' lang='grc' dir='ltr'><strong><em>δίο</em></strong></span> <span class='ocrx_word' id='word_1_120' title='bbox 336 1657 481 1745; x_wconf 76' lang='grc' dir='ltr'><strong><em>πλευράς</em></strong></span> <span class='ocrx_word' id='word_1_121' title='bbox 495 1668 570 1738; x_wconf 90' lang='grc' dir='ltr'><strong><em>ίσας</em></strong></span> <span class='ocrx_word' id='word_1_122' title='bbox 584 1661 684 1728; x_wconf 79' lang='grc' dir='ltr'><strong><em>δυσίν</em></strong></span> <span class='ocrx_word' id='word_1_123' title='bbox 704 1661 859 1746; x_wconf 82' lang='grc' dir='ltr'><strong><em>ἑκατέρας</em></strong></span> <span class='ocrx_word' id='word_1_124' title='bbox 876 1661 932 1729; x_wconf 83' lang='grc' dir='ltr'><strong><em>καλ</em></strong></span> <span class='ocrx_word' id='word_1_125' title='bbox 950 1659 1014 1747; x_wconf 76' lang='grc' dir='ltr'><strong><em>τὴν</em></strong></span> <span class='ocrx_word' id='word_1_126' title='bbox 1032 1661 1138 1747; x_wconf 89' lang='grc' dir='ltr'><strong><em>βάσιν</em></strong></span> 
     </span>
     <span class='ocr_line' id='line_1_16' title="bbox 47 1766 1139 1854; baseline -0.002 -16"><span class='ocrx_word' id='word_1_127' title='bbox 47 1789 80 1838; x_wconf 81' lang='lat'><strong><em>15</em></strong></span> <span class='ocrx_word' id='word_1_128' title='bbox 113 1776 194 1852; x_wconf 78' lang='grc' dir='ltr'><strong><em>λ’σην</em></strong></span> <span class='ocrx_word' id='word_1_129' title='bbox 213 1771 252 1854; x_wconf 74' lang='grc' dir='ltr'><strong><em>τῇ</em></strong></span> <span class='ocrx_word' id='word_1_130' title='bbox 272 1766 379 1852; x_wconf 87' lang='grc' dir='ltr'><strong><em>βάσει.</em></strong></span> <span class='ocrx_word' id='word_1_131' title='bbox 416 1767 471 1833; x_wconf 85' lang='grc' dir='ltr'><strong><em>καὶ</em></strong></span> <span class='ocrx_word' id='word_1_132' title='bbox 491 1770 660 1834; x_wconf 78' lang='grc' dir='ltr'><strong><em>δείκνυται-</em></strong></span> <span class='ocrx_word' id='word_1_133' title='bbox 681 1766 842 1852; x_wconf 81' lang='grc' dir='ltr'><strong><em>ίσογάνια</em></strong></span> <span class='ocrx_word' id='word_1_134' title='bbox 856 1771 961 1835; x_wconf 83' lang='grc' dir='ltr'><strong><em>ταῦτα</em></strong></span> <span class='ocrx_word' id='word_1_135' title='bbox 979 1768 1037 1835; x_wconf 84' lang='grc' dir='ltr'><strong><em>καὶ</em></strong></span> <span class='ocrx_word' id='word_1_136' title='bbox 1051 1775 1139 1836; x_wconf 74' lang='grc' dir='ltr'><strong><em>ἴσων</em></strong></span> 
     </span>
     <span class='ocr_line' id='line_1_17' title="bbox 111 1869 1140 1961; baseline 0.004 -22"><span class='ocrx_word' id='word_1_137' title='bbox 111 1873 332 1958; x_wconf 79' lang='grc' dir='ltr'><strong><em>περιληπτικά</em></strong></span> <span class='ocrx_word' id='word_1_138' title='bbox 353 1880 495 1961; x_wconf 81' lang='grc' dir='ltr'><strong><em>χωρίων.</em></strong></span> <span class='ocrx_word' id='word_1_139' title='bbox 527 1872 583 1939; x_wconf 81' lang='grc' dir='ltr'><strong><em>καί</em></strong></span> <span class='ocrx_word' id='word_1_140' title='bbox 598 1869 617 1941; x_wconf 83' lang='grc' dir='ltr'>ὁ</span> <span class='ocrx_word' id='word_1_141' title='bbox 633 1872 845 1959; x_wconf 78' lang='grc' dir='ltr'><strong><em>στοιχειωτὴς</em></strong></span> <span class='ocrx_word' id='word_1_142' title='bbox 858 1871 921 1957; x_wconf 70' lang='grc' dir='ltr'><strong><em>την</em></strong></span> <span class='ocrx_word' id='word_1_143' title='bbox 934 1875 1140 1961; x_wconf 67' lang='grc' dir='ltr'><strong><em>προσθήκην</em></strong></span> 
     </span>
     <span class='ocr_line' id='line_1_18' title="bbox 99 1977 1140 2066; baseline 0.003 -21"><span class='ocrx_word' id='word_1_144' title='bbox 99 2005 117 2045; x_wconf 91' lang='grc' dir='ltr'><strong><em>τ</em></strong></span> <span class='ocrx_word' id='word_1_145' title='bbox 133 1980 175 2046; x_wconf 87' lang='grc' dir='ltr'><strong><em>αί</em></strong></span> <span class='ocrx_word' id='word_1_146' title='bbox 179 2007 241 2065; x_wconf 89' lang='grc' dir='ltr'><strong><em>την</em></strong></span> <span class='ocrx_word' id='word_1_147' title='bbox 256 1977 396 2066; x_wconf 67' lang='grc' dir='ltr'><strong><em>οῗφεῖλευ</em></strong></span> <span class='ocrx_word' id='word_1_148' title='bbox 416 1977 461 2059; x_wconf 72' lang='grc' dir='ltr'><strong><em>ὣς</em></strong></span> <span class='ocrx_word' id='word_1_149' title='bbox 476 1981 642 2066; x_wconf 76' lang='grc' dir='ltr'><strong><em>ἑπομένην</em></strong></span> <span class='ocrx_word' id='word_1_150' title='bbox 658 1981 690 2059; x_wconf 74' lang='grc' dir='ltr'><strong><em>ἐξ</em></strong></span> <span class='ocrx_word' id='word_1_151' title='bbox 705 1977 851 2066; x_wconf 81' lang='grc' dir='ltr'><strong><em>ίυίγκης</em></strong></span> <span class='ocrx_word' id='word_1_152' title='bbox 865 1980 920 2047; x_wconf 81' lang='grc' dir='ltr'><strong><em>καλ</em></strong></span> <span class='ocrx_word' id='word_1_153' title='bbox 935 1977 1140 2060; x_wconf 81' lang='grc' dir='ltr'><strong><em>ἀποδείξεως</em></strong></span> 
     </span>
     <span class='ocr_line' id='line_1_19' title="bbox 95 2081 1137 2171; baseline 0.001 -18"><span class='ocrx_word' id='word_1_154' title='bbox 95 2081 135 2153; x_wconf 80' lang='grc' dir='ltr'><strong><em>οὐ</em></strong></span> <span class='ocrx_word' id='word_1_155' title='bbox 168 2088 351 2171; x_wconf 75' lang='grc' dir='ltr'><strong><em>δεομένην,</em></strong></span> <span class='ocrx_word' id='word_1_156' title='bbox 382 2083 540 2171; x_wconf 78' lang='grc' dir='ltr'><strong><em>καθάπερ</em></strong></span> <span class='ocrx_word' id='word_1_157' title='bbox 572 2083 690 2153; x_wconf 77' lang='grc' dir='ltr'><strong><em>διὰτὸ</em></strong></span> <span class='ocrx_word' id='word_1_158' title='bbox 714 2087 880 2171; x_wconf 83' lang='grc' dir='ltr'><strong><em>τέταρτον.</em></strong></span> <span class='ocrx_word' id='word_1_159' title='bbox 925 2084 1070 2170; x_wconf 79' lang='grc' dir='ltr'><strong><em>πλευράς</em></strong></span> <span class='ocrx_word' id='word_1_160' title='bbox 1094 2086 1137 2154; x_wconf 75' lang='grc' dir='ltr'><strong><em>δὲ</em></strong></span> 
     </span>
     <span class='ocr_line' id='line_1_20' title="bbox 111 2189 1141 2279; baseline 0.005 -23"><span class='ocrx_word' id='word_1_161' title='bbox 111 2192 172 2256; x_wconf 86' lang='grc' dir='ltr'><strong><em>καὶ</em></strong></span> <span class='ocrx_word' id='word_1_162' title='bbox 196 2196 322 2275; x_wconf 86' lang='grc' dir='ltr'><strong><em>γωνίας</em></strong></span> <span class='ocrx_word' id='word_1_163' title='bbox 344 2190 528 2276; x_wconf 84' lang='grc' dir='ltr'><strong><em>λαμβάνων</em></strong></span> <span class='ocrx_word' id='word_1_164' title='bbox 546 2189 567 2276; x_wconf 68' lang='grc' dir='ltr'><strong><em>τ’]</em></strong></span> <span class='ocrx_word' id='word_1_165' title='bbox 588 2198 668 2278; x_wconf 89' lang='grc' dir='ltr'><strong><em>μίαν</em></strong></span> <span class='ocrx_word' id='word_1_166' title='bbox 687 2192 837 2278; x_wconf 75' lang='grc' dir='ltr'><strong><em>πλευράν</em></strong></span> <span class='ocrx_word' id='word_1_167' title='bbox 857 2190 1000 2278; x_wconf 74' lang='grc' dir='ltr'><strong><em>άφειλεν</em></strong></span> <span class='ocrx_word' id='word_1_168' title='bbox 1019 2198 1141 2279; x_wconf 79' lang='grc' dir='ltr'><strong><em>λαβεῖν</em></strong></span> 
     </span>
     <span class='ocr_line' id='line_1_21' title="bbox 50 2294 1141 2388; baseline 0.005 -27"><span class='ocrx_word' id='word_1_169' title='bbox 50 2319 86 2368; x_wconf 73' lang='lat'><strong><em>20</em></strong></span> <span class='ocrx_word' id='word_1_170' title='bbox 116 2301 176 2382; x_wconf 82' lang='grc' dir='ltr'><strong><em>μιᾷ</em></strong></span> <span class='ocrx_word' id='word_1_171' title='bbox 201 2304 280 2380; x_wconf 82' lang='grc' dir='ltr'><strong><em>ίσηυ</em></strong></span> <span class='ocrx_word' id='word_1_172' title='bbox 304 2296 359 2362; x_wconf 79' lang='grc' dir='ltr'><strong><em>καί</em></strong></span> <span class='ocrx_word' id='word_1_173' title='bbox 383 2302 463 2383; x_wconf 88' lang='grc' dir='ltr'><strong><em>μιάν</em></strong></span> <span class='ocrx_word' id='word_1_174' title='bbox 486 2304 615 2382; x_wconf 87' lang='grc' dir='ltr'><strong><em>γωνίαν</em></strong></span> <span class='ocrx_word' id='word_1_175' title='bbox 638 2302 696 2387; x_wconf 76' lang='grc' dir='ltr'><strong><em>μιᾷ</em></strong></span> <span class='ocrx_word' id='word_1_176' title='bbox 720 2303 829 2388; x_wconf 81' lang='grc' dir='ltr'><strong><em>γωνίᾳ</em></strong></span> <span class='ocrx_word' id='word_1_177' title='bbox 847 2294 867 2384; x_wconf 78' lang='grc' dir='ltr'><strong><em>ἢ</em></strong></span> <span class='ocrx_word' id='word_1_178' title='bbox 886 2305 968 2385; x_wconf 90' lang='grc' dir='ltr'><strong><em>μιάν</em></strong></span> <span class='ocrx_word' id='word_1_179' title='bbox 986 2298 1141 2387; x_wconf 79' lang='grc' dir='ltr'><strong><em>πλευρὰν</em></strong></span> 
     </span>
     <span class='ocr_line' id='line_1_22' title="bbox 117 2400 1138 2492; baseline 0.005 -24"><span class='ocrx_word' id='word_1_180' title='bbox 117 2402 173 2468; x_wconf 82' lang='grc' dir='ltr'><strong><em>καὶ</em></strong></span> <span class='ocrx_word' id='word_1_181' title='bbox 196 2400 256 2479; x_wconf 76' lang='grc' dir='ltr'><strong><em>τίς</em></strong></span> <span class='ocrx_word' id='word_1_182' title='bbox 280 2404 342 2470; x_wconf 85' lang='grc' dir='ltr'><strong><em>δίο</em></strong></span> <span class='ocrx_word' id='word_1_183' title='bbox 366 2409 490 2489; x_wconf 87' lang='grc' dir='ltr'><strong><em>γωνιάς</em></strong></span> <span class='ocrx_word' id='word_1_184' title='bbox 514 2409 584 2472; x_wconf 74' lang='grc' dir='ltr'><strong><em>τῶν</em></strong></span> <span class='ocrx_word' id='word_1_185' title='bbox 611 2408 784 2491; x_wconf 74' lang='grc' dir='ltr'><strong><em>τριγώνων</em></strong></span> <span class='ocrx_word' id='word_1_186' title='bbox 813 2413 887 2483; x_wconf 90' lang='grc' dir='ltr'><strong><em>ίσας</em></strong></span> <span class='ocrx_word' id='word_1_187' title='bbox 916 2401 938 2492; x_wconf 77' lang='grc' dir='ltr'>ἢ</span> <span class='ocrx_word' id='word_1_188' title='bbox 966 2403 1138 2473; x_wconf 81' lang='grc' dir='ltr'><strong><em>ἀνάπαλιν</em></strong></span> 
     </span>
     <span class='ocr_line' id='line_1_23' title="bbox 116 2505 1141 2598; baseline 0.005 -24"><span class='ocrx_word' id='word_1_189' title='bbox 116 2512 198 2594; x_wconf 89' lang='grc' dir='ltr'><strong><em>μίαν</em></strong></span> <span class='ocrx_word' id='word_1_190' title='bbox 216 2517 346 2592; x_wconf 87' lang='grc' dir='ltr'><strong><em>γωνίαν</em></strong></span> <span class='ocrx_word' id='word_1_191' title='bbox 364 2510 420 2576; x_wconf 84' lang='grc' dir='ltr'><strong><em>καὶ</em></strong></span> <span class='ocrx_word' id='word_1_192' title='bbox 440 2509 504 2578; x_wconf 77' lang='grc' dir='ltr'><strong><em>δίο</em></strong></span> <span class='ocrx_word' id='word_1_193' title='bbox 522 2508 668 2595; x_wconf 81' lang='grc' dir='ltr'><strong><em>πλευράς</em></strong></span> <span class='ocrx_word' id='word_1_194' title='bbox 685 2505 707 2595; x_wconf 76' lang='grc' dir='ltr'><em>ἢ</em></span> <span class='ocrx_word' id='word_1_195' title='bbox 727 2516 807 2597; x_wconf 87' lang='grc' dir='ltr'><strong><em>μίαν</em></strong></span> <span class='ocrx_word' id='word_1_196' title='bbox 828 2516 958 2596; x_wconf 90' lang='grc' dir='ltr'><strong><em>γωνίαν</em></strong></span> <span class='ocrx_word' id='word_1_197' title='bbox 977 2511 1034 2578; x_wconf 87' lang='grc' dir='ltr'><strong><em>καλ</em></strong></span> <span class='ocrx_word' id='word_1_198' title='bbox 1048 2525 1141 2598; x_wconf 84' lang='grc' dir='ltr'><strong><em>τρεῖς</em></strong></span> 
     </span>
     <span class='ocr_line' id='line_1_24' title="bbox 119 2609 1141 2703; baseline 0.003 -22"><span class='ocrx_word' id='word_1_199' title='bbox 119 2613 266 2701; x_wconf 81' lang='grc' dir='ltr'><strong><em>κλευρίς</em></strong></span> <span class='ocrx_word' id='word_1_200' title='bbox 288 2609 308 2701; x_wconf 72' lang='grc' dir='ltr'><em>ἢ</em></span> <span class='ocrx_word' id='word_1_201' title='bbox 334 2624 415 2703; x_wconf 86' lang='grc' dir='ltr'><strong><em>μίαν</em></strong></span> <span class='ocrx_word' id='word_1_202' title='bbox 438 2615 588 2700; x_wconf 79' lang='grc' dir='ltr'><strong><em>πλευρὰν</em></strong></span> <span class='ocrx_word' id='word_1_203' title='bbox 615 2617 671 2683; x_wconf 83' lang='grc' dir='ltr'><strong><em>καί</em></strong></span> <span class='ocrx_word' id='word_1_204' title='bbox 694 2616 753 2696; x_wconf 76' lang='grc' dir='ltr'><strong><em>τὰς</em></strong></span> <span class='ocrx_word' id='word_1_205' title='bbox 775 2631 865 2702; x_wconf 84' lang='grc' dir='ltr'><strong><em>τρεῖς</em></strong></span> <span class='ocrx_word' id='word_1_206' title='bbox 887 2623 1012 2702; x_wconf 86' lang='grc' dir='ltr'><strong><em>γωνίας</em></strong></span> <span class='ocrx_word' id='word_1_207' title='bbox 1035 2615 1056 2703; x_wconf 81' lang='grc' dir='ltr'><strong><em>ἢ</em></strong></span> <span class='ocrx_word' id='word_1_208' title='bbox 1079 2617 1141 2685; x_wconf 78' lang='grc' dir='ltr'><strong><em>καὶ</em></strong></span> 
     </span>
     <span class='ocr_line' id='line_1_25' title="bbox 95 2722 1140 2811; baseline 0 -20"><span class='ocrx_word' id='word_1_209' title='bbox 95 2728 253 2802; x_wconf 82' lang='grc' dir='ltr'><strong><em>πλείους</em></strong></span> <span class='ocrx_word' id='word_1_210' title='bbox 286 2727 364 2809; x_wconf 76' lang='grc' dir='ltr'><strong><em>μιᾶς</em></strong></span> <span class='ocrx_word' id='word_1_211' title='bbox 395 2727 540 2808; x_wconf 78' lang='grc' dir='ltr'><strong><em>πλευράς</em></strong></span> <span class='ocrx_word' id='word_1_212' title='bbox 572 2722 757 2809; x_wconf 83' lang='grc' dir='ltr'><strong><em>λαμβάνειν</em></strong></span> <span class='ocrx_word' id='word_1_213' title='bbox 793 2723 849 2789; x_wconf 79' lang='grc' dir='ltr'><strong><em>καί</em></strong></span> <span class='ocrx_word' id='word_1_214' title='bbox 885 2728 1021 2804; x_wconf 87' lang='grc' dir='ltr'><strong><em>ιιλειόυς</em></strong></span> <span class='ocrx_word' id='word_1_215' title='bbox 1058 2728 1140 2811; x_wconf 79' lang='grc' dir='ltr'><strong><em>μιᾶς</em></strong></span> 
     </span>
     <span class='ocr_line' id='line_1_26' title="bbox 45 2826 1139 2916; baseline -0.002 -15"><span class='ocrx_word' id='word_1_216' title='bbox 45 2850 88 2901; x_wconf 76' lang='lat'><strong><em>25</em></strong></span> <span class='ocrx_word' id='word_1_217' title='bbox 117 2835 251 2916; x_wconf 86' lang='grc' dir='ltr'><strong><em>γωνίας.</em></strong></span> <span class='ocrx_word' id='word_1_218' title='bbox 298 2826 383 2897; x_wconf 86' lang='grc' dir='ltr'><strong><em>άλλίι</em></strong></span> <span class='ocrx_word' id='word_1_219' title='bbox 408 2838 489 2915; x_wconf 86' lang='grc' dir='ltr'><strong><em>μίαν</em></strong></span> <span class='ocrx_word' id='word_1_220' title='bbox 511 2835 641 2915; x_wconf 90' lang='grc' dir='ltr'><strong><em>γωνίαν</em></strong></span> <span class='ocrx_word' id='word_1_221' title='bbox 663 2829 719 2896; x_wconf 81' lang='grc' dir='ltr'><strong><em>καί</em></strong></span> <span class='ocrx_word' id='word_1_222' title='bbox 743 2835 824 2914; x_wconf 92' lang='grc' dir='ltr'><strong><em>μίαν</em></strong></span> <span class='ocrx_word' id='word_1_223' title='bbox 847 2827 997 2913; x_wconf 82' lang='grc' dir='ltr'><strong><em>τιλευράν</em></strong></span> <span class='ocrx_word' id='word_1_224' title='bbox 1019 2829 1139 2915; x_wconf 71' lang='grc' dir='ltr'><strong><em>λαβὼν</em></strong></span> 
     </span>
     <span class='ocr_line' id='line_1_27' title="bbox 106 2933 1137 3023; baseline 0.002 -19"><span class='ocrx_word' id='word_1_225' title='bbox 106 2933 150 3004; x_wconf 94' lang='grc' dir='ltr'><strong><em>ου’</em></strong></span> <span class='ocrx_word' id='word_1_226' title='bbox 156 2961 176 3003; x_wconf 91' lang='grc' dir='ltr'><strong><em>κ</em></strong></span> <span class='ocrx_word' id='word_1_227' title='bbox 200 2939 333 3004; x_wconf 80' lang='grc' dir='ltr'><strong><em>ἐδείκνυ</em></strong></span> <span class='ocrx_word' id='word_1_228' title='bbox 355 2934 393 3003; x_wconf 87' lang='grc' dir='ltr'><strong><em>τὸ</em></strong></span> <span class='ocrx_word' id='word_1_229' title='bbox 418 2939 639 3022; x_wconf 85' lang='grc' dir='ltr'><strong><em>προκείμενον</em></strong></span> <span class='ocrx_word' id='word_1_230' title='bbox 662 2946 730 3003; x_wconf 81' lang='grc' dir='ltr'><strong><em>τῶν</em></strong></span> <span class='ocrx_word' id='word_1_231' title='bbox 755 2933 868 3003; x_wconf 76' lang='grc' dir='ltr'><strong><em>ἄλλων</em></strong></span> <span class='ocrx_word' id='word_1_232' title='bbox 896 2936 958 3021; x_wconf 81' lang='grc' dir='ltr'><strong><em>τὴν</em></strong></span> <span class='ocrx_word' id='word_1_233' title='bbox 986 2936 1137 3023; x_wconf 76' lang='grc' dir='ltr'><strong><em>ἰσότητα.</em></strong></span> 
     </span>
     <span class='ocr_line' id='line_1_28' title="bbox 100 3039 1138 3131; baseline 0.001 -21"><span class='ocrx_word' id='word_1_234' title='bbox 100 3040 266 3112; x_wconf 83' lang='grc' dir='ltr'><strong><em>δυνατὸν</em></strong></span> <span class='ocrx_word' id='word_1_235' title='bbox 289 3045 376 3127; x_wconf 72' lang='grc' dir='ltr'><strong><em>γοῦν</em></strong></span> <span class='ocrx_word' id='word_1_236' title='bbox 401 3041 464 3109; x_wconf 83' lang='grc' dir='ltr'><strong><em>δύο</em></strong></span> <span class='ocrx_word' id='word_1_237' title='bbox 488 3046 634 3127; x_wconf 88' lang='grc' dir='ltr'><strong><em>τρίγωνα</em></strong></span> <span class='ocrx_word' id='word_1_238' title='bbox 652 3039 736 3108; x_wconf 81' lang='grc' dir='ltr'><strong><em>κατὰ</em></strong></span> <span class='ocrx_word' id='word_1_239' title='bbox 756 3047 836 3127; x_wconf 88' lang='grc' dir='ltr'><strong><em>μίαν</em></strong></span> <span class='ocrx_word' id='word_1_240' title='bbox 856 3041 964 3128; x_wconf 88' lang='grc' dir='ltr'><strong><em>μόνην</em></strong></span> <span class='ocrx_word' id='word_1_241' title='bbox 983 3042 1138 3131; x_wconf 80' lang='grc' dir='ltr'><strong><em>πλευρὰν</em></strong></span> 
     </span>
     <span class='ocr_line' id='line_1_29' title="bbox 27 3146 1141 3243; baseline 0.001 -27"><span class='ocrx_word' id='word_1_242' title='bbox 27 3236 32 3243; x_wconf 30' lang='lat'><strong>¹</strong></span> <span class='ocrx_word' id='word_1_243' title='bbox 109 3158 126 3216; x_wconf 87' lang='grc' dir='ltr'><strong><em>ί</em></strong></span> <span class='ocrx_word' id='word_1_244' title='bbox 132 3168 174 3215; x_wconf 91' lang='grc' dir='ltr'><strong><em>σα</em></strong></span> <span class='ocrx_word' id='word_1_245' title='bbox 198 3146 280 3216; x_wconf 79' lang='grc' dir='ltr'><strong><em>ὅντα</em></strong></span> <span class='ocrx_word' id='word_1_246' title='bbox 302 3147 358 3214; x_wconf 80' lang='grc' dir='ltr'><strong><em>καὶ</em></strong></span> <span class='ocrx_word' id='word_1_247' title='bbox 381 3153 462 3232; x_wconf 91' lang='grc' dir='ltr'><strong><em>μίαν</em></strong></span> <span class='ocrx_word' id='word_1_248' title='bbox 489 3152 617 3233; x_wconf 92' lang='grc' dir='ltr'><strong><em>γωνίαν</em></strong></span> <span class='ocrx_word' id='word_1_249' title='bbox 647 3151 750 3214; x_wconf 83' lang='grc' dir='ltr'><strong><em>πᾶσιν</em></strong></span> <span class='ocrx_word' id='word_1_250' title='bbox 777 3146 880 3215; x_wconf 82' lang='grc' dir='ltr'><strong><em>άνισα</em></strong></span> <span class='ocrx_word' id='word_1_251' title='bbox 907 3160 976 3227; x_wconf 88' lang='grc' dir='ltr'><strong><em>τοῖς</em></strong></span> <span class='ocrx_word' id='word_1_252' title='bbox 1003 3155 1141 3229; x_wconf 76' lang='grc' dir='ltr'><strong><em>λοιποῖς</em></strong></span> 
     </span>
    </p>
   </div>
   <div class='ocr_carea' id='block_1_3' title="bbox 111 3276 324 3285">
    <p class='ocr_par' dir='ltr' id='par_1_3' title="bbox 111 3276 324 3285">
     <span class='ocr_line' id='line_1_30' title="bbox 111 3276 324 3285; baseline -0.014 0"><span class='ocrx_word' id='word_1_253' title='bbox 111 3276 296 3285; x_wconf 79' lang='lat'><strong>————.—.</strong></span> <span class='ocrx_word' id='word_1_254' title='bbox 318 3277 324 3282; x_wconf 84' lang='lat'><em>-</em></span> 
     </span>
    </p>
   </div>
   <div class='ocr_carea' id='block_1_4' title="bbox 182 3323 275 3381">
    <p class='ocr_par' dir='ltr' id='par_1_4' title="bbox 182 3323 275 3381">
     <span class='ocr_line' id='line_1_31' title="bbox 182 3323 275 3381; baseline -0.032 0"><span class='ocrx_word' id='word_1_255' title='bbox 182 3330 225 3381; x_wconf 76' lang='lat'><strong><em>97.</em></strong></span> <span class='ocrx_word' id='word_1_256' title='bbox 245 3323 275 3378; x_wconf 90' lang='grc' dir='ltr'><strong><em>Ρ.</em></strong></span> 
     </span>
    </p>
   </div>
   <div class='ocr_carea' id='block_1_5' title="bbox 108 3434 325 3445">
    <p class='ocr_par' dir='ltr' id='par_1_5' title="bbox 108 3434 325 3445">
     <span class='ocr_line' id='line_1_32' title="bbox 108 3434 325 3445; baseline -0.014 0"><span class='ocrx_word' id='word_1_257' title='bbox 108 3434 325 3445; x_wconf 49' lang='grc' dir='ltr'><strong><em>α-η--ςι</em></strong></span> 
     </span>
    </p>
   </div>
   <div class='ocr_carea' id='block_1_6' title="bbox 62 3460 503 3582">
    <p class='ocr_par' dir='ltr' id='par_1_6' title="bbox 62 3460 503 3582">
     <span class='ocr_line' id='line_1_33' title="bbox 62 3460 503 3582; baseline 0 -44"><span class='ocrx_word' id='word_1_258' title='bbox 62 3472 98 3582; x_wconf 38' lang='grc' dir='ltr'><strong>ἱ</strong></span> <span class='ocrx_word' id='word_1_259' title='bbox 177 3486 225 3540; x_wconf 78' lang='grc'><strong><em>16.</em></strong></span> <span class='ocrx_word' id='word_1_260' title='bbox 246 3460 453 3554; x_wconf 76' lang='grc' dir='ltr'><strong><em>περιλημιττικά</em></strong></span> <span class='ocrx_word' id='word_1_261' title='bbox 474 3482 503 3538; x_wconf 91' lang='grc' dir='ltr'><strong><em>Ρ.</em></strong></span> 
     </span>
    </p>
   </div>
   <div class='ocr_carea' id='block_1_7' title="bbox 0 0 1196 3796">
    <p class='ocr_par' dir='ltr' id='par_1_7' title="bbox 0 0 1196 3796">
     <span class='ocr_line' id='line_1_34' title="bbox 0 0 1196 3796; baseline 0 0"><span class='ocrx_word' id='word_1_262' title='bbox 0 0 1196 3796; x_wconf 95' lang='lat' dir='ltr'><strong><em> </em></strong></span> 
     </span>
    </p>
   </div>
   <div class='ocr_carea' id='block_1_8' title="bbox 222 3664 235 3699">
    <p class='ocr_par' dir='ltr' id='par_1_8' title="bbox 222 3664 235 3699">
     <span class='ocr_line' id='line_1_35' title="bbox 222 3664 235 3699; baseline 0 0"><span class='ocrx_word' id='word_1_263' title='bbox 222 3664 235 3699; x_wconf 69' lang='grc' dir='ltr'><strong><em>ι*</em></strong></span> 
     </span>
    </p>
   </div>
  </div>
 </body>
</html>
