2362 3796
219 118 375 204 scflom
392 153 432 203 ια
450 153 724 205 υτονοατοαοα
741 154 882 205 LIBRUM
894 153 941 204 vl.
1026 148 1089 212 327

73 292 234 380 ἑξήκοντα
257 290 322 379 γάρ
344 292 400 359 καὶ
422 290 613 376 τριάκοντα,
637 289 740 360 ὅέστι
758 292 796 359 τὸ
811 293 915 379 ἡμισυ
929 289 1090 377 μονάδος,

76 397 288 484 ἐνενήκοντα.
319 399 374 464 καὶ
394 396 496 465 πάλιν
509 402 785 465 πολυπλασίασον
801 395 839 465 τὸ
850 396 893 478 sl]
907 395 990 483 πρὸς
1003 394 1041 465 τὸ
1055 395 1090 482 γ’

75 506 133 575 καί
152 504 223 572 είπδ
243 502 361 582 οὕτως·
385 500 472 584 ἅπαξ
489 501 527 570 τὸ
546 501 580 589 γ’
595 505 637 588 γ’·
660 507 774 588 τρίτον
794 501 831 569 δὲ
846 501 995 588 μονάδος
1007 502 1047 570 τὰ
1061 507 1090 570 νἰ.

73 617 204 699 γίνεται
227 603 290 678 οὖν
314 606 486 696 μετὰτῶν
510 607 712 695 ἐνενήκοντα
734 613 778 696 ρῖ.
817 608 873 675 καὶ
896 607 997 675 πάλιν
1021 607 1091 675 εἰπὲ

74 714 353 796 πολυπλασιάζων
371 714 427 780 καὶ
444 713 483 781 τὸ
502 712 608 799 ἡμισν
625 711 709 799 πρὸς
723 713 761 781 τὸ
776 712 822 799 γ’,
846 710 956 799 ὥσπερ
972 713 1089 780 ἐπολν-
1126 734 1143 783 ο

74 827 262 900 πλασίασας
278 822 335 888 καὶ
352 819 391 887 τὸ
411 816 506 903 ἅπαξ,
526 818 587 902 καὶΙ
601 818 671 886 είπδ
692 819 810 898 οὕτως·
833 815 989 905 ἡμισάκις
1002 816 1040 885 τὸ
1055 818 1090 904 γ’

74 932 123 1008 είς
144 926 205 996 τὸν
228 933 250 993 ἆ
273 928 341 994 ἐστι
364 930 393 992 ῖ.
437 925 493 992 καὶ
516 923 665 1012 πρόσθες
687 928 792 993 ταῦτα
813 937 884 1004 τοῖς
906 928 942 1011 ᾗ
963 924 1020 991 καὶ
1041 930 1091 1009 γί-

73 1060 168 1103 νεται
192 1040 246 1122 ρ’ἆῐ·
269 1030 380 1118 ὥσπερ
398 1028 464 1118 γὰρ
483 1035 597 1118 τρίτον
611 1034 680 1098 τῶν
699 1033 715 1111 ξ
738 1029 778 1097 τὰ
797 1036 829 1114 ic,
852 1027 959 1109 οὕτως
975 1034 1091 1115 τρίτον

73 1137 179 1227 ἥμισυ
205 1138 279 1225 ἡτοι
307 1139 403 1205 ἕκτον
430 1135 470 1204 τά
493 1141 519 1205 ῖ.
564 1137 621 1203 καὶ
648 1142 775 1223 γίνεται
799 1141 854 1223 (ἦ,
886 1133 908 1203 ά
940 1136 1009 1203 ἐστι
1042 1139 1089 1202 δι-

51 1233 200 1313 ’πλάσια
228 1247 289 1311 τοῦ
317 1247 341 1325 ξ.
397 1247 428 1310 εί
459 1242 497 1310 δὲ
529 1238 747 1327 άναβιβάσέις
777 1240 817 1309 τά
849 1246 905 1329 ᾖ,
937 1241 994 1308 καὶ
1026 1240 1089 1309 δύο
1110 1263 1143 1312 10

74 1355 180 1420 ταῦτα
202 1348 365 1436 ποιήσεις,
389 1346 434 1416 δι’
457 1339 498 1416 οὗ
522 1345 539 1416 δ
565 1347 740 1427 διπλάσιος
762 1347 862 1434 λόγος
880 1348 1089 1433 ’ἐμφαίνεταα

142 1459 172 1525 6.
219 1459 288 1524 Τοῦ
316 1453 517 1542 σοφωτάτου
545 1454 705 1540 Μαξίμου
737 1457 797 1521 τοῦ
825 1452 1010 1538 Πλανοάδη
1043 1456 1091 1531 είς

72 1561 135 1631 τὸν
157 1560 242 1648 ὅρον
264 1563 326 1628 τοῦ
350 1558 381 1637 ς’
406 1557 466 1627 τὸν
490 1558 590 1644 λόγος
617 1562 653 1626 ἐκ
676 1557 798 1644 λόγων.
842 1558 1015 1626 τουτέστιν
1038 1555 1090 1625 ὅτι

72 1679 138 1748 πᾶς
160 1667 260 1753 λόγος
281 1666 337 1732 καὶ
355 1663 420 1733 ὑπὸ
442 1663 505 1732 δύο
527 1665 584 1732 ναὶ
601 1667 706 1750 τριῶν
724 1664 780 1730 καὶ
795 1661 963 1731 πλειόνων
978 1661 1089 1747 λόγων

73 1775 283 1858 συντεθῆναι
301 1773 454 1856 δύναται,
479 1765 554 1838 οἷον
573 1768 590 1838 ὁ
611 1771 786 1847 διπλάσιος
804 1765 822 1836 δ
845 1759 957 1854 afim*
973 1772 992 1838 ξ
1011 1767 1089 1852 σύγ·
1110 1791 1142 1840 15

72 1904 179 1947 κειται
207 1881 242 1945 ἐκ
271 1877 333 1946 δύο
362 1876 474 1963 λόγων
503 1877 537 1957 ἐξ
565 1877 733 1963 ἐπιτρίτου
759 1874 816 1941 καὶ
843 1871 1001 1961 ἡμιολίου
1028 1876 1089 1941 τοῦ

71 2010 108 2054 τε
130 1995 153 2070 ἡ
175 1980 259 2071 πρὸς
281 1981 343 2051 τὸν
366 1989 386 2054 ξ
408 1983 464 2050 καὶ
486 1985 547 2051 τοῦ
571 1973 607 2068 ᾗ
629 2005 713 2069 προς
731 1991 764 2066 ἡ,
788 1978 959 2066 σύγκειται
978 1978 1016 2046 δὲ
1034 1980 1088 2045 καὶ

73 2093 110 2158 ἐν
127 2098 232 2176 τριῶν
252 2089 285 2169 ἐξ
301 2090 469 2174 ἐπιτρίτου
482 2099 543 2156 τοῦ
557 2101 580 2174 ἡ
599 2084 681 2171 πρὸς
694 2085 755 2155 τὸν
769 2091 789 2157 ξ
805 2086 862 2153 καὶ
877 2084 1090 2173 ἐπιτετάρτον

72 2205 136 2264 τοῦ
159 2192 279 2282 ῖπρὸς
301 2192 361 2261 τὸν
384 2205 407 2279 ἡ
429 2194 485 2261 καὶ
507 2195 710 2279 ίτιιπέμπτου
732 2196 794 2261 τοῦ
818 2184 855 2278 fi
875 2190 960 2279 πρὸς
981 2190 1043 2259 τὸν
1062 2195 1089 2258 ῖ.

73 2297 234 2380 ὡσαύτως
257 2299 294 2367 δὲ
311 2300 367 2368 καὶ
386 2301 422 2367 ἐν
440 2301 614 2368 πλειόνων.
652 2300 918 2384 λαμβανομένων
937 2289 1001 2365 οὖν
1020 2301 1088 2365 τῶν
1108 2321 1143 2370 20

73 2406 288 2493 παρανόμων
325 2418 396 2486 τοῖς
432 2407 687 2492 συντιθεμένοις
723 2404 838 2491 λόγοις
871 2404 927 2471 καλ
968 2410 1090 2470 πολλα-

74 2513 346 2599 πλασιαζομένων
374 2509 457 2600 πρὸς
485 2507 651 2597 ἀλλήλους
678 2516 806 2596 γίνεται
833 2507 979 2596 ἀριθμὸς
1009 2530 1088 2594 τιαρ-

74 2614 207 2705 άνυμος
229 2621 275 2708 τῷ
300 2617 505 2708 συγκειμένῳ
529 2619 633 2707 λόγῳ·
671 2610 745 2683 οἷον
769 2618 855 2701 ἐπεί,
883 2612 928 2695 ὡς
949 2623 1089 2703 είρηται,

73 2723 245 2808 σύγκειται
269 2721 287 2791 ὁ
311 2723 486 2802 διπλάσιος
508 2724 542 2802 ἐξ
566 2724 733 2808 ἐπιτρίτου
755 2722 811 2788 καὶ
833 2719 999 2806 ἡμιολίου,
1023 2725 1090 2807 ἔχει

74 2827 113 2893 δὲ
136 2826 154 2892 ὁ
175 2830 337 2913 ἐπίτριτος
355 2822 441 2910 άπαξ
460 2825 542 2895 ὅλον
565 2828 621 2894 καὶ
639 2828 677 2895 τὸ
692 2831 805 2914 τρίτον
819 2829 880 2894 τοῦ
897 2822 953 2892 ὑπ’
971 2823 1087 2911 αὐτόν,
1106 2847 1140 2897 ιο

74 2930 236 3014 λαμβάνω
264 2929 339 2999 ἀντὶ
366 2932 428 3019 μὲν
455 2937 516 3001 τοῦ
544 2929 631 3013 ἅπαξ
660 2930 793 3020 μονάδα
820 2934 915 3017 μίαν,
948 2927 1023 2997 άντλ
1051 2929 1089 2998 δὲ

72 3038 135 3103 τοῦ
158 3039 273 3122 τρίτου
295 3036 339 3122 γ’.
378 3037 480 3105 πάλιν
504 3038 574 3106 ἐπεὶ
597 3035 615 3106 ὁ
639 3035 793 3125 ἡμιόλιος
811 3040 877 3122 ἔχει
900 3034 986 3116 ἅπαξ
1005 3033 1088 3104 ὅλον

72 3139 190 3210 καὶτὸ
214 3138 319 3228 ἡμισν
340 3147 402 3210 τοῦ
424 3140 481 3210 ὑπ’
507 3143 629 3230 αὐτόν,
660 3141 820 3230 λαμβάνω
844 3139 920 3209 ἀντὶ
942 3141 1005 3228 μὲν
1027 3145 1089 3209 τοῦ

73 3271 289 3282 ———

145 3327 169 3375 6.
189 3321 203 3373 t
221 3318 270 3375 fol.
291 3325 350 3376 123.

147 3488 172 3536 1.
191 3477 326 3552 μονάδος]
347 3495 432 3550 supra
451 3496 502 3535 scr.
522 3478 556 3535 V.
629 3481 767 3565 83tq6wv
782 3508 817 3520 -
829 3478 873 3550 ἢ
883 3494 975 3547 mu.
988 3477 1099 3529 m&
