2362 3796
220 130 376 187 scnom
393 133 433 184 m
451 132 726 185 ELEMENTORUM
744 133 883 186 mum
896 135 917 186 1.
1005 131 1069 197 201

50 269 214 358 αλλήλων
248 270 305 339 ναὶ
341 274 379 338 αἱ
416 271 690 357 ἐπιζευγνύουσαι
727 270 829 352 αὐτὰς
865 274 1072 362 παράλληλοι

51 382 200 447 ἔσονται.

129 486 203 552 134.
224 480 400 570 Ἔστιμὲν
420 482 536 570 δήκαὶ
558 482 595 551 τὸ
618 481 781 573 θεώρημα
803 488 902 553 τοῦτο
921 488 1070 573 τοπινόν,

56 596 199 679 μίγνυσι
213 589 251 657 δὲ
264 589 440 677 τριγώνων
453 590 510 657 καὶ
523 588 880 678 παραλληλογράμμων
895 591 1070 673 συστάσεις

54 693 126 765 ὑπὸ
143 694 181 764 τὸ
200 693 282 764 αὐτὸ
299 695 387 778 ὕψος
397 698 571 782 κειμένων.
604 694 715 780 ώσπερ
731 689 793 764 οὖν
807 694 848 764 τά
861 699 1070 784 παραλληλό-
1090 724 1106 773 5

53 828 193 891 γράμμα
215 805 316 889 χωρὶς
340 800 553 888 ἐθεασάμεθα
576 803 632 870 καὶ
655 795 699 869 αὖ
721 802 823 871 πάλιν
845 801 886 872 τά
911 811 1070 893 τρίγωνα,

57 905 149 977 οὕτω
171 908 227 976 καὶ
251 905 319 995 ἅμα
341 905 514 995 ἀμφότερα
537 907 697 994 λαβόντες
714 909 839 978 ταύτὸν
858 913 998 992 ἐκείνοις
1016 935 1071 979 πε-

55 1014 213 1083 πονθότα
231 1012 292 1083 τὸν
309 1013 426 1100 λόγον,
445 1010 486 1081 ὃν
501 1019 566 1101 ἔχει
580 1013 663 1102 πρὸς
677 1013 816 1104 ἀλληλα,
833 1017 1071 1105 θεωρήσωμεν.

55 1118 110 1191 ἐπ’
125 1122 264 1189 ἐκείνων
282 1119 344 1207 μὲν
363 1113 426 1188 οὖν
446 1117 463 1187 ὁ
482 1124 542 1206 τής
556 1119 708 1207 ἰσότητος
722 1119 943 1210 ἀναφαίνεται
957 1124 1069 1210 λόγος·

54 1228 168 1296 πάντα
190 1228 254 1316 γὰρ
277 1218 320 1314 ήυ
340 1234 395 1294 ίσα
415 1224 572 1312 ἀλλήλοις
589 1224 629 1294 τά
649 1228 701 1295 ἐπὶ
719 1232 788 1297 τών
807 1227 918 1299 αὐτῶν
937 1229 1069 1316 βάσεων
1090 1256 1123 1304 ιο

55 1343 123 1403 εἴτε
140 1338 287 1420 τρίγωνα
306 1341 370 1401 είτε
388 1331 716 1421 παραλληλόγραμμα
734 1336 788 1403 καλ
809 1338 845 1404 ἐν
863 1350 936 1418 ταῖς
954 1335 1070 1417 αὐταῖς

56 1438 142 1509 ὄντα
170 1438 402 1525 παραλλήλοις.
448 1440 501 1507 ἐπὶ
530 1439 568 1506 δὲ
594 1439 725 1508 τούτων
753 1438 771 1508 ὁ
800 1442 983 1530 πρώτιστος
1006 1447 1069 1511 δεί-

55 1570 178 1615 κνυται
199 1548 268 1614 τών
291 1541 420 1613 ἀνίσων
445 1541 462 1612 ὁ
487 1544 669 1624 διπλάσιος.
715 1543 752 1614 τὸ
776 1545 841 1635 γάρ
864 1549 1070 1634 παραλληλό·

55 1677 214 1740 γραμμου
249 1654 311 1719 τοῦ
348 1648 516 1739 τριγώνου
553 1649 732 1719 διπλάσιον
764 1648 981 1720 ἀποδείκνυσι
1012 1658 1070 1740 τής

57 1754 163 1843 αὐτῆς
195 1755 297 1844 ου”σης
328 1756 458 1843 βάσεως
484 1756 539 1823 καλ
567 1755 676 1836 ὕψους
703 1760 764 1824 τοῦ
792 1754 906 1825 αὐτοῦ.
952 1756 1025 1825 ἀλλ’
1052 1756 1123 1831 διο

58 1863 125 1952 μὲν
143 1860 350 1951 στοιχειωτής
368 1859 430 1949 τήν
448 1865 510 1929 τοῦ
527 1860 696 1948 τριγώνου
714 1860 868 1949 κορυφήν
888 1862 979 1943 ἐκτὸς
992 1861 1070 1932 ὑπο-

55 1971 201 2058 θέμενος
214 1973 276 2037 τοῦ
289 1955 638 2055 παραλληλογράμμου
651 1966 688 2036 τὸ
704 1974 924 2056 προκείμενον
937 1971 1070 2054 ἔδειξεν,

56 2074 152 2165 ήμείς
171 2075 209 2143 δὲ
228 2075 281 2143 ἐπὶ
299 2079 357 2160 τής
370 2070 483 2161 ἑτέρας
497 2071 603 2160 αὐτήν
617 2073 776 2160 λαβόντες
789 2077 850 2142 τοῦ
863 2083 1070 2163 παραλληλο-

56 2181 216 2272 γράμμου
228 2183 373 2268 πλευράς
385 2184 444 2266 τής
458 2179 674 2267 παραλλήλου
687 2183 727 2268 τῇ
740 2185 837 2269 κοινή
850 2180 961 2250 αὐτῶν
974 2181 1070 2268 βάσει

57 2287 96 2358 τὸ
117 2286 200 2356 αὐτὸ
220 2285 448 2371 ἀποδείξομεν.
483 2284 545 2353 δύο
565 2284 629 2371 γάρ
649 2279 747 2354 αὗται
769 2292 830 2356 τοῦ
853 2289 1071 2377 θεωρήματός
1089 2312 1124 2361 20

59 2398 128 2462 είσι
150 2391 288 2472 πτώσεις
311 2391 449 2477 σκοπός,
474 2389 587 2477 ἐπειδὴ
609 2396 668 2477 τής
691 2390 794 2480 αὐτῆς
815 2392 944 2479 βάσεως
968 2395 1071 2482 οὔσης

60 2497 191 2584 ἀμφοῖν
211 2494 233 2586 ή
252 2497 347 2578 ἐντὸς
364 2501 425 2567 τοῦ
444 2498 791 2586 παραλληλογράμμου
808 2501 962 2588 κορυφήν
982 2507 1069 2589 ἔχειν

58 2600 188 2692 ἀνάγκη
211 2603 249 2673 τὸ
272 2609 438 2693 τρίγωνον
461 2599 481 2689 ή
506 2604 607 2683 ἐκτός.

404 2799 461 2864 Ad
484 2822 589 2883 prop.
610 2798 728 2865 XLIII.

127 2925 199 2993 135.
236 2925 316 2990 Νῦν
338 2925 472 3009 πρώτου
496 2920 648 3008 ἐμνήσθη
672 2923 733 2987 τοῦ
760 2920 1069 3007 παραπληρώματος
1087 2946 1123 2996 25

56 3032 94 3099 ἐν
117 3033 163 3122 τῷ
188 3027 246 3116 μγ’
269 3027 477 3116 θεωρήματι,
505 3026 543 3094 τὸ
568 3026 606 3093 δὲ
630 3023 737 3112 ὄνομα
759 3028 827 3094 τών
849 3034 1069 3115 παραπληρώ-

55 3135 172 3223 μάτωυ
192 3130 248 3200 ἀπ’
266 3134 371 3202 αὐτοῦ
390 3137 451 3200 τοῦ
469 3132 662 3219 πράγματος
680 3137 798 3217 ἔλαβεν
822 3129 839 3200 ὁ
861 3132 1070 3220 στοιχειωτής

130 3318 190 3366 134.
209 3312 240 3366 Ρ.
314 3314 373 3364 135.
394 3311 434 3365 νε
448 3309 514 3380 (sq).

53 3422 272 3434 ff-

131 3478 174 3527 16.
194 3468 385 3541 στοιχειωτής]
404 3488 504 3538 χιωτης
522 3469 552 3524 Ρ.
