2362 3796
244 164 400 218 scnom
417 167 456 218 IN
474 169 749 220 ELEMENTORUM
766 171 904 223 LIBRUM
918 171 939 223 1.
1027 168 1092 233 213

148 307 219 373 149.
253 307 298 373 OC
313 303 448 392 άρχαῖοι
465 305 504 375 τὸ
522 305 683 393 θεῶρημα
702 319 801 377 τοῦτο
817 314 864 389 είς
876 310 1092 399 Πυθαγόραν
1129 342 1145 359 ’

73 406 342 499 άναπέμπονσιν,
360 414 417 480 καὶ
434 412 614 500 θαυμαστή
633 415 725 481 ἐστιν
743 411 764 500 ἡ
783 421 913 502 θεωρία
931 421 992 485 τοῦ
1006 425 1092 484 θεω-

72 516 222 606 ρήματος
244 516 376 595 τούτου.
413 515 431 586 ὁ
457 517 495 586 δὲ
518 518 729 606 στοιχειωτὴς
752 519 920 610 ἐντούτῳ
944 519 1009 590 άπὸ
1033 527 1093 609 τῆς

72 626 142 691 τῶν
160 623 519 713 παραλληλογράμμων
538 628 655 711 κοινῆς
672 631 816 713 θεωρίας
830 626 867 694 τὸ
889 626 1091 713 ζητούμενον

74 733 257 798 δείκνυσιν.
308 733 430 799 διττῶν
462 729 499 798 δὲ
532 729 643 799 ὄντων
671 735 741 800 τῶν
771 731 996 819 ὀρθογωνίων
1023 759 1092 816 τρι·
1127 752 1144 801 5

72 834 208 924 γῶνων,
230 839 299 904 τῶν
318 833 380 921 μὲν
400 839 593 921 ἰσοσκελῶν,
616 839 685 905 τῶν
705 836 742 904 δὲ
762 842 949 923 σκαληνῶν,
974 840 1011 906 έν
1030 836 1091 924 μὲν

73 955 146 1022 τοῖς
168 942 376 1011 ίσοσκελέσιν
402 938 463 1008 οὑκ
491 939 534 1010 άν
557 965 637 1010 ποτε
661 939 819 1030 εὕροιμεν
846 940 1015 1030 άριθμοὺς
1038 945 1092 1028 ἐμ

74 1047 222 1136 αρμόσαι
235 1060 307 1128 ταῖς
320 1055 491 1135 πλευραῖς·
507 1045 549 1115 οὑ
562 1046 627 1136 γάρ
643 1050 712 1116 ἐστι
725 1047 933 1135 τετράγωνος
946 1044 1092 1136 άριθμὸς

72 1153 288 1243 τετραγῶνον
310 1153 502 1239 διπλάσιος,
525 1157 556 1220 εί
577 1181 624 1240 μη
647 1155 739 1240 λέγοι
761 1181 812 1234 τις
833 1152 894 1223 τὸν
917 1153 1090 1240 σύνεγγυς.

74 1257 91 1329 ί
122 1257 186 1346 γάρ
214 1257 280 1327 άπὸ
308 1262 368 1328 τοῦ
397 1266 414 1341 ζ
438 1263 500 1327 τοῦ
527 1258 591 1327 άπὸ
621 1263 682 1328 τοῶ
706 1272 725 1328 ἓ
753 1260 926 1341 διπλάσιός
954 1263 1045 1329 ἐστιν
1069 1272 1142 1332 α’10

74 1366 220 1445 δέοντος.
253 1366 290 1433 ἐν
305 1365 342 1434 δέ
355 1378 426 1446 τοῖς
444 1373 625 1452 σκαληνοίς
639 1365 786 1436 δυνατὸν
805 1373 922 1453 λαβεῖν
941 1370 1090 1453 ἐναργῶς

73 1468 156 1558 ἡμῖν
179 1469 350 1539 δείκνυται
378 1472 416 1540 τὸ
444 1470 509 1540 άπὸ
538 1477 596 1558 τῆς
622 1469 864 1559 ὑποτεινούσης
889 1471 953 1559 τὴν
978 1470 1089 1560 ὀρθὴν

73 1585 152 1645 ίσον
183 1588 253 1656 τοῖς
285 1573 447 1645 άπὸ·τῶν
475 1577 551 1665 περὶ
579 1575 641 1663 τὴν
670 1574 791 1665 ὀρθήν.
842 1581 998 1645 τοιοῦτον
1026 1579 1089 1661 γάρ

73 1684 145 1751 ἐστι
172 1679 211 1751 τὸ
240 1684 278 1750 ἐν
301 1688 462 1773 Πολιτεία
488 1690 672 1770 τρίγωνον,
705 1675 746 1750 οὑ
773 1681 836 1768 τὴν
865 1679 976 1769 ὀρθὴν
1000 1703 1090 1768 περι-

73 1790 210 1876 έχουσιν
234 1785 254 1855 ὅ
275 1814 311 1856 τε
333 1794 408 1877 τρία
431 1790 486 1857 καλ
511 1787 529 1857 ὑ
552 1790 707 1875 τέσσαρα,
730 1786 898 1855 ὑποτείνει
922 1787 959 1854 δὲ
982 1784 1089 1872 αὐτὴν
1109 1807 1141 1857 15

74 1891 142 1963 ὑῑ.
186 1893 224 1962 τὸ
254 1904 340 1980 γοῦν
368 1893 433 1963 άπὸ
460 1895 562 1963 τοὺε
589 1897 800 1981 τετράγωνον
829 1900 904 1961 ίσον
929 1893 997 1960 ἐστὶ
1020 1905 1090 1972 τοῖς

73 1996 131 2068 ὑπ’
157 2001 303 2068 ἐκείνων.
348 2010 449 2067 τοῦτο
477 1999 539 2086 μὲν
566 1998 631 2086 γάρ
662 2001 753 2068 ἐστιν
780 2006 886 2066 είκοσι
909 1999 1021 2083 πέντε,
1048 1996 1089 2066 τὰ

73 2103 131 2172 ἄπ’
149 2106 287 2173 ἐκείνων
306 2105 344 2173 δὲ
362 2103 400 2173 τὸ
424 2106 485 2192 μὲν
509 2101 573 2172 άπὸ
598 2109 659 2172 τοῦ
681 2110 702 2191 γ
722 2098 760 2192 θ,
782 2102 820 2173 τὸ
845 2103 882 2172 δὲ
900 2101 965 2172 άπὸ
984 2095 1089 2172 τοῦδ

79 2210 259 2278 ἑκκαίδεκα.
290 2210 395 2299 σαφὲς
414 2203 533 2279 οὖντὸ
553 2210 737 2297 λεγόμενον
757 2211 895 2279 ἐπὶτῶν
919 2208 1089 2298 ἀριθμῶν,

76 2316 321 2399 παραδέδονται
345 2315 383 2384 δὲ
405 2317 462 2383 καὶ
484 2317 631 2402 μέθοδοί
650 2344 738 2397 τινες
759 2322 819 2404 τῆς
840 2314 1002 2401 εὑρέσεως
1018 2320 1087 2386 τῶν
1107 2339 1142 2388 20

74 2418 240 2489 τοιούτων
252 2421 437 2508 τριγῶνων.
456 2421 519 2508 τὴν
532 2422 594 2510 μὲν
608 2428 655 2503 είς
664 2423 832 2493 Πλάτωνα
846 2421 1089 2511 άναπέμπονσι,

73 2522 138 2612 τὴν
173 2526 211 2596 δὲ
246 2534 294 2608 είς
326 2527 552 2616 Πυθαγόραν·
598 2528 663 2598 άπὸ
695 2536 765 2599 τῶν
801 2534 965 2616 περιττῶν
997 2534 1088 2600 ἐστιν

73 2631 240 2720 άριθμῶν.
276 2639 392 2720 τίθησι
414 2632 479 2721 γάρ
502 2633 563 2702 τὸν
587 2637 734 2703 δοθέντα
756 2634 911 2721 περιττὸν
931 2634 976 2714 ῶς
994 2635 1088 2703 ἐλάσ-

74 2757 160 2807 σονα
177 2744 247 2809 τῶν
265 2742 341 2827 περὶ
359 2739 422 2828 τὴν
442 2738 564 2827 ὀρθήν,
587 2742 643 2808 καὶ
662 2745 813 2828 λαβοῦσα
830 2740 890 2808 τὸν
909 2737 965 2808 ἀπ’
983 2737 1088 2808 αὑτοῦ

71 2842 286 2931 τετράγωνον
308 2847 364 2914 καλ
387 2847 511 2915 τούτου
534 2847 666 2933 μονάδα
689 2845 862 2934 άφελοῦσα
884 2856 945 2912 τοῦ
964 2853 1088 2914 λοιποῦ
1106 2864 1141 2914 25

73 2949 113 3018 τὸ
137 2947 242 3037 ἥμισυ
269 2957 385 3039 τίθησι
413 2956 481 3021 τῶν
509 2952 585 3039 περὶ
617 2949 679 3038 τὴν
712 2949 822 3038 ὀρθὴν
853 2948 914 3018 τὸν
946 2957 1088 3036 μείζονα.

72 3065 263 3145 προσθεῖσα
287 3057 325 3126 δὲ
347 3059 403 3125 καὶ
421 3057 529 3149 τούτῳ
548 3057 681 3143 μονάδα
699 3054 760 3144 τὴν
780 3055 900 3143 λοιπὴν
919 3054 1088 3143 ποιεῖτὴν

145 3257 204 3306 149.
224 3251 255 3305 Ρ.

72 3484 78 3495 ,
146 3433 188 3482 10.
208 3429 239 3498 ᾶ]
260 3425 366 3497 μονάδι
383 3426 413 3481 P.
487 3432 530 3481 22.
550 3430 739 3499 Πνθαγορίαν
758 3430 790 3485 P.
863 3424 1101 3503 ’ὶδτὺχτίινὶ

107 3503 151 3553 27.
170 3501 314 3567 προθεῖσα
330 3498 361 3553 Ρ.
