2362 3796
93 145 158 210 230
244 145 399 198 SCHOLIA
416 146 456 197 IN
473 143 749 196 ELEMENTORUM
765 141 905 193 LIBRUM
917 140 953 193 IL

92 290 150 372 τῆς
173 284 253 372 ὅλης
275 277 329 354 ιώ·
365 283 403 353 τὸ
428 291 570 353 ἔλασσον
592 288 704 371 τμήμα
726 289 748 369 β
770 281 825 350 καλ
850 278 888 349 τὸ
915 275 973 348 ὑπ’
1000 275 1108 347 αὐτοῦ

92 391 148 458 καὶ
170 396 230 478 τής
252 389 331 478 ὅλης
355 383 401 477 ι’λῖ·
424 382 467 459 νλὸ
488 391 546 459 καὶ
569 384 608 477 {H
625 381 678 461 λξ·
705 393 766 457 καί
785 387 932 457 ἐστικαὶ
956 383 1013 452 διὰ
1036 389 1106 454 τών

93 497 249 586 ἀριθμῶν
271 495 309 566 τὸ
332 495 397 565 άπὸ
421 501 480 583 τής
503 494 582 583 ὅλης
604 494 815 584 τετράγωνον
843 501 919 562 ἴσον
946 505 1018 573 τοῖς
1039 489 1106 562 ὑτό

92 630 127 672 τε
149 607 208 691 τῆς
231 601 310 689 ὅλης
331 604 388 670 καὶ
410 607 471 670 τοῦ
495 608 646 690 μείζονος
667 601 834 689 τμήματος
860 600 915 668 καὶ
942 603 1001 686 τής
1029 597 1108 686 ὅλης

58 732 75 782 6
91 711 148 777 καὶ
164 714 225 777 τοῦ
239 708 414 789 ἐλάττονος
426 708 595 796 τμήματος
608 708 855 797 περιεχομένοις
873 703 1107 795 ὀρθογωνίοις.

465 907 522 971 Ad
546 927 651 991 prop.
673 904 733 969 III.

159 1031 211 1097 23.
243 1027 353 1097 Ἔστω
385 1026 405 1115 ή
435 1035 499 1095 ΑΒ
532 1028 693 1114 μονάδων
721 1018 765 1111 [ὅ.
811 1023 987 1112 τετμήσθω
1016 1014 1107 1104 εἰςὸ

91 1132 154 1219 τήν
170 1143 201 1200 Α
206 1139 238 1200 Γ
250 1135 306 1202 καὶ
324 1147 346 1222 ἦ
364 1133 425 1221 τήν
440 1140 511 1202 ΓΒ.
541 1131 869 1202 ιιετολυαλασιάσθω
884 1128 904 1219 ή
920 1128 982 1218 ὅλη
1000 1128 1106 1217 ήγονν

92 1236 133 1304 τά
156 1230 192 1324 ᾗ
213 1244 261 1319 εἰς
282 1239 323 1307 τὰ
347 1251 383 1326 η·
420 1241 476 1308 καὶ
503 1245 657 1326 γίνονται
678 1243 732 1328 ξεῖ.
777 1235 1105 1307 ιτειτολυιτλασιάσθω

42 1368 76 1417 10
93 1344 149 1410 καὶ
171 1338 210 1412 τὸ
230 1346 345 1432 ἕτερον
361 1350 473 1441 τμήμα
491 1351 538 1426 ελς
556 1344 595 1414 τὸ
613 1348 728 1435 ἕτερον
741 1350 852 1433 τμήμα
866 1344 1015 1413 τουτέστι
1027 1342 1105 1429 τάη

95 1453 142 1529 εἰς
165 1449 205 1518 τὰ
227 1443 262 1518 ὅ·
289 1451 344 1518 καὶ
362 1457 515 1537 γίνονται
536 1445 587 1538 λ-β.
628 1454 683 1520 καὶ
705 1452 743 1520 τὸ
767 1449 834 1520 άτιό
856 1454 924 1521 τών
948 1462 970 1538 η
991 1449 1104 1538 τετρά-

93 1582 205 1642 γωνον
228 1562 355 1643 γίνεται
375 1550 428 1639 275.
468 1557 555 1646 ὁμοῦ
577 1558 617 1627 τὰ
640 1551 680 1641 {S
702 1559 758 1626 καὶ
780 1557 821 1626 τὰ
839 1548 885 1643 λβ
904 1561 957 1644 {i

161 1666 212 1731 24.
254 1663 323 1730 Καὶ
350 1668 449 1733 τοῦτο
478 1668 630 1752 δείξομεν
657 1663 714 1733 διὰ
742 1668 804 1733 τοῦ
826 1663 863 1731 α’
886 1662 1107 1752 θεωρήματος

94 1767 200 1849 οὕτως
222 1769 322 1856 χωρὶς
345 1765 551 1858 ἀναγραφῆς.
594 1773 677 1838 ἔστω
701 1765 819 1838 εὐθεῖα
842 1766 862 1856 ή
889 1776 953 1836 AB
976 1769 1034 1837 καὶ
1056 1795 1106 1838 τε-

43 1895 76 1945 15
94 1873 248 1962 τμήσθω,
276 1872 321 1954 ώς
344 1880 474 1963 ἔτυχεν,
500 1875 584 1944 κατά
611 1875 649 1944 τὸ
672 1882 710 1944 Γ.
755 1879 809 1943 δεῖ
835 1872 877 1961 δή
905 1878 1028 1962 δεῖξαι,
1056 1873 1106 1944 ὅτι

93 1979 131 2047 τὸ
154 1977 220 2049 ὑπὸ
244 1986 313 2050 τών
336 1988 412 2066 AB,
437 1988 503 2049 ΒΓ
525 1981 763 2069 περιεχόμενον
791 1978 1006 2069 ὀρθογώνιον
1029 1989 1106 2051 ι’σον

94 2085 163 2152 ἐστὶ
185 2097 231 2177 τῷ
254 2113 289 2155 τε
311 2085 378 2155 ὑπὸ
401 2091 470 2156 τών
495 2094 572 2173 ΑΓ,
597 2092 686 2172 [ΓΒ]
715 2088 771 2155 καλ
797 2097 843 2179 τῷ
871 2083 938 2156 ἀπὸ
961 2091 1022 2176 τῆς
1044 2093 1104 2156 ΓΒ

93 2191 303 2283 τετραγώνῳ·
339 2196 464 2260 κείσθω
486 2198 526 2282 τῇ
549 2201 611 2263 ΓΒ
635 2203 690 2281 ἴση
713 2220 735 2280 η
760 2201 841 2262 ΛΕ·
877 2191 1023 2281 ἄτμητος
1044 2193 1106 2281 μὲν

94 2292 212 2382 ήΔΕ,
234 2300 417 2385 τετμημένη
441 2298 479 2367 δὲ
501 2297 523 2387 ή
542 2308 607 2368 ΑΒ
630 2298 713 2368 κατά
734 2298 772 2369 τὸ
792 2307 829 2368 Γ.
864 2298 902 2368 τὸ
926 2297 994 2388 ἄρα
1015 2324 1106 2388 περι·

41 2423 77 2473 20
94 2400 256 2489 εχόμενον
280 2402 494 2491 ὀρθογώνιον
517 2402 584 2474 ὑπὸ
607 2411 676 2476 τών
700 2413 778 2493 ΔΕ,
802 2414 867 2474 ΑΒ
895 2402 1059 2493 εόθειών,
1086 2402 1106 2474 ὅ

95 2509 165 2574 ἐστι
185 2506 223 2575 τὸ
246 2507 312 2578 ὑπὸ
337 2523 394 2598 τῆς
418 2512 497 2600 ὅλης
519 2512 574 2580 καὶ
602 2509 680 2594 ἑνὸς
708 2519 777 2582 τών
803 2512 1014 2601 τμημάτων..
1029 2563 1038 2580 .

93 2610 159 2682 ὑπὸ
187 2618 246 2702 τής
270 2623 340 2684 ΔΕ
365 2626 441 2687 ἴσον
470 2619 538 2688 ἐστὶ
565 2630 610 2709 τῷ
632 2645 668 2687 τε

94 2727 164 2788 ΛΕ
188 2721 244 2788 καὶ
271 2719 429 2812 ἑκατέρου
456 2729 525 2792 τών
551 2725 732 2812 τμημάτων
756 2727 978 2817 περιεχομένῳ
1002 2721 1107 2813 ὀρθο-

93 2832 205 2918 γωνίῳ
228 2827 308 2914 μετὰ
332 2833 393 2897 τοῦ
416 2826 480 2898 άτιὸ
503 2841 562 2917 τῆς
585 2828 731 2918 άτμήτου
753 2830 964 2920 τετραγώνου
983 2832 1106 2917 [Π,1].

165 2974 207 3023 23.
228 2968 269 3022 Vb
279 2971 311 3038 q¹
320 2989 349 3023 m
360 2971 400 3040 (l).
455 2977 498 3026 24.
513 2969 623 3042 Fffinen
632 2987 765 3027 uersuum
775 2971 1105 3042 sustulieresaroinatio).

165 3100 189 3148 1.
208 3089 347 3181 oe‘m'Loin’
364 3096 397 3150 A.
457 3101 481 3151 8.
501 3094 570 3182 w]
585 3087 658 3182 κριτά
678 3095 711 3151 V.
769 3091 1062 3163 τολλατλασιάζονται
1077 3113 1105 3165 q,

92 3167 349 3220 πολλαπλασιασθω
368 3184 404 3220 m.
487 3163 576 3235 ήαλη
594 3167 696 3237 ηγουν]
717 3183 762 3221 om
781 3185 808 3236 q.
891 3175 916 3222 9.
936 3165 989 3238 εἰς]
1011 3160 1064 3222 ἐκέ
1077 3184 1104 3236 q.

128 3235 192 3306 καί]
215 3251 268 3290 om.
283 3254 310 3305 q.
364 3234 637 3302 τολλαιιλασιάζετυι
651 3254 677 3304 q,
697 3234 953 3293 τολλατλασιάαθω
966 3254 1006 3293 m.
1063 3243 1105 3293 10.

92 3320 230 3394 τουτέστι]
249 3318 413 3394 ήγουνηιυ.
487 3332 529 3382 11.
547 3321 583 3381 τὰ
597 3317 628 3397 ὅ]
651 3317 723 3380 ὅτι.
791 3325 859 3395 τῶν]
877 3326 928 3381 τοῦ
947 3324 992 3381 V?
1062 3331 1104 3381 12.

90 3409 221 3475 γίνονται
240 3427 267 3478 q,
287 3428 376 3483 comp.
392 3432 428 3468 m.
487 3414 537 3469 καλ
554 3413 675 3544 τάέκαί
690 3433 726 3470 m.
782 3406 827 3488 λ’β]
847 3431 863 3469 ε
882 3429 952 3468 corr.
970 3412 1006 3468 V.
1062 3419 1105 3469 1'1.

81 3475 161 3541 θυαε
181 3481 262 3537 uncis
281 3482 319 3557 [J
338 3484 450 3558 inclusi,
471 3502 489 3542 a
507 3503 553 3545 me
571 3505 591 3545 ο.
609 3484 672 3543 (ὅτε
687 3488 764 3541 am.
833 3490 879 3542 m.
895 3484 962 3556 AB]
977 3488 1033 3541 ΔΒ
1050 3484 1082 3542 λ’.
