2362 3796
140 938 302 1005 Basilides
326 939 457 1026 Tyrius,
480 942 526 1005 mi
550 940 735 1027 Protarehe,
759 965 832 1008 eum
855 942 1087 1009 Alexandriam

69 1046 223 1113 uenisset
241 1053 275 1111 et
289 1046 378 1129 patri
392 1068 463 1112 meo
479 1050 565 1112 esset
579 1049 831 1128 commendatus,
850 1053 985 1135 propter
1003 1072 1087 1115 eom·

71 1173 177 1219 mune
200 1151 447 1218 mathematiees
470 1153 613 1219 studium
632 1156 789 1220 maiorem
813 1157 1086 1240 peregrinationis

71 1261 203 1343 partem
235 1280 310 1324 eum
343 1280 382 1324 eo
414 1259 511 1346 degit.
562 1261 617 1346 qui
645 1285 745 1347 quum
772 1262 858 1327 forte
891 1263 1010 1327 librum
1045 1263 1086 1327 ab

75 1363 255 1449 Apollonio
279 1365 318 1429 de
337 1368 580 1450 comparatione
604 1367 794 1433 dodeeaedri
818 1372 851 1431 et
874 1368 1032 1434 ieosaedri
1051 1369 1085 1432 in

72 1470 188 1537 eadem
212 1470 353 1556 sphaera
376 1472 623 1557 inscriptorum,
647 1495 821 1558 quamnam
845 1475 930 1538 inter
954 1496 988 1537 se
1012 1494 1085 1555 pro·

72 1577 258 1661 portionem
276 1579 429 1664 habeant,
448 1580 668 1663 conscriptum
686 1579 917 1660 examinarent,
938 1580 1000 1642 hoe
1018 1598 1086 1642 non

72 1685 163 1749 reuse
185 1682 397 1767 Apollonium
425 1684 614 1768 exposuisse
643 1687 851 1766 censuerunt,
883 1684 947 1767 ipsi
975 1687 1085 1746 autem

74 1788 158 1855 haee
180 1789 349 1854 emendate
373 1793 601 1875 exposuerunt,
625 1788 748 1853 sicuta
771 1793 863 1872 patre
883 1811 954 1853 meo
974 1787 1086 1853 audire

72 1894 203 1960 licebat.
234 1916 295 1980 ego
314 1918 391 1961 uero
411 1901 525 1980 postea
543 1897 578 1960 in
598 1896 698 1960 alium
716 1895 836 1959 librum
854 1895 895 1958 ab
911 1894 1086 1979 Apollonio

72 2000 197 2065 editum
221 2000 333 2086 incidi,
360 2004 416 2087 qui
439 2003 753 2069 demonstrationem
777 2003 938 2085 quandam
963 2001 1001 2064 de
1024 2001 1086 2064 hae

73 2107 265 2191 quaestione
280 2109 475 2191 continebat,
496 2113 529 2173 et
542 2130 741 2194 magnopere
762 2113 875 2193 eaptus
891 2131 961 2173 sum
977 2108 1085 2172 studio

73 2212 288 2297 problematis
312 2215 401 2279 illius
425 2216 641 2280 examinandi.
686 2217 752 2280 iam
776 2215 895 2280 librum
919 2217 960 2280 ab
984 2215 1085 2300 Apol-

74 2319 166 2384 lonio
199 2319 321 2383 editum
355 2322 503 2385 omnibus
535 2325 649 2386 notum
684 2343 753 2386 esse
786 2343 843 2404 par
871 2326 933 2404 est,
965 2322 1085 2387 etenim

76 2425 177 2511 uulgo
201 2425 426 2490 circumfertur
449 2432 576 2512 postea,
605 2432 641 2493 ut
663 2427 806 2511 uidetur,
835 2428 986 2492 adcurate
1010 2449 1084 2492 eon-

76 2532 227 2616 seriptus.
265 2551 325 2616 ego
346 2534 463 2616 autem,
482 2554 563 2616 quae
584 2555 666 2616 opus
686 2555 756 2596 esse
776 2533 977 2612 uidebantur,
1001 2553 1085 2595 oom-

75 2640 240 2702 mentatus
256 2636 297 2701 ad
310 2641 343 2701 te
359 2638 488 2702 mittere
504 2639 670 2723 constitui,
691 2639 812 2723 quippe
826 2639 882 2722 qui
902 2642 933 2700 et
952 2639 1086 2720 propter

75 2743 228 2826 peritiam
250 2744 353 2809 totius
377 2743 622 2808 mathematicas
642 2744 865 2827 imprimisque
889 2741 1085 2826 geometriae

70 2946 400 3079 ulamau
418 2959 504 3079 psl·
523 2950 720 3078 lusurus
734 2951 862 3076 Plau
880 2949 1039 3077 litun
1052 2950 1085 3077 ἰ·

73 3094 130 3150 litt.
150 3023 181 3151 li,
239 3101 280 3149 14.
301 3065 394 3150 ἔοικεν
412 3095 470 3150 PB.
527 3099 568 3149 15.
588 3094 705 3165 δοκοῦν]
724 3090 756 3147 τὸ
775 3090 804 3148 δ’
820 3089 963 3162 ὑφ’ἡμῶν
977 3094 1084 3149 δοκοῦν

72 3164 185 3222 PBVv.
240 3184 393 3235 rsponsare,
413 3184 444 3219 su
465 3182 497 3220 ra
511 3184 562 3220 sor.
578 3185 608 3219 αι
621 3184 657 3220 m.
672 3180 737 3232 rsa,
755 3165 791 3231 P3
809 3163 985 3234 γεγραφέναι
998 3166 1083 3219 BVv.

110 3241 154 3292 16.
172 3231 202 3289 δ’
224 3232 296 3308 ἐγώ]
319 3253 374 3290 om.
392 3235 443 3289 PB
478 3254 503 3292 v.
577 3238 651 3291 δοκῶ
672 3236 745 3307 δεῖν]
767 3234 879 3305 seripsi;
898 3238 994 3291 δοκεῖν
1013 3253 1082 3291 oorr.

71 3304 104 3361 in
122 3308 184 3361 aaa
203 3307 240 3374 M,
259 3305 487 3362 toastaPBVv.
551 3313 592 3362 17.
612 3307 676 3378 μέν]
698 3306 878 3363 om.PBVv.
932 3301 1039 3372 ἅπασιν
1052 3306 1084 3359 Ρ.

107 3374 179 3447 τοῖς]
195 3392 249 3433 om.
263 3377 374 3432 PBVv.
431 3375 605 3448 μαθήμασιν,
620 3395 690 3434 corr.
700 3395 735 3433 ex
749 3375 951 3449 μαθηματικήν
965 3396 1001 3433 m.
1013 3384 1038 3445 1,
1053 3372 1086 3429 P·

886 3464 924 3519 1*
1019 3478 1102 3499 aa
