2362 3796
102 131 169 196 204
255 133 413 184 SCHOLIA
430 134 469 185 IN
487 131 762 186 ELEMENTORUM
779 132 918 183 LIBRUM
931 133 953 184 Ι.
1001 86 1010 103 ⁴

102 283 163 342 τοῦ
186 278 312 361 χωρίου
334 270 371 340 τὸ
396 274 501 358 μήκος
523 270 627 359 αὐτής
652 274 712 357 τής
740 269 891 358 εὐθείας,
920 268 994 339 τότε
1017 268 1116 360 ὐπερ-

103 379 252 465 βάλλειν,
275 377 329 447 ὅτε
353 377 391 446 δέ
413 375 557 446 ἔλασσόν
576 379 644 445 ἐστι
662 376 701 446 τὸ
720 376 850 465 γραφὲν
867 382 994 467 χωρίον
1012 375 1119 464 αὐτῆς

104 490 164 573 τῆς
187 483 336 571 εὐθείας,
366 481 410 565 ῶς
437 481 524 552 εἶναι
551 482 589 551 τὸ
618 482 679 570 μέν
707 488 832 572 χωρίον
855 481 965 570 ἐντός,
992 482 1056 571 τήν
1080 483 1117 552 δὲ

105 588 244 660 εὐθεῖαν
271 589 475 679 περιττεύειν
504 590 611 674 ἐκτός,
644 590 816 658 ἐλλείπειν.
865 593 936 658 τῶν
962 588 1025 677 μέν
1053 580 1118 658 οὖν

68 717 84 765 5
103 701 230 767 λοιπῶν
254 697 317 766 δύο
342 695 359 765 ὁ
380 694 565 782 Εὐκλείδης
588 697 625 763 ἐν
647 699 693 787 τῶ
714 694 746 767 ς’
765 700 883 788 βιβλίῳ
902 698 1117 783 μνημονεύει,

104 808 253 873 ένταύθα
281 803 318 871 δέ
347 806 406 886 τίς
436 803 629 890 παραβολῆς
657 800 781 888 ἐδεήθη
809 804 855 892 τῶ
882 802 1022 883 δοθέντι
1049 828 1118 888 τρι-

102 910 202 1001 γῶνῳ
236 919 311 978 ῖσον
344 911 472 977 ἐθέλων
504 912 710 995 παραβαλεῖν
742 904 831 994 παρά
862 905 925 995 τήν
952 911 1118 977 δοθεῖσαν

105 1015 253 1085 εὐθεῖαν.
299 1020 367 1083 ἔστι
391 1014 429 1082 δέ
450 1017 608 1082 τοιοῦτον
630 1010 668 1081 τὸ
691 1011 929 1100 παραβάλλειν,
953 1007 1029 1082 οἷον
1052 1040 1118 1103 τρι-

104 1121 219 1209 γῶνου
238 1123 399 1200 δοθέντος
416 1117 455 1188 τὸ
474 1118 623 1206 ἐμβαδὸν
638 1123 773 1205 ἔχοντος
787 1110 963 1205 ἷβποδῶν,
981 1117 1119 1199 εὐθείας

52 1244 86 1293 10
105 1227 143 1295 δὲ
166 1230 370 1315 έκκειμένης,
393 1218 433 1312 ής
455 1223 493 1294 τὸ
517 1236 620 1313 μῆκος
642 1225 807 1314 τεττάρων
831 1227 900 1294 ἐστὶ
922 1229 1055 1312 ποδῶν,
1079 1224 1118 1293 τὸ

105 1340 181 1400 ῖσον
203 1336 249 1424 τῷ
272 1331 424 1422 τριγώνῳ
447 1330 537 1418 παρά
558 1331 622 1419 τήν
650 1328 790 1400 εὐθεῖαν
817 1331 1059 1420 παραβάλλειν,
1087 1336 1120 1400 εί

105 1439 265 1524 λαβόντες
287 1436 323 1506 τὸ
347 1442 453 1526 μήκος
476 1436 557 1506 ὅλον
575 1442 642 1506 τῶν
662 1431 690 1505 δ
701 1442 817 1506 ποδῶν
837 1436 893 1504 διὰ
912 1441 974 1505 τού
992 1436 1118 1524 μήκους

105 1545 247 1631 εὕρομεν
265 1542 377 1613 καὶτὸ
397 1543 529 1629 πλάτος,
553 1541 644 1612 ὅσων
663 1541 751 1611 εἶναι
770 1547 824 1611 δεῖ
839 1546 967 1630 ποδῶν,
990 1546 1048 1613 ἵνα
1071 1547 1118 1634 τῷ

104 1650 257 1740 τριγώνῳ
280 1650 318 1718 τὸ
341 1649 689 1739 παραλληλόγραμμον
713 1658 788 1717 ἴσον
810 1650 960 1737 γένηται·
990 1644 1066 1718 οἷον
1089 1654 1121 1717 εί

53 1771 86 1820 15
105 1759 199 1844 τύχοι
222 1753 264 1825 όν
286 1756 323 1825 τὸ
342 1757 466 1836 πλάτος
488 1764 510 1841 γ
533 1760 660 1841 ποδῶν,
683 1754 867 1843 ποιήσομεν
885 1754 923 1823 τὸ
942 1759 1048 1842 μήκος
1067 1756 1119 1824 ἐπὶ

104 1863 142 1931 τὸ
166 1862 300 1949 πλάτος,
325 1863 433 1950 όρθής
457 1862 495 1930 δέ
518 1863 700 1949 γενομένης
721 1866 781 1948 τής
798 1868 924 1948 γωνίας
942 1863 1062 1950 ἕξομεν
1080 1861 1117 1931 τὸ

104 1977 238 2057 χωρίον.
273 1975 348 2055 τρία
368 1969 405 2036 δὲ
423 1967 463 2035 τὰ
483 1969 648 2054 δεδομένα
667 1970 702 2035 έν
722 1972 767 2058 τῶ
786 1967 994 2055 προβλήματι
1007 1967 1118 2058 τούτῳ

106 2077 208 2160 έστίν,
232 2075 361 2159 εὐθεῖα,
384 2072 462 2157 παρ’
481 2070 524 2159 ἣν
544 2076 597 2140 δεῖ
612 2079 818 2160 παραβαλεῖν
837 2072 881 2154 ῶς
905 2071 988 2160 ὅλην
1012 2073 1119 2143 αὐτοῦ

105 2183 166 2248 τού
189 2186 314 2267 χωρίου
336 2184 493 2265 γίνεσθαι
515 2177 679 2266 πλευράν,
703 2180 759 2246 καλ
781 2184 964 2267 τρήεωνον,
989 2170 1017 2270 ᾦ
1042 2189 1118 2248 ἴσον

52 2301 86 2350 20
105 2282 192 2352 εἶναι
215 2289 269 2353 δεῖ
289 2283 326 2353 τὸ
345 2285 655 2371 παραβαλλόμενον,
677 2286 733 2352 καλ
751 2289 869 2371 γωνία,
891 2276 914 2373 ή
933 2293 1011 2372 ῖσην
1027 2284 1119 2355 εἶναι

107 2394 161 2458 δεῖ
180 2389 241 2476 τήν
264 2394 325 2458 τού
343 2396 469 2478 χωρίου
487 2396 623 2476 γωνίαν.
661 2394 766 2476 δήλου
787 2391 835 2476 δέ,
859 2388 911 2458 ὅτι
930 2389 1040 2478 όρθής
1056 2391 1118 2479 μέν

106 2495 210 2581 οὐσης
235 2499 293 2582 τής
319 2501 445 2582 γωνίας
471 2493 508 2564 τὸ
532 2495 832 2585 παραβαλλόμενον
859 2492 880 2583 ή
903 2496 1118 2584 τετράγωνον

105 2598 126 2689 ή
151 2599 345 2688 ἑτερόμηκες
368 2606 474 2687 ἔσται,
503 2600 610 2682 ὀξείας
633 2601 671 2669 δὲ
693 2598 715 2688 ή
738 2599 897 2688 άμβλείας
922 2609 961 2670 τὸ
989 2608 1120 2689 χωρίον

104 2704 125 2795 ή
150 2707 276 2795 βόμβος
299 2713 390 2776 ἔσται
418 2703 439 2793 ή
467 2709 670 2796 βομβοειδές.
721 2705 824 2776 είπῶν
857 2707 910 2794 δέ,
943 2705 995 2776 ότι
1026 2709 1118 2798 παρὰ

51 2831 85 2880 26
103 2812 165 2901 τήν
186 2818 348 2882 δοθεῖσαν
367 2810 507 2881 εὐθεῖαν
525 2817 742 2899 παραβαλεῖν,
761 2814 897 2897 ἔδειξεν,
916 2809 969 2881 ὅτι
986 2812 1119 2903 ἀνάγκη

104 2919 166 3007 τήν
195 2919 334 2989 εὐθεῖαν
361 2921 615 3007 πεπερασμένην
643 2915 739 2986 εἶναι.
789 2923 886 3004 ἔλαβε
914 2918 952 2987 δὲ
979 2925 1027 3000 είς
1055 2919 1119 3009 τήν

104 3024 311 3113 κατασκευήν
329 3030 390 3094 τοῦ
408 3025 642 3113 προβλήματος
660 3023 781 3092 τούτου
799 3022 861 3110 τήν
874 3025 1038 3094 σύστασιν
1056 3030 1120 3096 τοῦ

104 3131 453 3220 παραλληλογράμμου
489 3135 550 3198 τοῦ
587 3139 665 3198 ῖσου
700 3133 745 3220 τῶ
779 3130 918 3198 δοθέντι
949 3132 1118 3225 τριγῶνῳ,

106 3241 257 3327 διαφέρει
290 3237 327 3304 δὲ
356 3235 376 3325 ή
411 3238 568 3316 σύστασις
599 3239 657 3322 τῆς
687 3240 893 3323 παραβολῆς,
925 3235 976 3304 ὅτι
1003 3236 1025 3324 ή
1055 3238 1118 3327 μέν

103 3352 317 3368 *ιιι-

178 3405 201 3452 7.
221 3398 295 3466 ἴσον]
316 3417 346 3466 q,
366 3399 434 3451 ῖσων
448 3395 481 3451 V.
539 3401 580 3448 11.
601 3392 641 3467 εί]
660 3389 750 3463 ἤθη.
807 3402 848 3450 13.
868 3391 953 3467 όοων]
974 3389 1043 3453 ὅσον
1059 3398 1119 3469 Vq.

131 3473 174 3521 28,
196 3464 509 3542 παραλληλογράμμου]
529 3481 601 3523 corr.
620 3483 654 3524 ex
671 3463 849 3536 παραλλήλου
867 3465 999 3537 γράμμου
1017 3467 1053 3527 V.
