2362 3796
82 120 148 185 260
225 121 382 174 SOHOLIA
400 123 439 174 IN
456 120 732 185 ELEMENTOBLOEI
749 120 889 171 LIBRUM
902 119 951 172 ΙΙΙ

488 299 545 363 Ad
569 299 638 364 def.
663 300 693 364 8.

149 423 179 487 4.
212 422 311 505 Πλήν
333 418 441 510 τούτῳ
465 423 601 504 διοίσει,
624 417 692 504 ὅτι,
716 423 748 486 εί
769 417 830 505 μὲν
855 421 891 486 έν
913 414 1101 508 ἡμικυκλίῳ

83 527 219 611 γένηται
241 522 262 610 ἡ
286 531 403 610 γωνία,
428 524 517 613 ὀρθή
542 531 644 610 ἔσται,
668 529 699 592 εί
721 524 759 592 δὲ
783 527 819 592 έν
838 530 974 609 μείζονι,
998 521 1101 608 ὀξεῖα,

84 637 115 699 εί
136 631 174 700 δὲ
198 635 234 700 έν
258 631 422 718 ἐλάττονι,
445 629 558 718 ἀμέλει
581 630 632 699 οὔ.

49 815 64 863 5
480 794 537 858 Ad
561 793 630 858 def.
657 794 707 858 10.

152 919 181 984 5.
201 914 350 1003 (τομεύς)
368 911 422 982 Ἐκ
437 918 628 1002 μεταφοράς
637 918 699 981 τοῦ
714 916 956 999 σκντοτομικοῦ
967 911 1101 998 τομέως.

152 1026 182 1089 6.
216 1021 291 1089 Δύο
311 1026 477 1108 διαφοραί
487 1025 552 1088 είσι
565 1031 633 1088 τῶν
647 1021 791 1107 τομέων·
815 1022 851 1087 ολ
862 1017 924 1106 μὲν
938 1016 1002 1104 γάρ
1020 1016 1103 1104 πρὸς

85 1141 155 1206 τοῖς
177 1127 327 1213 κέντροις
349 1125 408 1206 τάς
430 1126 581 1214 κορυφάς
605 1131 718 1213 ἔχουσι
739 1135 808 1194 τῶν
829 1129 980 1210 γωνιῶν,
1009 1127 1045 1191 οί
1064 1121 1102 1191 δέ

86 1231 170 1320 πρὸς
197 1245 269 1310 ταῖς
295 1238 535 1320 περιφερείαις·
574 1236 609 1300 οί
636 1232 674 1300 δὲ
700 1231 782 1319 μήτε
808 1229 892 1319 πρὸς
919 1243 991 1311 ταῖς
1014 1254 1101 1314 περι·

35 1362 68 1410 10
88 1343 236 1425 φερείαις
264 1336 345 1422 μήτε
372 1336 457 1425 πρὸς
479 1352 549 1418 τοῖς
572 1339 738 1425 κέντροις,
766 1333 851 1405 ἀλλά
877 1338 961 1424 πρὸς
989 1334 1105 1414 ἀλλοις

86 1445 174 1511 τισὶν
205 1449 369 1529 σημείοις,
405 1441 461 1510 (1ιά
490 1442 569 1512 τόδε
599 1441 641 1511 οὐ
672 1457 798 1529 τομείς,
833 1439 917 1510 ἀλλα
945 1444 1104 1530 τομοειδή

88 1549 236 1638 σχήματα
260 1551 422 1635 λέγονται.

483 1694 540 1758 Ad
564 1693 634 1758 def.
659 1696 710 1760 11.

157 1821 185 1885 λ.
221 1815 289 1896 Τάς
307 1819 343 1884 έν
362 1815 506 1903 τμήματι
526 1815 698 1902 δηλονότι,
718 1810 760 1883 οὐ
775 1814 833 1894 τάς
850 1821 912 1883 τοῦ
929 1813 1107 1902 τμήματος.

38 1945 70 1994 15
89 1923 145 1990 καὶ
160 1923 245 2009 ζήτει
259 1922 445 2009 κεφάλαιον
458 1920 512 2008 κγ’
527 1923 650 1991 τούτου
666 1925 727 1989 τοῦ
737 1926 872 2008 βιβλίον
884 1921 942 1988 καὶ
952 1920 1108 1989 εἰκοστὸν

90 2031 186 2097 ἕκτον
213 2031 269 2097 καὶ
293 2028 445 2096 εἰκοστὸν
473 2029 635 2115 ἕβδομον,
668 2029 701 2108 ἐξ
730 2019 779 2095 ὦν
806 2031 995 2114 κεφαλαίων
1022 2050 1106 2111 παρ-

91 2140 220 2202 ίσταται
247 2135 303 2201 καὶ
331 2132 368 2201 τὸ
399 2142 474 2201 ἴσον
499 2132 620 2202 ὁκοῖόν
644 2135 750 2201 ἐστιν·
787 2130 828 2201 οά
852 2132 959 2219 μόνον
980 2130 1045 2219 γάρ
1067 2131 1107 2201 τὸ

89 2238 161 2306 κατ’
179 2238 266 2318 εἶδος
285 2247 360 2306 ίσον
380 2244 474 2325 φησί,
499 2235 575 2308 οἷον
599 2238 636 2307 τὸ
659 2237 748 2307 καθὸ
771 2239 926 2326 ἀμβλεῖαι
950 2234 970 2326 ή
994 2236 1109 2326 ὀξεῖαι,

91 2341 175 2411 ἀλλά
204 2343 320 2411 καὶτὸ
349 2343 432 2412 κατά
458 2345 495 2414 τὸ
520 2345 603 2433 πρὸς
630 2342 778 2431 ἀλλήλας
805 2346 961 2431 μέγεθος,
989 2342 1035 2425 ὥς
1062 2344 1107 2432 μή

39 2475 72 2525 20
92 2447 180 2517 εἶναι
208 2450 323 2533 ἑτέραν
352 2452 465 2539 ἑτέρας
492 2449 705 2537 ἀμβλυτέραν
732 2448 753 2538 ή
787 2450 955 2539 ὀξυτέραν.
1003 2455 1110 2520 ταῦτα

91 2553 174 2622 κατά
197 2556 234 2623 τὸ
260 2558 332 2642 ἐμοὶ
355 2557 613 2646 παριστάμενον.

160 2667 189 2732 8.
240 2668 371 2744 Γωνίας
404 2673 477 2744 ίσας
509 2691 539 2752 p.
571 2667 650 2751 166,
681 2669 735 2749 12]
773 2662 848 2751 ήτοι
878 2663 938 2745 τάς
971 2665 1007 2732 έν
1039 2677 1111 2746 τοῖς

93 2770 246 2858 τμήμασι.
443 2766 457 2789 ”

156 2875 214 2944 Ἐν
238 2871 289 2955 οἷς
312 2880 349 2943 αί
370 2878 490 2962 γωνίαι
513 2903 544 2965 p.
572 2880 644 2964 166,
670 2881 724 2961 12]
750 2875 863 2965 ήγονν
880 2879 918 2953 αλ
938 2881 1007 2945 τῶν
1029 2903 1112 2964 τμή-

40 3006 74 3055 25
94 2981 215 3069 μάτων.
255 2985 366 3050 ἰστέον
386 2986 433 3068 δέ,
456 2981 511 3068 ὡς,
530 2980 590 3050 έάν
610 2988 647 3050 έν
665 3003 733 3050 τισι
751 2982 918 3069 τμήμασιν
937 2972 975 3050 αί
989 2982 1113 3068 γωνίαι

95 3097 164 3155 ίοαι
192 3081 269 3173 ἀοι,
302 3090 357 3156 καὶ
385 3092 422 3155 αί
447 3093 514 3156 τῶν
544 3086 656 3157 αὐτῶν
684 3088 863 3175 τμημάτων
890 3095 1010 3174 γωνίαι
1041 3096 1113 3157 ἴσαι

95 3200 237 3262 ἔσονται.

95 3304 309 3316 ——.--

166 3343 192 3390 4.
211 3355 238 3405 p.
312 3341 335 3392 5.
356 3354 382 3404 q.
456 3344 513 3392 6r.
587 3342 610 3391 ἵ.
630 3336 668 3392 V*
683 3338 807 3406 (corrupt
824 3340 842 3405 ).
917 3341 942 3390 8.
961 3334 1001 3389 V¹
1015 3335 1063 3405 (1).

96 3429 310 3440 -—-—-—..

164 3466 206 3514 25.
228 3454 404 3534 ἑάνλοοωμ.
421 3458 455 3531 V,
475 3476 527 3517 om.
543 3460 561 3517 f.
634 3466 677 3516 26.
697 3452 762 3530 ὦσι]
779 3460 838 3515 'non
856 3459 947 3529 liquet
965 3458 1000 3528 V,
1018 3456 1076 3516 είτι
1092 3460 1113 3517 f.
