2362 3796
116 147 183 227 624
251 148 465 201 senonum
482 146 757 199 Ειωιιωιιυοιιυιι
775 146 933 199 τῑΒωυΜ
947 148 1017 201 m

186 292 234 355 19.
272 288 340 355 Καὶ
368 294 475 373 γωνία
502 287 523 373 ή
553 285 620 355 ὑπό
648 312 679 374 p.
705 288 782 372 150,
808 290 868 370 17]
902 292 960 368 εἰς
983 286 1054 375 γὰρ
1075 312 1137 375 ταρ

117 395 282 480 αλλήλους
305 390 440 473 εὐθείας
462 392 522 472 τὰς
544 400 625 478 ΑΒ,
648 399 716 460 ΘΚ
736 392 792 459 καὶ
816 396 867 471 εἰς
893 388 1015 473 αὐτὰς
1038 391 1137 463 εὐθεῖα

119 503 272 570 ἐνέπεσεν
296 497 414 585 ήΑΔ,
437 498 458 584 ή
483 497 574 577 ἐκτὸς
597 504 704 584 γωνία
721 498 742 584 ή
760 494 830 566 ὑπὸ
851 505 889 566 K
893 506 975 569 ΘΔ
997 505 1044 591 τῇ
1062 499 1138 580 ἐντὸς

117 607 172 674 καὶ
196 604 397 673 ἀπεναντίον
420 615 461 692 τῇ
483 602 550 673 ὑπὸ
574 612 675 673 ΒΑΘ
698 613 753 690 ἴση
777 607 880 675 ἐστίν.

82 744 99 792 5
185 717 237 781 20.
271 709 466 797 Ἰσογώνιόν
490 709 619 779 ἔστιτὸ
642 717 749 780 ΑΔΒ
773 736 803 797 p.
830 714 915 800 152,
945 717 1009 801 10]
1042 712 1137 799 ἐπειδή

119 821 155 886 ἐν
177 821 223 908 τῷ
248 818 391 907 δευτέρῳ
414 816 609 904 θεωρήματι
635 821 697 885 τοῦ
721 815 752 894 ς’
777 821 923 902 βιβλίου
947 823 1063 908 λέγει·
1093 819 1136 890 ἐὰν
1171 836 1177 847 “

117 922 287 1009 τριγώνου
312 920 402 1010 παρὰ
430 929 510 1008 μίαν
537 927 606 991 τών
634 925 787 1009 πλευρῶν
815 921 915 1012 ἀχθῇ
939 952 999 1008 τις
1024 927 1134 1011 εὐθεῖα,

118 1027 289 1115 ἀνάλογον
307 1043 399 1115 τεμεῖ
414 1027 473 1108 τάς
490 1034 553 1098 τοῦ
571 1027 740 1118 τριγώνου
757 1030 921 1117 πλευράς,
943 1035 986 1102 ἐν
1008 1035 1051 1104 δὲ
1064 1033 1134 1126 τῷε’

118 1134 312 1222 θεωρήματι
327 1139 388 1203 τοῦ
402 1133 509 1203 αὐτοῦ
524 1141 671 1221 βιβλίου·
691 1134 760 1220 ἐάν,
775 1140 896 1222 φησίν,
913 1138 986 1207 δύο
1004 1148 1134 1229 τρίγωνα

69 1272 102 1321 10
119 1241 179 1321 τὰς
196 1240 342 1329 πλευράς
360 1240 531 1327 άνάλογον
550 1247 619 1330 ἔχη,
639 1242 802 1327 ἰσογώνια
817 1246 915 1311 ἔσται
930 1242 977 1313 τὰ
993 1253 1134 1335 τρίγωνα

185 1352 237 1414 21.
270 1345 463 1415 Διπλάσιόν
482 1350 551 1415 ἐστι
568 1347 607 1416 τὸ
624 1355 765 1415 ΕΒΖΗ
778 1373 811 1434 p.
826 1349 903 1431 154,
919 1354 957 1434 8]
983 1355 1133 1422 δέδεικται

120 1456 224 1544 ἐντῷ
250 1453 308 1539 μα’
331 1455 524 1540 θεωρήματι
547 1458 608 1522 τοῦ
633 1454 667 1521 α’
691 1458 840 1540 βιβλίου,
869 1451 945 1542 ὅτι,
980 1458 1051 1528 ἐὰν
1071 1483 1134 1545 παρ

120 1561 400 1647 αλληλόγραμμον
427 1565 552 1646 χωρίον
580 1558 732 1652 τριγώνῳ
756 1560 858 1646 βάσιν
881 1586 922 1629 τε
944 1562 1022 1652 τήν
1047 1564 1134 1652 αὐτὴν

121 1670 177 1754 ἔχη
196 1667 252 1733 καὶ
267 1666 304 1732 ἐν
322 1678 395 1746 ταῖς
413 1663 530 1745 αὐταῖς
548 1665 774 1754 παραλλήλοις
791 1658 825 1754 ᾖ,
845 1667 1046 1741 διπλάσιον
1064 1678 1136 1742 ἔσται

68 1801 101 1849 15
119 1769 156 1840 τὸ
186 1773 534 1859 παραλληλόγραμμον
561 1775 623 1841 τοῦ
652 1771 828 1861 τριγώνου.
879 1774 941 1841 καὶ
976 1778 1056 1848 ἐπεὶ
1088 1785 1136 1868 ἔχει

119 1876 157 1945 τὸ
181 1884 323 1945 ΕΒΖΗ
341 1878 690 1966 παραλληλόγραμμον
713 1880 816 1964 βάσιν
842 1875 907 1963 τήν
931 1888 1024 1971 ΒΖ,
1054 1885 1092 1956 τὸ
1112 1884 1136 1954 λλ

120 1990 224 2051 ΗΖΓ
239 1990 405 2070 τρίγωνον
422 1987 485 2071 τήν
505 1991 575 2071 ΖΓ,
595 1990 665 2052 ἔστι
684 1984 722 2051 δὲ
740 1984 760 2070 ή
778 1990 842 2052 ΖΓ
858 1993 916 2072 ἴση
936 1993 984 2076 τῇ
1001 1999 1083 2079 ΒΖ,
1099 1989 1136 2060 ιωλ

120 2093 157 2157 τὸ
173 2097 278 2157 ΖΗΓ
297 2089 363 2176 άρα
381 2097 548 2178 τρίγωνον
566 2088 630 2179 τήν
644 2098 705 2159 ΒΖ
725 2096 791 2179 ἔχει
809 2092 923 2177 βάσιν.
960 2100 1136 2169 διπλάσιοι

121 2193 185 2281 άρα
208 2195 246 2263 τὸ
271 2196 621 2283 παραλληλόγραμμον
644 2202 705 2266 τοῦ
728 2195 906 2285 τριγώνου.

67 2332 102 2381 20
188 2304 240 2366 22.
274 2297 353 2366 Ἐάν
381 2299 445 2387 γάρ
473 2307 642 2388 τρίγωνον
669 2303 1020 2400 παραλληλογράμμῳ
1051 2312 1138 2398 βάσιν

120 2414 198 2490 λσην
222 2408 294 2492 ἔχη,
318 2407 373 2473 καὶ
398 2409 435 2473 ἐν
457 2421 529 2486 ταῖς
553 2406 668 2487 αὐταῖς
691 2411 933 2498 παραλλήλοις,
958 2416 1139 2487 διπλάσιόν

121 2513 188 2579 ἐστι
211 2508 249 2578 τὸ
272 2511 620 2600 παραλληλόγραμμον
643 2519 704 2583 τοῦ
727 2516 904 2603 τριγώνου.

413 2637 430 2666 0

488 2710 545 2774 Ad
568 2733 675 2797 prop.
700 2712 756 2778 IV.

188 2833 239 2898 23.
276 2832 498 2919 Παράλληλος
525 2829 590 2920 άρα
620 2835 710 2901 ἐστίν
738 2859 769 2920 p.
795 2835 871 2918 158,
897 2835 954 2917 14]
989 2838 1058 2910 ἐάν
1086 2840 1139 2929 γάρ

68 2967 102 3015 25
120 2935 288 3023 τριγώνου
315 2941 352 3005 αλ
377 2938 517 3021 πλευραὶ
544 2934 715 3024 ἀνάλογον
742 2940 936 3026 τμηθῶσιν,
968 2939 994 3029 ἡ
1029 2944 1138 3016 gula}

122 3056 240 3129 σημεῖα
255 3045 510 3130 ἐπιζευγνυμένη
527 3043 644 3112 εὐθεῖα
656 3042 869 3133 παράλληλός
884 3046 954 3112 ἐστι
970 3051 1037 3120 διὰ
1058 3053 1098 3123 τὸ
1111 3050 1138 3139 β’

121 3161 182 3217 τοῦ
205 3152 245 3220 ς’.

195 3299 236 3346 19.
254 3292 285 3346 B.
358 3293 453 3347 νοω.
526 3293 732 3363 21.v⁸q(p²).
805 3293 897 3346 22.B.
973 3301 1103 3372 τινος.

193 3424 217 3477 1.
242 3416 300 3494 εἰς]
321 3433 374 3474 ser.
394 3413 458 3473 ἐπεί
474 3420 503 3472 et
520 3413 692 3488 παράλληλοι
711 3411 829 3472 εὐθεῖαι
849 3413 887 3473 αλ.
963 3423 1010 3475 17.
1038 3423 1094 3499 δέ]
1112 3420 1139 3479 θλ

113 3497 171 3552 καί
186 3494 219 3555 V.
297 3499 343 3552 24.
364 3489 503 3567 γάρήτῠῦ
524 3505 552 3557 0.-
