2362 3796
207 145 364 197 SOHOLIA
380 145 420 196 IN
437 145 711 196 ELEMENTORUM
728 145 867 196 LIBRUM
880 145 956 199 XIII.
1020 141 1086 206 655

71 283 312 370 περιεχόμενον
337 280 550 370 ὀρθογώνιον
574 276 695 371 ίσονή
723 287 769 373 τῷ
793 281 858 351 ιἰπὸ
881 286 943 350 τοῦ
965 286 1086 351 λοιποῦ

73 390 240 477 τμήματος
266 388 463 480 τετραγώνῳ
492 387 537 468 ὡς
565 390 617 457 ἐπὶ
644 392 703 474 τής
731 389 919 475 ἐκαειμένης
942 386 1086 468 εὐθείας.

140 500 170 564 4.
199 492 456 563 Πενταπλώσιον
475 493 616 562 δύναται
634 519 665 580 p.
680 498 754 581 248,
768 498 803 578 4]
826 494 968 562 δύναται
983 491 1085 580 εἶπεν,

72 602 246 669 τουτέστιν
269 598 320 668 ὅτι
342 596 381 667 τὸ
404 597 469 668 ἀπὸ
488 604 550 668 τοῦ
569 604 719 685 μείζονος
738 600 906 687 τμήματος
924 599 1004 687 μετὰ
1023 603 1085 667 τοῦ

73 709 137 775 ἀπὸ
161 711 220 793 τῆς
242 705 394 794 ἡμισείας
412 708 471 792 τής
489 703 569 792 ὅλης
586 705 834 774 πενταπλάσιόν
853 709 922 774 ἐστι
940 709 1000 772 τοῦ
1020 701 1086 772 ἀπὸ
1105 724 1121 773 5

72 817 131 900 τής
153 811 312 899 ἡμισείας.

141 923 170 987 5.
203 925 275 986 Καί
286 921 355 986 ἐστι
369 917 406 986 τὸ
421 919 483 1004 μέν
501 943 532 1004 p.
547 922 622 1004 248,
639 921 693 1002 15]
714 916 828 1003 ἐπειδή
843 916 880 985 τὸ
897 925 929 984 Α
934 925 966 984 Ε
976 916 1087 1003 τετρώ·

73 1052 186 1112 γωνον
208 1022 392 1111 ὑπόκειται,
417 1033 472 1110 ίση
497 1024 588 1092 ἐστὶν
606 1021 627 1108 ή
647 1031 712 1090 ΑΒ
734 1033 774 1110 τῇ
793 1031 865 1090 ΒΕ.
901 1024 1086 1109 περιέχεται

74 1133 111 1199 δὲ
141 1130 179 1200 τὸ
212 1135 277 1207 ΓΕ
306 1127 372 1197 ὑπὸ
404 1131 474 1197 τών
507 1135 585 1213 ΕΒ,
614 1132 691 1212 ΒΓ,
728 1126 887 1213 δηλονότι
919 1124 984 1195 ὑπὸ
1017 1136 1086 1194 τῶν

74 1244 106 1303 Α
111 1243 151 1320 Β,
165 1242 232 1304 ΒΓ
245 1235 441 1322 περιέχεται·
466 1242 521 1319 ίση
536 1234 611 1322 γάρ,
626 1231 671 1312 ὡς
685 1241 825 1322 εἴρηται,
844 1230 865 1318 ν]
880 1239 945 1300 ΑΒ
958 1236 999 1321 τή
1013 1240 1086 1301 ΒΕ.
1106 1237 1139 1285 10

141 1346 169 1411 6.
208 1343 286 1410 Εἰσὶ
310 1341 347 1409 δὲ
369 1344 430 1407 καί
449 1365 480 1426 p.
495 1343 569 1421 250,
591 1345 624 1423 1]
648 1339 688 1408 τὰ
712 1338 775 1427 γὰρ
795 1340 1086 1426 παραπληρώματα

75 1456 131 1515 ίσα
154 1449 245 1516 ἐστὶν
269 1445 427 1533 ἀλλήλοις
450 1444 507 1513 διὰ
529 1443 567 1514 τὸ
590 1445 649 1532 μγ’
671 1450 734 1514 τοῦ
756 1445 800 1515 α’.

142 1558 170 1621 7.
211 1551 461 1639 Τετραπλώσιόν
485 1554 553 1620 ἐστι
576 1579 607 1639 p.
621 1555 695 1638 250,
714 1555 748 1635 5]
773 1549 812 1619 τὰ
835 1551 901 1638 γὰρ
925 1549 1020 1638 μήκει
1040 1554 1086 1618 δι-

74 1660 197 1728 πλάσια
220 1659 363 1744 δυνάμει
385 1657 615 1744 τετραπλάσια.

142 1769 171 1833 8.
212 1765 370 1831 Τουτέστι
387 1761 425 1830 τὸ
441 1771 473 1829 Α
478 1770 510 1830 Ε
525 1765 585 1830 τοῦ
600 1770 667 1829 ΛΘ
685 1788 716 1849 p.
731 1765 804 1848 250,
820 1767 854 1846 6]
874 1761 913 1830 τὰ
928 1760 991 1848 γὰρ
1010 1762 1085 1845 περὶ
1106 1781 1147 1831 1ο

73 1870 136 1959 τήν
160 1867 266 1954 αὐτήν
290 1867 469 1955 διάμετρον
493 1866 684 1953 τετρώμωνώ
708 1871 802 1937 εἰσιν.

460 2099 515 2164 Ad
538 2121 642 2183 prop.
664 2097 706 2164 II.

164 2228 193 2290 9.
235 2224 342 2288 Τοῦτο
365 2218 607 2307 ἄντιστρόφιον
630 2221 691 2285 τοῦ
714 2216 779 2306 πρὸ
802 2215 917 2287 αὐτοῦ.

146 2333 195 2396 10.
232 2325 482 2413 Τετραπλώσιον
499 2324 565 2410 ἄρα
587 2350 618 2409 p.
633 2327 707 2410 252,
722 2327 757 2408 5]
780 2324 821 2391 τὰ
839 2323 903 2411 γὰρ
922 2323 1018 2412 μήκει
1038 2330 1086 2392 δι-

73 2433 198 2502 πλάσιοι
222 2431 365 2519 δυνάμει
388 2429 618 2518 τετραπλάσια.
1105 2450 1141 2499 20

143 2545 192 2609 11.
233 2540 390 2607 Τουτέστι
417 2535 455 2604 τὸ
480 2541 552 2604 ΓΗ
575 2540 637 2603 τοῦ
659 2544 725 2603 ΑΘ
754 2562 783 2623 p.
808 2539 887 2623 252,
910 2541 944 2621 6]
972 2537 1085 2625 τετρώ-

72 2672 166 2731 μωνα
188 2647 261 2733 γάρ.

144 2756 193 2819 12.
231 2748 422 2817 Λιπλώσιον
446 2746 512 2831 ἄρα
535 2751 594 2814 καί
618 2773 650 2832 p.
672 2749 752 2834 252,
777 2752 831 2831 10]
860 2745 926 2816 ὑπὸ
953 2746 1018 2834 γὰρ
1046 2747 1084 2816 τὸ

73 2855 154 2925 αὐτὸ
179 2854 273 2936 ὕψος.

145 3073 170 3121 4.
189 3067 221 3122 Β,
294 3065 410 3134 ευρ.
484 3071 508 3120 ε.
528 3064 583 3121 Bb.
661 3063 785 3119 ποτε.
862 3063 937 3120 εν.
1010 3069 1035 3118 9.
1053 3062 1085 3119 P.

110 3137 226 3223 10131).
302 3143 342 3192 11.
361 3136 393 3189 B.
467 3141 507 3193 υ,
527 3135 583 3191 Bb.

147 3340 171 3390 1.
190 3336 251 3388 ίσον
270 3327 289 3404 ᾗ
307 3330 360 3404 τῷ]
380 3326 417 3390 ὡς
437 3331 481 3398 εἴη
500 3326 532 3385 τό
552 3347 580 3398 q,
599 3329 660 3384 ίσον
680 3325 754 3383 εῖναι
773 3333 811 3382 τώ
830 3327 864 3382 V.
946 3332 971 3382 2.
989 3323 1084 3395 τετρώ-

73 3423 212 3531 ανν·
264 3409 328 3528 ..ι
347 3400 559 3544 ..w
626 3383 848 3525 αενώι
867 3393 1088 3539 ...1οώ
