2362 3796
223 147 379 200 εοΗοιιΑ
396 151 436 200 m
453 150 729 202 οιωωοανοωσιι
746 152 885 203 LIBRUM
898 152 920 201 1¹
1009 147 1072 213 197

127 291 278 356 ἔστωσαν
301 287 365 356 δύο
388 293 536 376 τρίγωνα
559 287 580 376 ἡ
604 296 717 374 ΑΒΓ,
741 298 858 377 ΔΕΖ,
887 290 1006 378 ἑκάστη
1035 290 1073 359 δὲ

55 391 188 482 πλευρά
212 394 372 481 μονάδων
395 400 440 463 ιῖε.
485 400 544 463 καί
564 399 650 463 εἰσιν
679 399 716 462 αί
742 394 805 463 δέο
833 398 974 486 πλευραὶ
1001 410 1074 478 ταῖς

208 818 605 969 pm

393 948 441 1006 M

57 1098 159 1167 δυσὶν
183 1108 263 1183 ἶσαι,
286 1097 307 1185 ἡ
328 1100 365 1167 δὲ
380 1105 447 1168 ΒΓ
464 1105 504 1189 τῇ
525 1108 587 1168 ΕΖ
610 1100 708 1186 βάσει
727 1106 809 1169 ἔστω
829 1108 958 1189 μείζων.
988 1105 1071 1167 ἔστω

56 1203 81 1292 ἡ
104 1203 167 1291 μὲν
190 1210 257 1272 ΒΓ
274 1204 435 1290 μονάδων
457 1213 513 1291 ᾗ,
537 1203 558 1291 ἡ
583 1204 620 1274 δὲ
643 1215 706 1274 ΕΖ
729 1207 889 1294 μονάδων
911 1198 956 1276 ιδ.

387 1435 444 1501 Ad
467 1459 572 1522 prop.
595 1437 741 1504 XXXIX.
1108 1459 1124 1510 5

127 1561 200 1626 130.
232 1555 381 1636 Εἰκότως
404 1555 422 1625 ὁ
449 1557 659 1644 στοιχειωτὴς
677 1560 867 1646 προσέθηκε
886 1559 924 1627 τὸ
942 1559 998 1627 καὶ
1017 1559 1070 1626 ἐπὶ

56 1663 99 1734 τὰ
122 1661 207 1732 αὐτά
231 1663 323 1751 μέρη.
369 1662 516 1731 δννατὸν
539 1662 603 1749 γάρ
626 1669 742 1749 λαβεῖν
766 1668 843 1744 μιᾶς
865 1665 995 1750 βάσεως
1014 1672 1070 1730 ἴσα

54 1774 204 1857 τρίγωνα
225 1768 263 1836 τδ
288 1768 349 1856 μὲν
373 1768 426 1836 ἐπὶ
447 1767 529 1836 τάδε
552 1767 592 1835 τά
616 1769 711 1856 μέρη,
734 1766 771 1837 τὸ
797 1769 835 1836 δὲ
858 1770 910 1837 έτιὶ
931 1772 1069 1857 θάτερα,

57 1872 131 1944 ἄλλ’
150 1872 191 1943 οὐ
208 1876 341 1954 τιάντως
360 1876 396 1941 ἐν
416 1888 488 1953 ταῖς
503 1873 619 1953 αὐταῖς
633 1877 701 1941 ἐστι
715 1878 819 1942 ταῦτα
833 1875 1070 1962 παραλλήλοις·

57 1978 139 2050 οὐδὲ
160 1980 225 2068 γάρ
249 1978 314 2048 ὑπὸ
338 1980 375 2048 τὸ
399 1979 480 2049 αὐτὸ
504 1978 591 2060 ὕψος
614 1982 700 2048 εἰσὶν
722 1978 833 2069 άμφω.
880 1982 992 2049 ἰστέον
1020 1982 1068 2067 δέ,
1088 2006 1122 2054 10

55 2085 108 2157 ὅτι
130 2091 262 2176 τριττῆς
285 2084 388 2173 οὸσης
410 2091 469 2173 τῆς
491 2091 558 2154 των
581 2084 812 2175 θεωρημάτων
832 2085 1068 2176 άντιστροφῇς·

57 2190 78 2280 ἢ
101 2195 165 2282 γάρ
189 2191 272 2261 ὅλον
295 2189 506 2281 άντιστρέφει
529 2191 613 2280 πρὸς
632 2190 723 2279 ὅλον,
748 2191 793 2273 ὡς
810 2195 848 2262 τὸ
868 2193 917 2279 ιη’
940 2194 996 2261 καὶ
1016 2192 1068 2261 ιθ’

56 2307 204 2388 εἴπομεν,
228 2295 249 2384 ἢ
274 2297 356 2367 ὅλον
378 2323 462 2385 προς
485 2301 584 2386 μέρος
607 2298 652 2378 ιδς
670 2298 708 2367 τὸ
729 2301 761 2373 ς’
780 2301 835 2367 καὶ
853 2299 891 2367 τδ
910 2302 1069 2389 ιιέμιιτον,

54 2401 76 2492 ἢ
101 2405 200 2494 μέρος
222 2404 307 2494 πρὸς
329 2405 428 2493 μέρος
452 2402 497 2485 ὦς
519 2403 557 2473 τὸ
576 2404 610 2491 η’
630 2407 685 2474 καὶ
708 2405 745 2474 τδ
771 2406 814 2473 δ’·
843 2403 966 2496 οὐγὰρ
986 2404 1068 2476 ὅλον

56 2511 95 2578 τὸ
115 2513 329 2598 δεδειγμένον
349 2512 385 2578 ἐν
399 2512 531 2603 θατέρῳ
549 2511 752 2598 ζητούμενόν
766 2513 857 2580 ἐστιν
872 2515 910 2580 ἐν
923 2514 1076 2604 θατέρῳ,
1088 2534 1121 2583 15

57 2611 140 2682 οὐδὲ
162 2615 199 2683 τὸ
224 2618 426 2705 ζητούμενον
449 2617 643 2703 δεδομένον,
667 2616 751 2685 άλλδι
775 2619 882 2706 μέρος.
925 2623 1010 2685 ἔοικε
1030 2617 1069 2685 δὲ

55 2720 115 2789 καὶ
138 2722 241 2788 ταῦτα
262 2721 301 2801 τά
325 2721 527 2810 θεωρήματα
550 2726 688 2791 τοιαῦτα
711 2720 799 2790 εἶναι
828 2724 880 2789 ἐπὶ
907 2726 974 2789 τῶν
1002 2747 1068 2805 τρι-

55 2825 189 2915 γώνων.
233 2819 276 2915 ἦν
302 2827 367 2915 γάρ
395 2826 433 2896 τὸ
463 2828 665 2915 ζητούμενον
694 2831 731 2896 έν
756 2840 827 2908 τοῖς
849 2825 913 2914 πρὸ
937 2826 1068 2895 τούτων

54 2931 95 3002 τὸ
121 2928 208 3000 εἶναι
235 2940 291 3001 ἴσα
317 2934 358 3001 τά
386 2940 548 3020 τρίγωνα,
581 2937 679 3001 τοῦτο
709 2932 747 3001 δὲ
775 2931 837 3001 οὐκ
865 2937 934 2999 ἔστι
962 2931 1069 3018 μόνον

127 3109 358 3252 ξμμιίῗῖμέμὶιμαε
376 3109 441 3165 inde
461 3127 479 3166 ι
496 3109 545 3167 lin.
566 3116 581 3164 1
600 3109 723 3180 uestigia
741 3110 772 3165 in
789 3111 811 3164 F
830 3110 987 3178 supersunt.

181 3223 188 3238 .
284 3198 321 3249 q.

128 3347 152 3396 1.
171 3337 204 3412 ἡ]
223 3357 275 3394 ιω.
295 3334 339 3393 τά.
426 3346 450 3394 3.
470 3337 514 3410 δέ]
537 3339 572 3408 F,
591 3356 644 3395 om.
664 3340 690 3395 b.
776 3340 810 3411 τῇ
830 3342 881 3393 ΕΖ
900 3337 994 3412 βάσει]
1013 3337 1068 3408 Pb,

50 3429 107 3538 Ξοτ.
126 3412 177 3536 τῑῆς
195 3414 248 3465 ΕΖ
266 3405 384 3535 ἐάσειας.
444 3406 560 3540 {39ng
575 3427 606 3480 q,
625 3411 676 3465 τοῦ
694 3409 729 3467 V.
794 3415 835 3467 19.
853 3405 932 3466 εἶναι
950 3409 1116 3590 (ww-5¹

64 3499 248 3551 οοιενιιιις,
288 3496 424 3551 rocusp.
499 3525 505 3553 ‚
563 3525 569 3539 .
