2362 3796
199 159 356 248 spfloffl.
372 161 411 211 m
429 127 703 212 ωοεωεοοοωοιι
721 160 859 211 LIBRUM
874 161 933 212 vn.
1011 155 1076 221 375

64 309 133 367 λ’σοι
167 301 370 386 ἐδείχθησαν
401 314 472 378 τοῖς
498 307 585 385 ΑΛ,
609 305 689 384 ΛΕ,
721 300 776 367 καὶ
809 300 920 367 λοιποὶ
944 297 1013 387 ἀρα
1044 301 1079 366 οἱ

65 412 156 491 MK,
180 412 248 473 ΝΘ
279 409 383 498 λοιπῷ
414 410 460 498 τῶ
488 413 551 473 ΕΒ
585 413 654 474 ἴσοι
686 410 782 474 εἰσίν.
834 403 893 473 έάν
921 404 985 492 γάρ
1010 402 1075 472 ἀπὸ

64 517 132 580 τῶν
156 519 239 580 λ’σων
263 520 318 580 ἴσα
341 509 476 600 ἀφέλῃς,
499 509 539 577 τὰ
562 511 823 598 καταλειπόμενοι
843 519 899 600 λ’σοι
917 508 1075 596 ἀλλήλοις

63 607 136 686 εἰσί.
182 616 300 686 καὶτὰ
324 615 424 686 λοιιιά
448 621 543 703 δῆλοι.

439 796 496 861 Ad
518 819 623 883 prop.
646 797 702 863 IX.
1112 816 1136 864 5*

125 897 182 988 35.
214 917 314 988 Ὥστε
345 916 447 986 ιιοιὶ“
429 947 447 987 ο
475 918 574 1006 μέρος
602 916 736 987 ἐστὶν
722 946 739 987 ο
762 926 843 985 ,ΒΗ
870 921 930 989 τοῦ
958 913 1067 985 ΕΘ
1053 915 1073 1004 η’

62 1027 200 1112 μέρημ.
223 1029 304 1111 212,
326 1022 407 1109 4]‘'
388 1029 485 1093 οτιὸ
485 1022 640 1093 55BH
659 1027 802 1096 ἐλάττων
826 1025 895 1092 ἐστὶ
917 1034 979 1092 τοῦ
1000 1031 1074 1109 ΕΘ,

61 1133 170 1216 δῆλον
195 1133 239 1199 ἐν
265 1134 328 1200 τοῦ
355 1130 404 1199 ιδ’
435 1134 496 1199 τοῦ
527 1133 567 1199 ε’·
606 1129 666 1198 ἐὰν
697 1130 761 1219 γάρ
790 1129 850 1199 τὸν
878 1127 910 1198 Α
941 1133 1075 1218 πρῶτον

25 1233 29 1241 ’
62 1236 226 1324 θήσομεν,
251 1236 409 1326 δεύτερον
432 1236 492 1305 τὸν
515 1245 599 1322 ΒΗ,
626 1242 740 1323 τρίτον
763 1236 824 1305 τὸν
846 1245 895 1321 Δ,
918 1238 1075 1324 τέταρτον

61 1341 122 1411 τὸν
137 1352 209 1430 ΕΘ,
234 1345 305 1412 ἐπεὶ
322 1345 360 1412 έν
379 1349 424 1436 τῶ
444 1340 534 1436 αὐτῷ
551 1341 640 1434 λόγῳ
655 1347 752 1428 ελσίν,
776 1348 846 1410 ἔστι
860 1342 897 1411 δὲ
912 1341 930 1410 5
944 1346 1075 1428 πρῶτος
1094 1363 1128 1412 10

61 1452 122 1516 τοῦ
144 1455 269 1537 τρίτον
283 1448 447 1518 ἐλάσσων·
477 1447 624 1535 ὑπετέθη
647 1450 725 1535 γάρ·
754 1450 810 1516 καὶ
835 1445 852 1516 5
877 1448 1031 1535 δεύτερος
1055 1446 1072 1517 5

62 1560 137 1620 ΒΗ
155 1553 283 1641 δηλαδὴ
301 1553 460 1644 τετάρτου
478 1565 539 1622 τοῦ
560 1549 623 1622 ΕΘ
646 1554 798 1621 ἐλάσσων
817 1559 916 1622 ἔσται.
953 1557 1015 1633 πῶς
1036 1553 1074 1621 δὲ

63 1656 208 1744 ἀριθμὸς
235 1658 359 1740 παντὸς
386 1658 536 1746 ἀριθμοῦ
566 1658 583 1728 ὁ
613 1659 757 1728 ἐλάττων
784 1662 845 1726 τοῦ
873 1664 1024 1744 μείζονος
1037 1655 1094 1743 ἢ
1146 1664 1150 1669 ’

62 1765 162 1852 μέρος
185 1765 276 1833 ἐστὶν
299 1760 320 1850 ἢ
339 1766 421 1851 μέρη
447 1763 563 1834 διὰτὸ
589 1765 622 1833 δ’
646 1769 708 1832 τοῦ
732 1763 772 1845 ζ’.

447 1944 504 2009 Ad
526 1966 629 2030 prop.
652 1936 696 2010 X.
1093 1963 1127 2013 15

68 2053 70 2057 ⁷
129 2069 180 2134 36.
217 2069 379 2151 Νοοῦμεν
412 2063 451 2132 τά
484 2063 568 2134 αὐτοὶ
596 2068 679 2153 μέρη
707 2062 744 2133 τὸ
773 2064 835 2152 μέν
858 2067 989 2150 πλῆθος
1011 2066 1072 2130 τοῦ

60 2175 168 2239 ποσοῦ
191 2181 260 2238 τῶν
283 2172 395 2256 μερῶν
418 2179 510 2255 ἴσον,
537 2169 600 2257 τὴν
625 2170 663 2239 55
685 2170 846 2256 ποιότητα
869 2173 938 2236 τῶν
961 2171 1072 2256 μερῶν

61 2272 121 2361 ἀφ’
149 2277 306 2364 έκοιτέρον
337 2277 460 2364 μέρονς
487 2280 555 2345 τῶν
584 2278 779 2345 ἐλασσόνων
808 2272 966 2369 ἀριθμῶν
998 2271 1073 2353 ἑνὸς

61 2382 183 2466 μέρους
201 2379 284 2469 πρὸς
307 2385 344 2450 ἓν
363 2383 397 2463 ἐξ
415 2379 564 2468 ἀνάγκης
581 2381 643 2467 τὴν
657 2380 763 2468 αὐτὴν
782 2379 880 2466 εἶναι,
904 2369 1072 2468 ἐνδέχεται

62 2485 99 2552 δέ
132 2488 169 2553 ἐν
200 2493 329 2556 πλείοσι
356 2490 470 2576 μέρεσι
497 2491 565 2556 τῶν
593 2487 787 2555 ἐλασσόνων
818 2486 976 2617 ἀριθμῶν
1008 2485 1070 2573 τὴν
1089 2512 1124 2562 20

60 2590 220 2688 ποιότητα
243 2592 356 2660 καὶ
322 2618 384 2680 την
407 2592 516 2679 αὐτὴν
537 2591 627 2660 εἶναι
650 2593 706 2660 καὶ
730 2589 771 2660 οὐ
793 2591 855 2679 τὴν
874 2589 991 2679 αὐτήν,
1016 2590 1070 2660 ὅτε

60 2697 125 2764 εἰσὶ
148 2699 244 2786 μέρη
255 2703 290 2790 ολ
311 2699 490 2777 ἐλάσσονες
512 2696 654 2825 ἀριθμοὶ
677 2703 747 2766 τῶν
764 2698 942 2826 μειζόνων.

127 2805 179 2871 37.
212 2801 339 2888 Ὀρθῶς
361 2803 553 2891 πρόσκειται
575 2802 613 2871 τὸ
637 2799 779 2891 μέρος’“
758 2830 779 2935 p
799 2804 894 2890 μέρη
923 2801 1070 2871 δυνατόν

59 2905 123 3006 γὰρ
146 2906 207 2976 τὸν
230 2907 292 2996 μὲν
314 2913 447 2998 πρῶτον
470 2935 532 2977 τον
516 2911 710 2997 δευτέρου
728 2910 811 2997 μέρη
832 2906 918 2976 εἶναι
936 2909 1043 2975 aaz
1010 2934 1070 2977 τον

131 3071 173 3121 35.
193 3067 240 3122 V².
314 3074 356 3124 36.
375 3066 416 3120 va
420 3067 527 3137 A(b³;)
547 3063 657 3136 σχόλιον
641 3064 763 3130 εἰς
734 3086 797 3122 τοι
802 3064 855 3122 ‘V
861 3065 998 3138 ,σχόλιον
1017 3069 1068 3122 τοῦ

58 3135 146 3192 δενάτ
147 3138 232 3194 ονΔ.
306 3145 356 3194 37.
367 3138 398 3196 P.
1123 3168 1127 3176 ·

132 3286 173 3335 17.
197 3301 234 3335 τω
222 3280 445 3418 vpspc5va5
464 3301 498 3352 με
498 3231 567 3336 QV.
644 3281 700 3335 τῶν
719 3281 824 3352 μερῶν]
845 3297 899 3337 om.
919 3281 952 3337 V.
1028 3286 1068 3336 18.

57 3343 127 3420 ἀφ’]
147 3370 198 3405 τον
213 3349 276 3422 ἀμφ
305 3353 343 3407 V·
390 3369 421 3407 οο
441 3357 516 3409 certe
533 3353 645 3418 falsum,
665 3352 714 3407 sed
732 3368 768 3406 ne
787 3351 890 3407 codicis
910 3352 936 3406 A
955 3352 1069 3439 quidem

58 3421 197 3490 scriptura
220 3422 353 3509 intelligi
361 3425 465 3492 potest.
526 3429 570 3479 20.
589 3422 640 3494 σε]
655 3439 708 3478 om
728 3421 762 3477 V
831 3428 923 3478 ‘zm
893 3419 1007 3490 timp
968 3418 1090 3509 οῶτὶρΧ

57 3492 189 3561 (utroque
207 3493 282 3564 Ιοοο)
301 3512 407 3566 ταυτην
425 3493 458 3566 V
478 3489 586 3568 ταντήν
608 3494 677 3552 A.-
