2362 3796
99 142 142 207 92
251 142 408 196 scflom
425 143 465 194 IN
482 140 758 194 ELEMENTORUM
775 140 915 192 LIBRUM
927 142 949 194 1.

100 282 262 369 εἰτύχοι,
289 278 310 365 ῆ
340 282 452 370 ἑτέρας
478 281 580 361 τινός.
626 285 671 349 ἔτι
697 280 735 349 δὲ
757 283 958 373 σρμνότερον
980 283 1112 351 τούτων

101 390 170 458 ἐστὶ
192 391 232 456 τὰ
253 385 319 455 ὑπὸ
346 392 405 474 τῆς
431 388 566 475 φύσεος
593 387 770 473 γενόμενα·
811 379 860 455 ῶν
887 385 927 454 τά
955 387 1017 474 μὲν
1045 386 1112 457 ὑπὸ

101 495 245 582 σελήνην
278 498 344 580 ἔχει
375 490 436 561 τὸν
468 496 628 579 πολυειδῆ
661 497 905 580 σχηματισμόν,
936 493 977 561 τά
1012 491 1043 560 θ’
1075 497 1112 563 ἐν

100 599 249 694 οὐρανῷ·
273 601 434 689 διαφοραὶ
452 599 516 689 γὰρ
535 600 592 667 καὶ
611 601 647 668 έν
665 613 735 679 τοῖς
752 605 860 679 θείοις
881 600 945 667 εέσλ
970 599 1114 687 σῶμασι,

65 734 82 783 6
100 706 178 775 καθ’
196 703 237 787 ἀς
255 705 434 794 εὐρύθμως
445 704 629 794 κινούμενα
646 705 709 792 τῆν
727 705 852 792 νοεράν
869 706 924 774 καλ
942 703 1116 794 ἄχραντον

100 810 346 900 ἀπομιμοῶνται
364 816 493 898 γνῶσιν
510 827 582 892 ταῖς
599 825 798 900 περιφοραῖς
813 812 869 880 καὶ
882 825 952 893 τοῖς
965 817 1114 882 τοιοῖσδε

101 931 339 1006 σχηματισμοῖς
361 918 632 1006 καταγράφοντες
655 915 716 1004 τῆν
735 915 914 1005 ἀσῶματον
931 922 1001 986 τῶν
1018 923 1116 987 θεῶν

100 1025 273 1112 βούλησιν.
309 1030 379 1093 ἔστι
402 1024 440 1091 δὲ
463 1017 507 1092 αὑ
530 1026 737 1093 καὶτούτων
760 1025 910 1092 ἐπέκεινα
928 1024 1041 1092 κάλλει
1057 1026 1116 1092 καὶ

99 1130 318 1217 καθαρειότητι
328 1129 518 1217 προὺχοντα
532 1135 599 1198 τῶν
614 1135 734 1217 ψυχῶν
748 1129 897 1217 σχήματα
912 1129 1115 1217 αὑτοκίνητα

48 1262 82 1312 10
100 1239 164 1323 πρὸ
188 1247 257 1304 τῶν
282 1236 521 1322 ἑτεροκιυήταν
549 1237 603 1304 καὶ
631 1234 814 1303 ἀδιάστατα
839 1235 904 1325 πρὸ
937 1242 1006 1305 τῶν
1037 1241 1110 1302 ὃτα-

102 1346 232 1409 στατῶν
249 1340 425 1428 ὑφεστῶτα
445 1348 528 1429 ζωῆς
545 1342 654 1432 πλήρη
673 1344 728 1411 καὶ
743 1343 898 1430 γνῶσεως
912 1341 1112 1431 ὑπάρχοντα.

101 1449 177 1530 περὶ
199 1448 322 1515 τούτου
344 1448 400 1515 καὶ
424 1446 441 1517 ὁ
470 1455 608 1535 Τίμαιος
629 1447 715 1537 ῆμᾶς
738 1447 948 1531 ἀνεθίθαξεν·
984 1445 1047 1536 πρὸ
1075 1448 1114 1516 δὲ

101 1553 231 1622 τούτων
263 1553 332 1622 ἐστὶ
363 1557 404 1622 τὰ
435 1554 537 1643 νοερὰ
569 1554 676 1641 πάντη
709 1554 770 1642 μὲν
805 1553 1010 1643 ὑπερέχοντα
1044 1557 1115 1622 τῶν

102 1663 291 1748 αἰσθητῶν,
318 1661 442 1749 γόνιμα
470 1661 508 1728 δὲ
534 1662 590 1729 καὶ
613 1659 828 1746 τελεσιουργά
851 1661 907 1727 καὶ
930 1661 1115 1747 δραστήρια

50 1791 83 1841 15
102 1766 158 1833 καλ
180 1771 283 1835 πᾶσιν
307 1769 340 1849 ἐξ
364 1777 440 1836 ἴσον
462 1769 613 1855 παρόντα
635 1767 691 1835 καὶ
710 1780 781 1846 τοῖς
799 1766 861 1854 μὲν
879 1780 1035 1853 ψυχικοῖς
1051 1769 1115 1852 τήν

103 1873 224 1941 ἕνωσιν
248 1873 426 1959 ἐπάγοντα,
447 1873 510 1959 τῆν
532 1871 564 1940 θ’
582 1876 619 1942 ἐν
641 1886 711 1952 τοῖς
733 1873 885 1958 σῶμασιν
908 1871 1117 1957 παράλλαξιυ

103 1975 357 2067 ἀνακαλούμενα
381 1981 434 2048 ἐπὶ
456 1979 517 2046 τὸν
541 1985 665 2048 οἰκεῖον
689 1979 780 2067 ὅρον.
818 1983 886 2046 ἔστι
910 1978 948 2046 δὲ
969 1977 1035 2064 ἄρα
1055 1978 1115 2043 καὶ

102 2085 143 2152 τὰ
161 2084 291 2153 τούτων
316 2087 510 2173 ἐξηρημένα,
533 2086 590 2152 καὶ
606 2088 694 2153 πολὺ
711 2083 868 2173 θειότερα
886 2082 933 2166 τάΙ
946 2086 982 2152 ἐν
1000 2080 1115 2161 αὑτοῖς

102 2188 279 2277 ὑφεστῶτα
312 2203 382 2269 τοϊς
415 2199 510 2269 θεοῖς
540 2189 747 2277 ἐποχούμενα
779 2190 840 2277 μὲν
877 2205 947 2271 τοῖς
982 2202 1116 2276 νοεροῖς

51 2321 85 2370 20
105 2295 284 2382 σχήμασιν,
316 2296 418 2383 πέρας
446 2295 484 2362 δὲ
510 2296 565 2363 καὶ
595 2294 677 2380 ὅρον
704 2301 806 2365 πᾶσιν
835 2296 1001 2383 ἐπάγοντα
1031 2294 1115 2362 κατὰ

104 2399 223 2485 ταύτά,
251 2400 307 2467 καὶ
334 2400 354 2487 ή
383 2407 548 2488 θεονργία
574 2400 633 2481 τὰς
661 2401 829 2490 ἰδιότητας
856 2402 1116 2488 ἀποτυπουμένη

103 2510 172 2574 τῶν
195 2509 288 2572 θεῶν
311 2502 500 2594 ἀγάλμασιν
520 2507 604 2575 ἀλλα
623 2507 738 2589 ἀλλοις
754 2507 946 2597 περιβάλλει
964 2506 1115 2595 σχήματα

104 2612 160 2681 καὶ
187 2617 410 2700 χαρακτῆρσιν
439 2611 523 2680 αὐτὰ
551 2617 693 2683 τοιῶσθε
725 2618 904 2702 μορφοὺσα
935 2610 1060 2682 ἑστῶτα
1092 2607 1117 2698 ῆ

103 2719 279 2807 καθήμενα
294 2714 314 2806 ῆ
329 2720 439 2799 άλλως
453 2745 522 2798 πως
535 2717 821 2806 ἀπεικονιζόμενα,
839 2722 879 2787 τά
898 2719 935 2786 δὲ
947 2721 986 2787 έν
1001 2717 1118 2797 αὑτοῖς

51 2850 86 2901 25
103 2827 363 2915 προϋπάρχοντα
386 2839 456 2906 τοῖς
477 2836 580 2905 θεοῖς.
617 2824 752 2894 ἀνωθεν
776 2824 896 2910 ἄρατὸ
917 2829 1026 2912 σχῆμα
1044 2825 1114 2892 δια·

104 2937 205 3001 τείνει
228 2935 323 3021 μέχρι
344 2937 412 3001 τῶν
436 2933 595 3020 ἐσχάτων·
633 2936 687 3000 δεῖ
706 2934 771 3020 γὰρ
799 2930 863 3016 πρὸ
890 2935 959 3002 τῶν
987 2929 1118 3000 ἀτελῶν

104 3035 290 3125 ὑφεστάναι
311 3042 352 3107 τὰ
369 3041 478 3107 τέλεια
500 3038 555 3106 καὶ
578 3042 647 3106 τῶν
669 3040 707 3106 έν
728 3037 844 3116 ἀλλοις
865 3035 976 3105 ὄντων
998 3040 1039 3104 τὰ
1059 3039 1114 3124 ἐφ’

105 3144 235 3214 ἑαυτῶν
258 3147 313 3213 καὶ
332 3145 372 3213 τά
391 3143 546 3231 ῆνωμένα
563 3149 632 3213 τῶν
652 3145 874 3232 διῃρημένων.
909 3142 950 3211 τά
970 3142 1031 3230 μὲν
1050 3137 1118 3213 οὑν

105 3245 170 3318 ὑπὸ
197 3253 259 3337 τήν
288 3251 433 3338 σελήνην
461 3249 707 3336 ἀναπέπλησται
734 3254 793 3336 τῆς
823 3247 941 3336 ὑλικῆς
971 3247 1119 3336 ἀσχημο·

104 3367 317 3378 -———--—-

179 3405 240 3478 1.ῆ
278 3426 332 3464 om.
415 3415 456 3464 10.
476 3406 548 3480 πρό]
568 3405 645 3472 πρός.
726 3403 884 3464 ἀδιάστατα
921 3403 1043 3477 ἄστεα,
1067 3409 1120 3464 sed

106 3475 157 3535 cfr.
176 3478 247 3534 Proc
260 3497 292 3534 us
310 3499 338 3549 p.
359 3487 419 3546 13⁷,
438 3485 481 3536 21.
553 3480 723 3549 διαστατῶν]
742 3495 811 3536 corr.
831 3497 865 3534 ex
883 3480 1071 3535 αδιαστατῶν.
