2362 3796
108 155 175 220 632
248 155 405 208 εοΗοιω
423 156 462 207 m
480 152 754 205 ειωιιεπεοιευιι
771 152 927 205 LIBRUM
940 154 1010 209 ΧΠ.

109 299 226 365 ποδῶν
250 304 355 363 εἴκοσι
378 295 433 362 καὶ
451 292 636 380 τεσσάρων,
659 293 714 360 καλ
731 290 920 377 τετμήσθω
942 291 1035 361 κατά
1053 292 1133 377 τδΓ,

110 405 165 470 καλ
188 401 367 488 νενοήσθω
391 396 412 487 ή
436 404 502 466 ΒΓ
529 396 547 467 ὁ
575 402 683 478 κῶνος
709 399 766 465 καὶ
790 402 876 466 ἔστω
903 403 1037 469 ποδῶν
1060 400 1133 468 δέκα

111 506 133 595 ἡ
166 507 330 587 δεκάπους
367 506 405 574 δὲ
436 510 556 592 μείζων
589 505 657 573 ἐστὶ
695 545 718 593 A
935 544 967 595 Γ
1004 548 1033 596 A
1113 545 1130 595 Β

111 618 170 699 τῆς
189 611 385 696 ύκτάποδος,
406 609 478 698 ήτις
496 611 660 692 ὀκτάπους
713 610 1122 649 Ι“““““’“”-“’

77 724 226 808 ττρίτον
255 719 324 787 ἐστὶ
351 722 411 803 τῆς
438 727 543 786 εἴκοσι
571 718 627 785 καλ
659 714 832 803 τεσσάρων
866 715 983 804 οὔσης
1018 721 1135 789 ποδῶν.

113 834 219 893 είκοσι
245 823 418 912 τεσσάρων
447 822 489 910 δή
519 823 622 909 οὔσης
649 827 765 891 ποδῶν
791 824 853 908 τής
874 831 966 910 ΑΒ,
1000 827 1086 895 δέκα
1107 822 1134 890 δλ

112 935 171 1017 τῆς
185 937 258 1014 ΒΓ,
276 929 349 1016 ήτις
368 931 458 998 έστὶν
478 930 495 998 ὁ
515 934 634 1015 κῶνος,
654 926 671 998 ὁ
691 933 801 1010 κῶνος
818 926 887 1017 ἀρα
902 936 1040 1018 μείζων
1057 929 1133 1000 έστλν

114 1035 134 1124 ή
157 1037 195 1105 τὸ
215 1034 319 1123 ήμισυ
337 1040 397 1104 τού
416 1039 612 1121 κυλίνδρου,
636 1034 675 1115 ὅς
693 1037 783 1103 ἐστιν
802 1031 919 1120 ήΑΒ.
959 1035 1133 1123 τετμήσθω

116 1143 157 1230 δή
181 1144 236 1211 καλ
259 1140 280 1229 ἡ
304 1148 372 1209 ΒΓ
399 1138 417 1209 ὁ
446 1145 555 1222 κῶνος
582 1139 603 1227 ἡ
629 1140 794 1220 δεκάπους
820 1138 908 1207 κατὰ
934 1140 977 1209 τὸ
1008 1151 1062 1229 Δ,
1092 1139 1133 1209 καὶ

62 1273 96 1321 10
115 1255 198 1317 ἔστω
223 1246 243 1334 ἡ
266 1254 335 1314 BA
363 1247 528 1327 ἑπτάπους
554 1253 675 1334 μείζων
702 1242 723 1332 ή
751 1243 789 1314 τὸ
817 1245 927 1333 ήμεσυ
956 1258 1026 1335 τῆς
1053 1245 1134 1316 δεκά-

114 1359 230 1439 ποδος,
248 1351 320 1440 ήτις
334 1353 500 1433 ἑπτάπους
514 1352 691 1440 νενοήσθω
706 1349 727 1438 ἡ
742 1349 985 1421 ἀνασταθεῖσα
998 1353 1134 1442 πυραμὶς

116 1459 181 1528 άπὸ
200 1465 262 1528 τού
282 1461 505 1546 ἐγγραφέντος
524 1462 562 1527 ἐν
579 1462 624 1551 τῶ
643 1458 754 1549 κύκλῳ
772 1457 1009 1545 τετραγώνου.
1048 1456 1135 1542 λοιπὴ

116 1565 182 1653 ἀρα
204 1563 225 1652 ή
250 1571 311 1633 ΓΛ
334 1571 473 1652 τρίπους
495 1567 601 1633 ἐστίν·
639 1566 709 1633 ἐπεὶ
735 1562 800 1652 γάρ
830 1560 851 1650 ή
876 1570 950 1633 ΒΓ
975 1567 1136 1643 δεκάπους

117 1675 201 1757 ἐστί,
224 1684 328 1739 κεῖται
352 1670 390 1738 δέ
412 1667 433 1756 ή
457 1677 525 1738 BA
549 1671 726 1755 ἑπτάπους,
755 1667 776 1755 ἡ
800 1673 870 1736 ΔΓ
888 1675 1047 1757 τρίπους
1071 1676 1135 1742 ἐστί

65 1803 99 1851 ιε
116 1777 292 1866 τετμήσθω
315 1777 371 1844 καὶ
394 1775 415 1863 ή
439 1774 549 1862 ΔΓή
572 1781 711 1864 τρίπους
732 1772 815 1842 κατά
837 1775 875 1843 τὸ
899 1782 950 1863 Ε,
974 1780 1041 1847 καὶ
1067 1785 1136 1847 ἔστω

117 1884 138 1970 ἡ
158 1891 229 1952 ΔΕ
250 1878 412 1970 μείζων”
393 1909 413 1968 η
436 1881 473 1951 τὸ
493 1880 596 1969 ἥμισυ
613 1885 671 1968 τής
690 1886 760 1948 ΔΓ
778 1884 952 1968 τρίποδος,
977 1886 1046 1953 καὶ
1066 1891 1136 1955 έστν

119 2017 138 2076 η
155 1997 224 2057 AB
247 1993 365 2068 δίπους
383 1995 502 2072 μείζων
521 1998 582 2056 τοῦ
605 1985 740 2074 ἡμίσεος
761 1989 820 2071 τής
837 1991 1024 2074 τρίποδος·
1051 1990 1140 2079 ἡΒΓ

119 2094 184 2183 άρα
207 2092 312 2174 ποδός
335 2096 465 2162 ἐστιν
449 2093 524 2172 ενὸς
548 2092 692 2162 ἐλάττων
716 2085 801 2160 οὖσα
823 2095 881 2177 τής
902 2088 1137 2185 ύπεροχής,ή

120 2200 272 2286 ὑπερέχει
302 2197 452 2279 ὁκῶνος
479 2204 540 2269 τοῦ
563 2205 678 2285 τρίτου
700 2199 822 2285 μέρους
848 2201 911 2265 τοῦ
936 2208 1138 2291 κυλίνδρου·

67 2333 101 2383 20
120 2305 270 2392 ὑπερέχει
299 2303 336 2370 δέ
364 2304 470 2385 πόδας
497 2306 568 2374 δύο.
614 2331 634 2389 η
659 2303 696 2372 δὲ
719 2309 784 2372 ΓΕ
810 2299 912 2371 οὐδέν
938 2306 1042 2376 ἐστιν
1067 2308 1140 2377 άλλο

120 2409 141 2498 ή
173 2410 213 2477 τά
246 2414 306 2477 τού
334 2410 448 2479 κῶνον
476 2410 701 2496 ἀποτμήματα
747 2408 831 2477 ῶστε
859 2409 931 2476 ἐπεὶ
959 2408 983 2496 ή
1012 2421 1085 2483 ΓΕ
1108 2412 1140 2482 τά

121 2516 339 2603 ἀποτμήματά
355 2521 421 2585 ἐστι
441 2520 503 2586 τοῦ
520 2516 643 2600 κῶνον,
667 2513 767 2601 ήΕΒ
785 2513 805 2601 ή
826 2513 886 2600 ὅλη
906 2516 979 2583 ἐστὶ
995 2521 1142 2609 πυραμίς

121 2621 142 2710 ἡ
167 2627 289 2710 ἔχουσα
313 2623 414 2709 βάσιν
436 2621 473 2690 τὸ
497 2621 713 2707 πολύγωνον,
741 2619 813 2708 ήτις
834 2626 985 2709 πυραμίς
1007 2627 1106 2695 ἐστιν
1126 2621 1142 2703 τ’,

122 2731 320 2816 συγκειμένη
354 2732 389 2796 ἐκ
417 2731 474 2814 τής
505 2735 573 2794 BA
604 2731 662 2814 τῆς
694 2724 941 2811 ἀνασταθείσης
973 2728 1052 2800 ἀπὸ
1085 2732 1141 2800 τού

69 2863 104 2914 25
124 2837 346 2923 ἐγγραφέντος
375 2836 411 2901 ἐν
439 2836 485 2923 τῷ
513 2833 623 2925 κύκλῳ
651 2832 862 2920 τετραγώνου
888 2833 946 2900 καὶ
974 2832 1049 2905 ἀπὸ
1079 2842 1142 2906 τῶν

123 2946 321 3030 πυραμίδων
344 2944 413 3008 τῶν
436 2939 694 3008 ἀνασταθεισῶν
717 2937 782 3006 άπὸ
806 2941 874 3006 τῶν
898 2945 1016 3029 ΑΕΒ,
1037 2948 1141 3017 ΒΖΓ,

123 3054 245 3133 ΓΗΔ,
274 3054 378 3114 ΔΘΑ
403 3046 587 3135 τριγῶνων.
639 3046 708 3114 ἐπεὶ
737 3038 799 3113 ούν
827 3041 847 3129 ή
877 3050 944 3113 ΒΓ
973 3049 1143 3128 δεκάπους
1180 3043 1181 3066 ³

123 3156 224 3237 ἐστίν,
240 3150 258 3220 ά
277 3153 313 3219 δὲ
327 3160 393 3220 ΓΕ
406 3157 554 3237 ποδιαία,
568 3149 588 3238 ἡ
604 3150 702 3238 ΒΕή
719 3149 778 3237 ὅλη
793 3150 941 3236 πυραμὶς
955 3152 1144 3234 έννεάπους

193 3330 255 3399 Fig.
274 3347 328 3384 om.

57 3522 102 3568 ι
195 3505 219 3559 8.
241 3493 351 3573 ἥμισυ]
372 3493 543 3563 ενατρίτον.
595 3485 774 3554 τοῆοωο,
820 3488 1000 3555 ἫΜ
1014 3494 1103 3547 ΓΗΖ
1121 3511 1145 3561 q.
