2362 3796
131 151 194 215 158
281 152 438 203 SCHOLIA
455 153 494 204 IN
512 153 788 204 ELEMENTORUM
804 154 944 205 LIBRUM
957 155 980 206 1.

128 295 186 378 τῆς
204 299 282 377 ΑΒ,
297 299 376 378 ΒΛ,
400 303 432 360 Δ
439 300 477 378 Γ,
491 299 562 378 ΓΑ,
585 306 673 380 τρεῖς
696 292 733 360 δέ
750 298 875 379 γωνίας
892 297 959 379 ἔχει
977 292 1041 379 τῆν
1061 293 1147 383 πρὸς

128 401 173 489 τῷ
198 404 230 463 Α
252 399 307 464 καλ
329 402 375 490 τῷ
399 407 428 467 Β
451 399 574 490 καὶτῷ
599 405 633 467 Γ.

197 507 248 572 82.
284 501 339 572 Ἐκ
372 505 434 574 δύο
467 506 696 594 θεωρημάτων
724 505 888 573 δέδεικται
919 509 982 574 τοῦ
1008 533 1044 575 τε
1076 506 1144 593 πρὸ

128 609 252 678 τούτου
280 613 472 697 δειχθέντος
500 611 557 678 καὶ
584 615 645 678 τοῦ
674 609 918 680 έκκαιδεκάτου.
967 610 1054 698 πρὸς
1081 612 1144 699 μὲν

94 714 192 804 ογδιρ
215 715 253 785 τὸ
278 720 384 799 δεῖξαι
405 716 464 796 τὰς
492 723 715 796 συσταθείσας
743 715 835 797 ἐντὸς
862 715 1049 796 ἐλάσσονας
1074 722 1144 788 τών

129 822 221 901 ἐκτὸς
239 826 369 890 ἐκείνου
384 826 488 890 δεῖται
502 833 563 890 τοῦ
577 822 808 909 θεωρήματος·
831 821 955 903 παντὸς
973 823 1145 910 τριγώνου

128 932 166 995 αλ
187 928 250 995 δύο
273 930 413 1017 πλευραὶ
434 932 494 1015 τῆς
516 931 633 1015 λοιπῆς
656 934 785 1015 μείζους
808 934 908 996 εἰσίν·
934 926 1018 1016 πρὸς
1042 930 1080 998 δὲ
1104 930 1141 999 νδ

127 1031 189 1120 τῆν
207 1030 263 1101 ὑπ’
280 1033 392 1102 αὐτῶν
411 1036 649 1122 περιεχομένην
668 1040 795 1120 γωνίαν
814 1031 987 1122 ἀποφῆναι
1006 1042 1142 1121 μείζονα

126 1149 185 1223 τῆς
206 1136 273 1207 ὑπὸ
296 1144 364 1208 τῶν
389 1139 482 1220 ἐκτὸς
499 1141 733 1229 περιεχομένης
751 1143 859 1209 έκεῖνο
879 1138 969 1232 αὐτῷ
989 1149 1144 1210 συντελεῖ

76 1270 109 1318 10
127 1246 165 1312 τὸ
194 1243 319 1324 παντὸς
346 1245 513 1331 τριγώνου
539 1246 602 1333 τῆν
627 1247 719 1326 έκτδς
740 1253 869 1333 γωνίαν
893 1253 1027 1334 μείζονα
1049 1245 1140 1315 εἶναι

126 1354 186 1437 τῆς
209 1349 303 1429 ἐντὸς
325 1351 380 1417 καὶ
399 1350 610 1422 άπεναντίον.
647 1353 762 1440 λάβοις
781 1351 813 1421 δ’
835 1348 878 1421 δν
897 1351 965 1440 ἅμα
983 1357 1038 1439 τῆς
1055 1378 1138 1439 γεω-

127 1461 280 1546 μετρικῆς
303 1455 472 1544 ἀκριβείας
494 1464 605 1527 πίστιν
628 1460 773 1527 καὶτῶν
802 1462 839 1528 έν
866 1473 937 1540 τοῖς
963 1457 1142 1547 μαθήμασι

126 1563 326 1654 παραδόξων
343 1561 545 1653 ὑπόμνησιν,
569 1570 600 1633 εί
618 1568 796 1653 δείξαιμεν,
816 1565 866 1634 ὅτι
882 1566 1030 1634 δυνατὸν
1046 1564 1142 1646 ἐντὸς

126 1670 293 1760 τριγώνου
315 1670 408 1752 τινὸς
432 1673 483 1740 έπλ
506 1676 583 1758 μιᾶς
601 1676 668 1740 τῶν
687 1677 840 1761 πλεμρών
859 1669 920 1760 οὐχ
940 1673 1029 1758 ὅλης,
1053 1670 1140 1740 άλλά

74 1799 106 1848 15
126 1779 247 1866 μέρους
270 1775 371 1866 αὐτῆς
394 1783 556 1866 συστῆναι
576 1777 639 1846 δύο
659 1777 794 1858 εὐθείας
811 1785 942 1865 μείζους
958 1782 1027 1846 τών
1048 1777 1141 1858 έκτδς

125 1885 180 1952 καὶ
203 1885 305 1954 πάλιν
329 1884 430 1966 άλλας
454 1890 587 1973 μείζονα
609 1891 738 1971 γωνίαν
761 1886 977 1973 περιεχούσας
994 1888 1054 1970 τῆς
1071 1881 1140 1952 ὑπὸ

125 1994 193 2059 τών
217 1992 309 2072 έκτὸς
331 1992 575 2079 περιεχομένης.
617 1990 740 2060 τούτου
762 1991 825 2079 γὰρ
854 1991 1048 2077 δειχθέντος
1071 1988 1141 2077 ὅμα

125 2097 186 2183 μὲν
210 2102 330 2184 δῆλον,
361 2096 411 2166 ὅτι
439 2095 627 2184 ἀναγκαίως
651 2096 668 2166 ὅ
693 2096 903 2186 στοιχειωτῆς
924 2097 1140 2184 προσέθηκεν

124 2202 161 2270 τὸ
186 2203 251 2269 άπδ
271 2207 340 2269 τών
359 2202 511 2291 περάτων
529 2201 694 2291 άρχεσθαι
714 2207 785 2271 δεῖν
803 2207 861 2289 τῆς
875 2204 990 2287 κοινῆς
1009 2202 1142 2287 βάσεως

71 2330 106 2378 20
124 2305 184 2385 τὰς
215 2305 309 2386 ε’ντδς
341 2310 581 2394 συνισταμένας
614 2309 669 2376 καί
701 2307 738 2376 τὸ
768 2308 820 2376 έπλ
848 2311 925 2394 μιᾶς
953 2304 1033 2392 ὅλης
1062 2326 1141 2375 συν·

125 2418 294 2498 ίστασθαι,
317 2409 402 2480 άλλδι
426 2412 489 2481 οὐκ
512 2414 564 2482 έπὶ
587 2417 709 2503 μέρους
727 2419 786 2502 τῆς
805 2413 892 2501 ὅλης.
929 2411 997 2500 ὅμα
1016 2414 1054 2482 δέ
1072 2420 1140 2501 καί,

125 2515 205 2604 ὅπερ
225 2526 373 2605 είπομεν,
393 2520 430 2586 έν
448 2546 479 2586 τι
498 2525 565 2588 τών
585 2523 621 2588 έν
640 2527 822 2611 γεωμετρίᾳ
835 2518 1037 2607 παραδόξων
1054 2516 1139 2588 άνα-

125 2623 318 2711 φανῆσεται.
353 2629 423 2705 πώς
444 2623 509 2712 γάρ
534 2623 575 2694 οὐ
598 2626 800 2714 παράδοξον,
824 2631 855 2694 εί
872 2629 909 2693 αί
925 2625 988 2712 μὲν
1006 2624 1059 2692 έπλ
1077 2629 1139 2712 τῆς

124 2727 203 2818 ὅλης
226 2730 463 2818 συνιστάμεναι
490 2735 558 2800 τών
587 2731 679 2812 έκτδς
707 2734 869 2813 ἐλάσσους
896 2736 998 2816 είσίν,
1030 2733 1069 2798 αί
1099 2730 1138 2798 δέ

71 2858 105 2909 25
124 2838 177 2905 έπί
200 2840 321 2925 μέρους
343 2844 505 2926 μείζονες;
542 2837 727 2924 άναγκαίον
752 2837 869 2919 δὲτὰς
892 2837 1138 2923 συνισταμένας

124 2939 258 3024 εὐθείας
285 2944 349 3012 άπὸ
374 2949 442 3013 τών
466 2946 619 3031 περάτων
643 2943 806 3032 ἄρχεσθαι
833 2949 891 3031 τῆς
919 2942 1064 3029 βάσεως·
1102 2946 1140 3010 αί

123 3047 186 3139 γάρ
211 3051 263 3119 ἐπὶ
287 3052 409 3138 μέρους
436 3049 546 3137 αὐτῆς·
565 3051 803 3139 συνιστάμεναι
828 3052 884 3120 καλ
912 3055 1043 3137 μείζους
1073 3053 1137 3118 δεί-

122 3161 266 3223 κνυνταί
284 3180 363 3223 ποτε
384 3160 451 3222 τών
471 3155 563 3236 έκτδς
581 3157 638 3223 καλ
655 3156 822 3224 ἐλάσσονα
839 3158 1054 3244 περιέχουσαι
1072 3182 1136 3242 γω-

121 3265 209 3327 νίαν.
255 3259 342 3328 οὕτω
372 3261 409 3329 δὲ
435 3261 491 3328 καὶ
513 3263 766 3350 συνισταμένων
795 3261 860 3330 άπὸ
888 3265 956 3330 τών
980 3261 1136 3347 περάτων

187 3494 228 3542 82.
247 3488 277 3544 P.
