2362 3796
233 139 391 192 SOHOLIA
409 141 448 191 IN
465 141 739 194 ELEMENTORUM
757 145 933 198 LIBRUML
1024 146 1087 211 119

71 279 134 366 τήν
156 283 218 348 τοῦ
241 284 383 365 σημείου
406 278 578 366 διαφόραν
601 283 712 366 θέσιν,
737 285 855 368 δῆλον·
892 279 913 370 ἢ
937 284 1001 373 γὰρ
1026 291 1088 370 ἔξω

71 399 177 453 κεῖται
199 383 238 454 τὸ
262 385 370 453 δοθὲν
395 399 536 472 σημεῖον
558 389 617 472 τῆς
644 391 804 474 δοθείσης
831 388 968 471 εὐθείας
990 388 1011 478 ἢ
1036 394 1086 460 ἐπ’

74 488 188 578 αὐτῆς,
209 490 266 559 καὶ
290 495 321 558 εί
342 489 394 559 ἐπ’
420 487 534 577 αὐτῆς,
559 486 580 577 ἢ
603 495 673 558 τῶν
695 493 849 579 περάτων
873 493 975 583 αὐτῆς
998 503 1090 566 έσται

72 589 221 683 θάτερον
244 591 265 684 ἢ
289 599 326 665 έν
349 601 395 689 τῷ
419 595 540 684 μεταξὺ
562 603 706 666 κείσεται
730 603 799 667 τῶν
822 598 952 687 ἄκρων,
981 603 1037 671 καὶ
1060 609 1092 673 εί

74 706 136 784 ἔξω
161 700 281 789 αὐτῆς,
308 698 329 790 ἢ
353 705 389 771 έκ
411 711 569 790 πλαγίου,
599 702 684 772 ὥστε
705 702 769 790 τήν
793 703 851 773 ἀπ’
879 703 985 774 αὐτοῦ
1007 708 1126 792 πρὸςο

71 807 111 876 τὸ
135 809 240 894 πέρας
261 813 320 895 τῆς
342 806 478 888 εὐθείας
500 812 784 897 έπιζευγνυμένην
811 816 942 896 γωνίαν
969 826 1090 900 ποιεῖν,

73 910 166 1000 ήέπ’
186 913 323 993 εὐθείας
339 918 379 1004 τῇ
403 916 579 1003 δεδομένῃ,
604 914 688 984 ὥστε
711 918 959 1002 έκβαλλομένην
983 915 1090 1005 αὐτὴν

74 1020 127 1087 έπί
149 1019 187 1088 τὸ
212 1034 350 1108 σημεῖον
371 1027 512 1090 πίπτειν.

444 1185 500 1282 Aa
525 1241 631 1303 prop.
654 1219 712 1283 111.

136 1343 188 1409 25.
224 1346 305 1421 Πῶς
333 1339 371 1409 δὲ
398 1345 526 1426 γίνεται
553 1337 636 1426 πρὸς
667 1343 712 1432 τῷ
746 1349 777 1408 Α
809 1345 935 1430 σημείῳ
966 1339 1085 1409 εὐθεῖα
1106 1363 1140 1412 10

69 1455 126 1533 ίση
150 1452 189 1535 vy}
214 1453 246 1514 Γ
264 1445 395 1535 εὐθείᾳ,
419 1444 590 1532 ἐμάθομεν
614 1447 651 1513 έν
672 1449 719 1536 τῷ
744 1448 888 1536 δευτέρῳ
912 1446 1064 1532 σχήματι.

134 1557 187 1620 26.
227 1558 350 1635 Τρίτον
378 1550 556 1637 πρόβλημα
582 1561 682 1618 τοῦτο
712 1553 895 1637 δεδομένας
925 1550 985 1636 μὲν
1010 1557 1087 1636 ἔχον

72 1657 138 1726 δύο
162 1653 299 1735 εὐθείας
321 1653 406 1722 κατὰ
428 1652 465 1720 τὸ
490 1655 632 1740 μέγεθος
651 1653 801 1739 ἀνίσους,
824 1657 1032 1742 προστάττον
1051 1655 1088 1722 δὲ

72 1761 212 1849 ἀφελεῖν
237 1759 301 1829 ἀπὸ
325 1764 385 1845 τῆς
407 1764 559 1844 μείζονος
581 1767 659 1845 ίσην
683 1761 723 1845 vy}
747 1758 913 1826 έλάσσονι.
959 1765 1028 1826 ἔστι
1052 1760 1088 1827 δὲ

72 1868 129 1936 καὶ
148 1878 248 1935 τοῦτο
266 1864 501 1934 πολύπτωτον·
524 1867 563 1931 αί
576 1861 641 1951 γὰρ
658 1868 814 1931 δοθεῖσαι
827 1861 940 1932 ἄνισοι
959 1862 1088 1934 εὐθεῖαι
1109 1883 1143 1934 15

71 1971 92 2063 ή
118 1977 290 2041 διεστᾶσιν
318 1959 375 2038 ἀπ’
401 1968 558 2057 ἀλλήλων
585 1967 631 2049 ὡς
657 1967 748 2056 παρὰ
774 1973 820 2062 τῳ
849 1981 1040 2060 στοιχειωτῇ
1067 1967 1088 2058 ἢ

71 2078 151 2147 καθ’
174 2082 212 2145 ἓν
235 2079 337 2163 πέρας
360 2077 587 2145 συνάπτονται
610 2073 631 2162 ἢ
655 2077 837 2163 τέμνουσιν
860 2073 1005 2162 ἀλλήλας
1027 2073 1088 2166 ήή

75 2186 170 2270 ἑτέρα
197 2183 278 2250 κατὰ
307 2181 345 2251 τὸ
373 2185 474 2270 πέρας
502 2184 622 2269 έαυτής
647 2183 759 2269 τέμνει
789 2182 851 2269 τήν
885 2184 1000 2270 ἑτέραν
1031 2185 1088 2253 καὶ

74 2294 174 2359 τοῦτο
199 2293 310 2376 διχῶς·
333 2286 354 2377 ἢ
374 2288 437 2377 γὰρ
456 2285 476 2375 v}
497 2294 617 2376 μείζων
636 2287 700 2375 τήν
718 2287 849 2358 έλάσσω
863 2285 886 2377 v}
900 2287 922 2377 v}
936 2290 1086 2359 ἐλάσσων

73 2395 137 2483 τὴν
159 2401 302 2483 μείζονα.
338 2392 412 2464 ἀλλ’
433 2400 465 2462 εί
487 2395 549 2482 μὲν
571 2393 650 2462 καθ’
672 2397 710 2462 ἓν
733 2397 955 2465 συνάπτοιντο
972 2400 1087 2484 πέρας,
1105 2415 1141 2465 20

73 2503 158 2590 δήλη
182 2501 203 2588 ἡ
226 2499 408 2581 ἀπόδειξις·
431 2503 477 2592 τῳ
501 2498 567 2588 γὰρ
590 2510 695 2591 κοινῷ
719 2503 835 2589 πέρατι
857 2505 984 2593 κέντρῳ
1008 2527 1087 2588 χρη-

72 2608 231 2695 σάμενος,
268 2607 468 2694 διαστήματι
504 2605 541 2674 δὲ
578 2611 618 2695 vy}
651 2607 810 2675 έλάσσονι
840 2612 908 2675 τῶν
941 2607 1087 2674 εὐθειῶν

71 2715 211 2803 γράψεις
232 2713 358 2782 κύκλον
380 2713 436 2780 καί
455 2711 517 2798 τήν
536 2718 671 2798 μείζονα
690 2727 796 2798 τεμείς
814 2714 869 2780 καί
888 2709 1089 2798 ἀφαιρήσεις

72 2829 150 2907 ίσην
173 2824 213 2908 vy}
242 2818 408 2887 έλάσσονι.
455 2815 538 2885 ὅσον
566 2815 630 2905 γὰρ
657 2821 715 2903 τῆς
742 2822 893 2904 μείζονος
921 2813 939 2882 ὁ
967 2812 1089 2892 κύκλος

72 2925 168 3005 έντός
190 2923 424 3011 ἀποτέμνεται,
453 2927 618 2991 τοσοῦτον
642 2930 718 2990 ίσον
742 2928 833 2989 ἔσται
855 2924 896 3007 vy}
921 2918 1087 2986 έλάσσονι.
1107 2941 1141 2992 25

71 3036 103 3100 εί
122 3032 159 3099 δέ
177 3028 198 3118 ἡ
219 3032 312 3115 ἑτέρα
331 3031 447 3116 τέμνοι
466 3027 528 3114 τήν
547 3028 663 3113 ἑτέραν
681 3026 764 3094 κατά
783 3024 822 3094 vd
843 3027 962 3110 ἑαυτής
975 3024 1087 3109 πέρας,

72 3137 147 3227 ήτοι
169 3134 189 3224 ἡ
214 3142 333 3224 μείζων
356 3134 419 3222 τὴν
443 3134 609 3202 ἐλάσσονα
631 3128 759 3218 τεμείή
779 3129 961 3214 ἀνάπαλιν,
984 3130 1039 3197 καί
1057 3135 1089 3199 εί

72 3267 287 3275 .-——-———

144 3321 186 3370 25.
206 3315 233 3367 b.
311 3318 354 3364 26.
373 3310 404 3363 P.

73 3423 289 3433 ---.---

145 3467 322 3542 3.εί]ήΡ.
395 3473 420 3523 4.
440 3461 472 3536 v}]
492 3481 547 3519 om.
568 3466 597 3518 P.
672 3463 896 3532 12.vov‘›vo]vov}
918 3466 946 3518 P.
