2362 3796
81 133 147 198 356
227 133 384 187 SOHOLIA
401 134 440 184 IN
458 132 733 185 ELEMENTORUM
750 130 890 184 LIBRUM
901 130 949 182 vl.

79 280 187 360 ἔσται,
209 275 265 342 καὶ
285 270 329 353 ὡς
348 269 369 359 ἡ
389 280 457 340 BA
479 273 563 360 πρὸς
581 277 652 359 ΒΓ,
674 269 781 349 οὕτως
802 270 840 339 τὸ
864 267 930 339 ἀπὸ
952 275 1014 358 τῆς
1033 279 1101 339 AB

81 381 165 468 πρὸς
195 378 233 447 τὸ
262 377 327 447 ἀπὸ
357 382 415 464 τῆς
437 383 516 445 ΒΓ·
559 376 615 445 διὰ
644 377 682 444 δὲ
704 375 751 444 τὸ,
766 372 849 444 αὐτὸ
871 375 1021 464 πόρισμα
1045 378 1102 445 καὶ

83 483 128 565 ὡς
151 483 171 572 ἡ
195 491 259 552 FA
285 483 371 571 πρὸς
396 485 459 570 τὴν
483 489 560 569 ΓΒ,
593 481 681 552 οὕτω
709 483 765 550 καὶ
792 479 831 550 τὸ
858 479 924 551 ἀπὸ
950 487 1012 570 τῆς
1036 490 1107 552 AF

82 591 165 677 πρὸς
188 590 226 659 τὸ
250 588 315 658 ἀπὸ
340 593 400 676 τῆς
422 594 492 658 ΓΒ.
530 594 612 657 ἔστω
637 580 701 657 οὖν
722 588 938 675 πρῶτονμὲν
956 589 1104 675 μέγεθος

45 695 102 784 δὴ
126 705 211 783 ΒΔ,
240 696 400 781 δεύτερον
423 693 444 782 ἡ
468 700 546 781 ΓΒ,
573 701 688 783 τρίτον
710 693 750 763 τὸ
772 692 838 763 ἀπὸ
861 698 919 782 τῆς
940 701 1023 781 AB,
1052 697 1103 766 τέ·

80 830 203 892 ταρτον
226 801 265 870 τὸ
289 801 356 871 ἀπὸ
379 805 438 889 τῆς
456 807 530 887 ΒΓ,
553 802 702 889 πέμπτον
719 798 741 887 ἡ
761 807 834 887 ΓΔ,
857 802 954 869 ἕκτον
978 803 1015 870 τὸ
1035 799 1102 871 ἀπὸ

80 913 140 997 τῆς
167 915 248 995 ΑΓ,
280 909 336 975 καὶ
370 907 428 975 διὰ
460 907 498 975 τὸ
532 906 588 974 ιδ’
614 910 677 975 τοῦ
710 904 741 974 ε’
767 910 902 993 βιβλίου
934 907 1101 976 συντεθὲν

81 1019 216 1103 πρῶτον
240 1012 261 1101 ἡ
286 1023 355 1082 BA
376 1015 432 1082 καὶ
455 1014 603 1099 πέμπτον
627 1010 647 1098 ἡ
670 1019 731 1081 ΓΔ
752 1011 836 1101 πρὸς
859 1011 1020 1100 δεύτερον
1039 1012 1103 1100 τὴν

82 1127 147 1187 ΒΓ
167 1120 228 1189 τὸν
253 1120 358 1188 αὐτὸν
381 1119 485 1206 λόγον
510 1121 574 1201 ἕξει
597 1119 653 1187 καὶ
675 1123 789 1206 τρίτον
811 1117 849 1186 τὸ
873 1116 939 1187 ἀπὸ
956 1122 1017 1205 τῆς
1035 1126 1103 1191 AB
1131 1108 1149 1126 κ

31 1249 64 1298 10
83 1225 139 1293 καὶ
153 1226 250 1293 ἕκτον
264 1251 302 1294 το
318 1224 383 1293 ἀπὸ
397 1229 456 1311 τῆς
470 1230 539 1292 ΑΓ
552 1227 637 1310 πρὸς
650 1225 809 1311 τέταρτον
823 1224 860 1292 τὸ
874 1222 941 1293 ἀπὸ
956 1228 1017 1311 τῆς
1030 1232 1103 1294 ΒΓ.

149 1334 203 1399 62.
240 1330 308 1398 Διά
328 1329 366 1399 τὸ
385 1329 555 1399 ἀνάπαλιν
574 1330 630 1398 καὶ
651 1331 707 1398 διὰ
725 1329 764 1399 τὸ
779 1329 835 1398 κοτ’
853 1334 915 1398 τοῦ
929 1329 959 1398 ε’
972 1335 1104 1417 γίνεται

83 1432 127 1516 ὡς
150 1435 171 1521 ἡ
195 1443 264 1503 BA
287 1435 370 1523 πρὸς
392 1441 469 1521 ΒΓ,
502 1438 539 1503 τὸ
569 1433 635 1504 ἀπὸ
661 1440 722 1523 τῆς
744 1443 810 1503 BA
838 1435 928 1516 εἶδος
954 1435 1042 1524 πρὸς
1064 1435 1103 1506 τὸ

83 1538 149 1611 ἀπὸ
173 1545 233 1629 τῆς
250 1547 323 1628 ΒΓ,
346 1541 402 1609 καὶ
425 1538 470 1621 ὡς
493 1538 514 1628 ἡ
535 1547 605 1609 ΔΓ
623 1538 708 1630 πρὸς
725 1547 798 1627 ΒΓ,
820 1540 858 1610 τὸ
878 1538 944 1610 ιἰπὸ
962 1545 1023 1628 τῆς
1042 1549 1106 1611 ΓΑ

83 1648 166 1736 πρὸς
188 1647 225 1716 τὸ
250 1646 316 1716 ἀπὸ
340 1651 399 1735 τῆς
418 1652 489 1715 ΒΓ.
525 1647 582 1713 καὶ
607 1646 664 1715 διὰ
686 1648 724 1715 τὸ
744 1648 801 1715 κδ’
817 1657 879 1716 τοῦ
898 1645 927 1714 ε’
946 1648 1003 1715 καὶ
1022 1647 1105 1718 ἀνοί-

33 1775 66 1824 15
85 1760 186 1822 παλιν
208 1755 265 1822 καὶ
288 1753 452 1822 συντεθὲν
475 1754 531 1820 καὶ
554 1751 672 1822 διὰτὸ
695 1752 735 1820 θ’
759 1757 821 1822 τοῦ
843 1752 883 1821 ε’.

424 1951 480 2015 Ad
504 1971 610 2034 prop.
632 1949 769 2018 XXXII.

151 2074 203 2138 63.
236 2071 366 2156 Ἀπορτό
389 2073 444 2138 καὶ
469 2073 629 2157 ἐνταῦθα,
652 2076 718 2139 τίνι
741 2073 854 2161 τρόπω
878 2073 1002 2160 λέγεται
1020 2070 1102 2140 σύν·

83 2184 167 2243 θετα
181 2175 221 2243 τὰ
238 2175 326 2245 οὕτω
340 2178 595 2263 καταγραφέντα
610 2182 766 2264 τρίγωνα.
789 2176 867 2247 οὔτε
880 2176 945 2267 γὰρ
955 2174 1101 2266 ὡρίσατο

86 2277 103 2347 ὁ
127 2278 275 2366 τεχνικὸς
297 2281 457 2368 τοιαύτην
485 2282 650 2351 σύνθεσιν
677 2283 867 2370 τριγώνων,
900 2288 1031 2371 μᾶλλον
1064 2283 1098 2352 δ’

33 2408 67 2456 20
86 2381 160 2452 οὐδ’
179 2382 301 2452 ὁποίαν
315 2384 357 2471 δή
373 2411 449 2452 τινα
464 2386 642 2473 σχημάτων
657 2385 754 2474 ὅλως,
769 2388 847 2457 οὔτε
861 2392 1107 2477 συντεθειμένα

85 2492 195 2574 λέγειν
215 2496 278 2575 ε”χω
297 2489 338 2557 τὰ
359 2490 483 2558 ἐνθάδε
502 2495 661 2579 τρίγωνα,
684 2490 768 2562 ἄλλα
789 2502 917 2581 μᾶλλον
932 2491 1107 2581 ἁπτόμενα

86 2591 248 2681 ἀλλήλων.
299 2595 343 2683 μὴ
371 2595 436 2684 γάρ
464 2603 524 2683 μοί
551 2624 600 2678 τις
629 2597 871 2685 ἀναγινώσκων
907 2604 1104 2671 συναπτίτω

85 2703 122 2767 τὸ
147 2705 295 2790 συντεθῇ
318 2700 398 2789 μετὰ
421 2707 482 2770 τοῦ
500 2703 583 2772 κατὰ
605 2709 696 2790 μίαν,
719 2703 792 2773 ἀλλ’
815 2706 932 2774 εἰπών·
957 2706 1018 2775 ἐὰν
1037 2707 1103 2776 δύο

85 2812 232 2894 τρίγωνα
257 2812 418 2897 συντεθῇ,
445 2809 500 2876 καὶ
523 2806 722 2890 ὑποστείλας
748 2811 810 2897 τὴν
836 2811 957 2898 φωνὴν
980 2811 1105 2900 μικρὸν

33 2933 67 2984 25
87 2911 144 2979 διὰ
165 2912 227 3000 τὴν
251 2913 330 3001 μετὰ
351 2917 455 2982 ταῦτα
472 2919 603 2983 τελείαν
622 2912 790 2984 ἀπόδοσιν
810 2918 999 3005 ἐπαναγέτω
1017 2920 1107 2987 κατα

159 3131 200 3179 62.
220 3124 417 3196 B²V=qsb³1).
490 3132 532 3181 63.
551 3129 565 3180 t
584 3121 701 3197 (ἀπορία
719 3125 752 3182 νέ
773 3085 797 3195 ).Ι

91 3251 305 3261 -------—

159 3324 202 3372 11.
219 3319 339 3388 γίνεται]
355 3315 408 3388 γάρ
423 3317 494 3405 τίσιν
509 3337 551 3406 q.‚
591 3325 633 3374 12.
654 3321 783 3446 BAQYBB
797 3339 824 3390 q.
883 3323 1099 3395 13.ΒΓ](ι1ι.)

87 3384 139 3455 τὴν
158 3391 214 3441 ΒΓ
228 3386 260 3443 B.
334 3395 375 3444 14.
394 3409 464 3456 προς
482 3386 513 3445 τὸ
533 3388 604 3462 από]
624 3388 694 3457 πρός
740 3436 745 3448 .
813 3389 858 3465 τό]
879 3410 933 3449 om.
952 3392 986 3451 V.
1053 3399 1098 3450 15.

86 3456 155 3511 Post
173 3453 199 3511 ε’
218 3459 281 3513 add.
302 3454 341 3512 δι’
358 3452 392 3514 οὗ
411 3460 460 3515 καὶ
479 3461 584 3531 μᾶλλον
603 3464 750 3517 δείκνυται
767 3462 790 3515 Β
809 3463 866 3519 alia
886 3480 980 3520 manu.
