2362 3796
105 150 172 215 644
240 150 399 204 scnom
416 153 456 203 m
474 150 748 205 ειειιεανοεοα
765 150 919 205 Μνεῦιν
931 154 1003 211 m

105 304 245 378 σημεῖον
262 289 301 359 τὸ
316 297 358 358 Η.
396 292 494 376 λέγω,
517 287 569 358 ὅτι
592 287 614 376 ἡ
637 286 703 358 ἀπὸ
721 293 783 358 τοῦ
799 297 841 357 Η
862 292 926 361 έπλ
943 293 989 364 τὸ
1007 303 1132 367 ΒΕΖΔ

106 398 265 465 ἐπίπεδον
288 396 433 475 κάθετος
454 393 604 482 ἀγομένη
628 395 682 464 &aa
703 393 766 481 τὴν
787 395 922 485 κοινὴν
942 400 1062 490 τομὴν
1079 408 1133 473 τῶν

106 503 273 572 ἐπιπέδων
301 500 364 588 τὴν
387 509 457 569 ΒΔ
489 498 629 570 εὐθεταν
661 505 779 570 πίπτει.
831 499 941 591 ἤχθω
976 506 1051 598 γὰρ
1081 507 1134 578 ἀπὸ

105 613 168 677 τοῦ
182 615 218 675 Η
234 609 288 676 ἐπὶ
306 606 369 694 τὴν
383 614 452 675 ΒΔ
469 606 614 686 κάθετος
646 622 675 683 A
1052 647 1088 699 Γ

72 713 230 801 οὴΗΘ.
283 713 350 781 ἐπεὶ
383 707 446 782 οὖν
477 715 516 782 τὸ
544 720 615 781 ΑΔ

107 822 265 888 ἐπίπεδον
292 817 376 906 πρὸς
397 818 436 886 τὸ
460 825 522 885 ΖΒ
545 820 614 886 ἐπί·
648 873 677 928 B
838 828 869 884 Θ
1057 856 1090 915 A

106 928 210 993 πεδον
238 924 348 1012 ὀρθόν
379 927 463 1010 ἐστι,
495 925 614 1013 καλιῇ

105 1035 204 1119 κοινῇ
235 1041 321 1118 τομῇ
351 1040 420 1099 τῶν
448 1031 614 1098 ἐπιπέδων

106 1134 191 1222 πρὸς
223 1132 332 1221 ὀρθὰς
363 1140 488 1222 γωνίας
518 1128 614 1223 ἦκται
756 1133 790 1188 Ε
1111 1145 1130 1200 λ

56 1267 91 1316 10
110 1241 147 1307 έν
167 1240 219 1308 ένὶ
237 1250 306 1308 τῶν
325 1243 491 1311 ἐπιπέδων
510 1239 628 1310 εὐθεῖα
645 1239 779 1329 γραμμὴ
793 1238 815 1328 ἡ
829 1248 917 1330 ΗΘ,
943 1245 969 1334 ἡ
992 1248 1067 1339 ἄρα
1082 1254 1134 1320 ΘΗ
1167 1280 1170 1285 ·

106 1349 153 1436 τῷ
177 1349 285 1437 λοιπῷ
305 1347 448 1438 ἐπιπέδῳ
467 1345 551 1434 πρὸς
570 1345 678 1434 ὀρθάς
695 1348 797 1432 ἐστιν,
819 1350 991 1422 τουτέστι
1010 1361 1061 1448 τῷ
1078 1362 1132 1425 Βλ

108 1448 193 1518 ὥστε
217 1449 238 1537 ἡ
262 1447 327 1519 ἀπὸ
346 1455 408 1519 τοῦ
424 1458 461 1519 Η
482 1451 536 1519 ἐπὶ
554 1449 592 1520 τὸ
612 1458 675 1518 ΒΖ
698 1453 858 1520 ἐπίπεδον
882 1454 1050 1542 κάθετος
1070 1460 1131 1548 ἅμα

109 1556 191 1642 μένη
226 1556 280 1624 ἐπλ
310 1553 373 1642 τὴν
405 1555 527 1644 κοινὴν
554 1554 660 1644 τομὴν
691 1556 755 1644 τὴν
783 1565 851 1625 ΒΔ
885 1565 1027 1635 πίπτει·
1065 1566 1130 1651 ὅπερ

110 1664 177 1730 ἔδει
202 1663 314 1743 δεῖξαι.

57 1792 89 1843 15
177 1773 227 1837 73.
266 1766 347 1836 Ἐὰν
374 1768 439 1857 γὰρ
468 1772 626 1840 ἐπίπεδον
652 1768 738 1856 πρὸς
764 1771 926 1840 ἐπίπεδον
963 1774 1085 1866 ὀρθὸν
1108 1769 1130 1866 ᾖ,

23 1892 27 1899 “
107 1876 163 1943 καὶ
191 1873 257 1943 ἀπό
280 1901 374 1956 τινος
401 1881 540 1962 σημείου
566 1878 627 1944 τοῦ
656 1877 693 1943 ἐν
716 1874 767 1944 ἑνὶ
788 1878 858 1943 τῶν
882 1878 1070 1953 ἐπιπέδων
1091 1882 1130 1952 ἐπὶ

108 1980 146 2051 τὸ
170 1982 284 2067 ἕτερον
309 1983 466 2049 ἐπίπεδον
488 1979 631 2060 κάθετος
654 1977 755 2069 ἀχθῇ,
779 1979 832 2047 ἐπὶ
854 1984 915 2067 τῆς
939 1994 1073 2078 κοινῆς
1088 2013 1130 2060 πε

109 2098 215 2155 σεϊται
241 2091 310 2154 τῶν
338 2087 504 2155 ἐπιπέδων
530 2090 634 2173 τομῆς
665 2084 687 2172 ἡ
720 2083 867 2171 ἀγομένη
896 2088 1060 2177 κάθετος
1086 2093 1130 2165 διδ

109 2192 146 2260 τὸ
170 2192 224 2278 λη’
248 2195 310 2259 τοῦ
335 2192 392 2259 ια’.

55 2322 90 2370 20
178 2300 229 2364 74.
257 2294 332 2382 ’Ίση
355 2295 422 2381 ἀρα
444 2299 535 2365 ἐστίν
556 2324 588 2385 p.
608 2301 684 2385 232,
702 2302 759 2383 27]
784 2302 867 2365 έστω
892 2307 955 2367 λσα
979 2309 1132 2396 τμήματι

110 2410 193 2470 ἴσων
211 2400 344 2468 κύκλων
363 2401 403 2468 τὰ
422 2407 533 2487 ΑΒΓ,
553 2409 667 2488 ΔΕΖ,
690 2403 746 2470 καὶ
768 2400 1051 2491 ἀπειλήφθωσαν
1071 2421 1133 2482 λσαι

109 2507 317 2593 περιφέρειαι
341 2509 378 2573 αλ
399 2515 476 2592 AB,
502 2515 582 2592 ΔΕ,
605 2509 661 2576 καὶ
683 2508 822 2577 κάθετοι
844 2506 911 2577 ἀπὸ
935 2518 1013 2582 τῶν
1039 2523 1133 2606 m

110 2616 146 2680 αδ
167 2620 252 2698 ΒΗ,
274 2620 338 2681 ΕΘ
366 2613 420 2681 ἐπὶ
441 2611 501 2692 τὰς
524 2619 603 2698 ΑΓ,
628 2621 703 2680 ΔΖ.
748 2615 849 2700 λέγω,
879 2613 931 2683 ὅτι
956 2626 1020 2707 ἴση
1046 2625 1132 2692 ἐστὶν

109 2716 130 2804 ἡ
154 2719 215 2804 μὲν
239 2726 308 2786 ΒΗ
329 2723 370 2807 τῇ
395 2727 468 2805 ΕΘ,
491 2716 515 2805 ἡ
538 2720 575 2787 δὲ
593 2726 667 2786 ΑΗ
688 2725 728 2808 τῇ
748 2727 824 2787 ΔΘ.
871 2723 1131 2812 ἐπεζεύχθωσαν

57 2848 91 2898 25
111 2829 148 2892 αλ
168 2832 245 2911 AB,
268 2833 301 2891 Δ
308 2833 345 2894 E.
387 2825 442 2893 καὶ
466 2826 536 2893 ἐπεὶ
559 2833 629 2893 λ’σαι
653 2827 861 2914 περιφέρειαι
883 2823 1131 2922 ἀπειλημμέναι

110 2933 196 3000 εἰσὶν
220 2935 257 3000 αλ
277 2939 359 3016 ΑΒ,
382 2939 465 3017 ΛΕ,
493 2933 549 2999 καὶ
572 2932 686 3000 λοιπαὶ
708 2929 775 3021 ἀρα
798 2935 836 2999 αλ
857 2938 935 3018 ΒΓ,
965 2944 1035 3007 ΕΖ
1067 2950 1131 3010 ἴσαι

110 3039 268 3123 ἀλλήλαις
300 3043 394 3106 εἰσιν.
450 3037 533 3105 ὥστε
564 3037 620 3105 καὶ
654 3041 691 3105 αλ
722 3035 772 3105 ἐπ’
804 3034 918 3107 αὐτῶν
948 3046 1131 3132 βεβηκυῖαι

180 3196 241 3266 Fig.
261 3213 315 3251 om.
398 3201 440 3250 73.
464 3195 495 3251 Β.
579 3201 620 3252 74.
644 3197 691 3267 Pp
715 3193 768 3266 (εἰς
785 3193 818 3250 τδ
837 3191 910 3252 αὖτὸ
928 3199 1082 3276 θεώρημα
1104 3207 1130 3274 Ρ,

111 3265 151 3328 εἰς
169 3263 201 3320 τὸ
221 3263 293 3321 αάτό
312 3270 351 3336 p).

123 3407 672 3561 ΐ]12.Ιέ]ΗΕΡςῖοελ.Ηεηρείοο.
726 3408 982 3480 21.δοαι]λόαιαλ
998 3432 1031 3486 p.
1092 3424 1131 3476 27.

100 3506 122 3542 α
175 3505 234 3546 om.
279 3530 286 3544 .
