2362 3796
92 120 160 184 418
248 120 405 173 scflom
423 122 462 173 IN
479 120 756 173 ELEMENTORUM
772 119 912 172 LIBRUM
924 120 959 173 X.

93 261 132 328 δὲ
154 258 324 348 ἀριθμοὺς
347 261 561 341 δοξαστικῶς·
592 259 646 329 διὸ
668 259 724 327 καὶ
746 258 786 328 τά
808 257 870 346 μὲν
893 263 941 339 είς
963 257 1112 349 ἄπειρον

93 370 282 455 διαιρεῖται,
306 368 341 434 οί
362 366 400 435 δέ
422 364 633 454 μεριζόμενοι
654 365 818 454 λήγουσιν
841 369 889 446 είς
906 365 1011 454 πέρας
1031 362 1112 450 ὡρι-

93 475 219 560 σμένον
241 471 304 560 τὴν
326 471 472 560 μονάδα·
508 473 709 561 πεπέρανται
736 474 800 560 γὰρ
823 475 954 559 μᾶλλον
976 468 999 558 ἡ
1026 471 1111 554 δόξα

92 585 151 648 καί
171 582 240 648 ἐστι
262 578 346 667 πρὸς
368 582 412 672 τῷ
437 580 498 663 ένί,
523 576 544 666 ἡ
569 578 607 646 δὲ
630 585 798 667 φαντασία
816 582 948 665 πλῆθος
965 574 1112 665 ἄπειρον

58 691 173 774 σε”χεν
197 684 251 754 διὸ
275 685 315 753 τά
338 682 511 773 φανταστά
535 683 663 774 ἄπειρα.
699 686 755 753 καὶ
773 683 813 752 τά
832 674 958 771 μεγέθη
978 675 1047 752 οὖν
1067 681 1114 765 ὥς

92 789 266 878 φανταστά
291 790 410 877 ἀπειρα
433 790 490 859 καὶ
513 787 534 876 ἡ
557 789 642 878 τομὴ
667 789 788 860 αὐτῶν.

159 901 190 965 εί
207 895 316 963 πάντα
334 895 374 962 τά
390 897 516 983 μεγέθη
530 895 570 965 τὰ
584 897 815 984 πεπερασμένα
829 895 971 964 δύναται
984 903 1113 965 πολλα-

91 1002 337 1091 πλασιαζόμενα
350 999 505 1089 ἀλλήλων
518 999 705 1090 ὑπερέχειν·
723 1007 823 1072 τοῦτο
839 994 876 1070 δέ
889 994 933 1089 ἦν
947 1000 984 1070 τὸ
1000 1004 1109 1090 λόγον

92 1115 191 1197 ἔχειν,
215 1106 259 1188 ὡς
277 1110 315 1176 έν
332 1112 378 1200 τῷ
397 1111 531 1199 πέμπτῳ
551 1108 802 1197 μεμαθήκαμεν·
828 1113 877 1189 τίς
894 1108 1030 1196 μηχανὴ
1045 1107 1111 1197 τὴν

41 1238 75 1288 10
92 1219 160 1282 τῶν
183 1213 317 1302 ἀλόγων
341 1217 551 1303 ἐπεισφέρειν
574 1214 759 1304 διαφοράν;
796 1211 818 1302 ἣ
847 1212 959 1284 ὅτιτὸ
982 1217 1111 1306 μέτρον

93 1323 129 1390 έν
152 1320 214 1408 μέν
236 1334 306 1401 τοῖς
329 1316 489 1408 ἀριθμοῖς
511 1317 533 1408 ἡ
557 1319 659 1407 φύσις
677 1317 875 1408 ἀπέστησεν,
898 1322 993 1389 θέσει
1014 1320 1055 1390 δὲ
1074 1322 1112 1389 έν

92 1439 162 1507 τοῖς
184 1427 340 1514 μεγέθεσι
365 1428 421 1495 διά
442 1424 504 1514 τὴν
528 1424 579 1496 ἐπ’
605 1424 747 1515 ἀπειρον
773 1425 896 1514 τομήν;
931 1424 1019 1514 πρὸς
1042 1427 1111 1516 γάρ

91 1537 202 1621 πῆχυν
225 1528 247 1620 ἢ
271 1533 446 1621 σπιθαμὴν
468 1532 491 1620 η’
509 1560 541 1602 τι
558 1536 715 1602 τοιοῦτον
732 1532 905 1620 γνοόριμον
924 1533 1051 1620 μέτρον
1068 1532 1108 1603 τό

92 1640 197 1729 ῥητὸν
218 1640 275 1708 ναὶ
297 1639 334 1708 τὸ
359 1638 507 1728 ἄρρητον
529 1645 743 1730 γνωρίζομεν.
779 1640 835 1707 καὶ
855 1641 924 1727 μὴν
941 1638 981 1708 τὸ
997 1639 1107 1728 λόγον

41 1767 74 1817 15
94 1751 182 1833 έχειν
214 1743 321 1826 ἄλλως
353 1746 414 1833 μὲν
443 1748 495 1815 ἐπὶ
522 1751 591 1815 τῶν
617 1751 774 1835 μεγεθῶν
800 1747 928 1834 λέγεται
955 1749 1027 1815 τῶν
1056 1770 1112 1815 πε·

92 1854 310 1940 περασμένων
328 1854 383 1922 καὶ
403 1851 588 1940 ὁμογενῶν,
609 1852 718 1934 ἄλλως
736 1853 789 1922 ἐπὶ
806 1857 875 1921 τῶν
894 1852 1109 1942 συμμέτρων,

93 1956 200 2040 ἀλλως
215 1960 349 2029 ἐπὶτῶν
364 1963 475 2049 ῥητῶν
490 1960 841 2049 προσαγορευομένων.
865 1960 951 2028 ὅπου
964 1959 1028 2046 μὲν
1044 1958 1111 2047 γάρ

93 2062 111 2134 ό
140 2065 240 2152 λόγος
267 2065 376 2153 μόνον
402 2067 458 2135 καὶ
484 2064 505 2153 ἡ
535 2067 644 2154 σχέσις
671 2075 848 2152 θεωρεῖται
875 2069 942 2133 τῶν
964 2089 1109 2156 πεπερα-

93 2174 225 2258 σμένων
253 2176 408 2258 μεγεθῶν
435 2170 518 2240 κατά
545 2172 582 2240 τὸ
611 2178 723 2259 μεῖζον
750 2173 806 2240 καὶ
834 2177 985 2256 ἔλαττον,
1018 2169 1110 2240 ὅπου

38 2298 74 2348 20
92 2275 129 2344 δὲ
152 2274 235 2343 κατά
257 2303 333 2344 τινα
359 2280 428 2345 τῶν
456 2280 493 2346 έν
520 2276 680 2365 ἀριθμοῖς
707 2279 868 2366 σχέσεων·
906 2276 959 2346 διὸ
983 2278 1041 2345 καὶ
1065 2277 1107 2348 τά

93 2380 262 2467 σύμμετρα
280 2383 405 2469 μεγέθη
424 2382 528 2468 λόγον
542 2387 629 2469 ἔχειν
643 2386 782 2471 λέγεται,
802 2381 844 2453 ὃν
859 2381 1003 2473 ἀριθμὸς
1017 2384 1104 2473 πρὸς

91 2484 249 2574 ἀριθμόν.
296 2486 382 2555 ὅπου
415 2488 452 2556 δέ
483 2487 567 2575 πρὸς
599 2489 636 2557 τὸ
666 2493 859 2578 ἐγκείμενον
886 2490 1009 2578 μέτρον
1036 2489 1102 2577 την

90 2596 159 2660 τῶν
179 2595 290 2681 ῥητόν
309 2590 389 2680 ἡμῖν
408 2591 492 2681 πρὸς
509 2619 549 2662 τα
568 2593 674 2682 ἀλογα
693 2595 864 2686 διαφοράν
879 2599 1070 2685 παρέσχετο.
1079 2600 1106 2689 1)

165 2754 191 2822 1)
209 2752 241 2806 In
257 2771 274 2822 q
289 2755 363 2808 inter
376 2753 444 2808 libb.
456 2753 495 2807 IX
509 2755 573 2811 etx
586 2755 756 2812 introductio
772 2757 909 2824 quaedam
923 2756 953 2813 in
967 2756 1071 2812 librum
1082 2759 1109 2812 X

91 2823 196 2894 legitur
223 2829 240 2877 2
268 2824 336 2879 folia
364 2827 393 2880 ei
420 2824 569 2881 dimidium
597 2842 754 2897 occupans,
786 2827 864 2883 ouius
895 2828 942 2883 hio
971 2831 1014 2883 est
1042 2844 1109 2884 con-

162 2973 187 3021 2.
207 2966 371 3037 διαιρεῖται]
392 2967 466 3022 διαι-
483 2966 513 3022 in
530 2984 583 3023 ras.
603 2968 665 3024 Vat.
739 2974 763 3022 5.
784 2968 963 3038 φανταστικά
982 2970 1014 3037 Ρ,
1034 2986 1106 3029 corr.

90 3055 126 3093 m.
148 3043 171 3091 1.
257 3033 305 3107 ὡς]
325 3033 363 3099 ὡς
380 3035 415 3092 τά
434 3056 460 3106 q.
553 3045 577 3094 7.
596 3038 653 3109 Mg.
672 3036 779 3108 ἀπορία
797 3040 827 3096 F.
914 3037 1054 3095 δόνανταε
1081 3061 1107 3112 q.

128 3109 219 3182 πολλῷ
238 3104 447 3178 πλησιαζόμενα
466 3127 492 3178 q.
549 3115 573 3165 9.
593 3107 722 3198 μηχανήν
741 3129 767 3179 q.
823 3108 887 3182 τήν]
908 3127 963 3166 om.
979 3129 1005 3180 q.
1064 3119 1107 3169 10.

90 3173 183 3233 ἀλλων
203 3198 229 3249 q.
321 3175 451 3248 ἐπιφέρει
475 3198 501 3267 q.
591 3181 649 3251 Mg.
669 3186 745 3243 λυσις
763 3181 794 3235 F.
886 3187 926 3235 12.
951 3181 1109 3252 μεγέθεσιν

90 3247 210 3305 PBVat.
285 3256 325 3306 13.
346 3253 502 3320 σπηθαμην
521 3251 552 3307 Β.
624 3254 737 3307 τοιοῦτο
758 3252 817 3306 FB.
892 3257 933 3306 14.
953 3248 1059 3323 ἀρητον
1073 3256 1108 3312 Β.

127 3318 171 3390 τό]
191 3317 240 3374 τόν
259 3340 285 3391 q.
351 3326 391 3376 15.
413 3319 471 3390 ἔχει
490 3340 515 3390 q.
581 3328 623 3377 16.
643 3317 706 3394 έπί]
727 3320 758 3377 δὲ
780 3320 831 3377 έπί
845 3323 873 3378 F.
941 3327 981 3379 18.
1002 3320 1107 3398 μόνον]

92 3407 147 3446 om.
167 3409 193 3459 q.
275 3398 318 3446 22.
343 3389 462 3517 τύχοιεν.
482 3391 600 3448 BFVat.
679 3390 846 3465 ἐκκείμενον
864 3393 988 3451 Knoohe.
1064 3403 1109 3452 23.

66 3457 250 3560 quopdv]
270 3479 326 3518 om.
346 3461 369 3515 B
402 3463 466 3519 Vat.
