2362 3796
208 167 363 221 SCHOLIA
381 169 420 219 IN
437 166 712 218 ELEMENTORUM
729 165 868 216 LIBRUM
881 165 928 216 XI.
1006 160 1069 224 601

442 358 498 424 Ad
522 383 627 445 prop.
649 359 689 423 X.

127 487 179 550 24.
214 478 480 566 Ἀντιστρόῳιον·
513 479 572 548 ἐὰν
596 471 659 546 ῶσι
683 477 747 547 δύο
769 485 890 565 γωνίαι
913 485 982 545 ίσαι
1007 475 1071 545 ὑπὸ

58 585 204 655 εὐθειῶν
227 587 460 675 περιεχόμεναι
482 582 527 673 μὴ
551 582 664 656 οὐσῶν
688 588 724 654 ἐν
743 596 789 678 τῳ
809 582 898 677 αὐτῷ
919 585 1072 674 ἐπιπέδῳ,

58 687 80 781 ᾗ
104 693 141 760 δὲ
164 697 224 780 μία
246 696 314 760 τῶν
338 695 374 760 ἐν
397 695 442 782 τῶ
466 690 556 782 αὐτῷ
581 693 723 783 ἐπιπέδῳ
747 694 973 778 περιεχουσῶν
991 716 1071 776 παρ-

58 798 201 885 άλληλος
224 801 264 886 τῇ
286 802 346 888 μιᾷ
369 801 437 865 τῶν
460 796 523 882 τὴν
546 797 668 884 λοιπὴν
686 801 912 885 περιεχουσῶν
931 801 1072 882 γωνίαν,
1108 820 1125 871 5

57 907 113 972 καὶ
137 902 157 991 ἡ
181 907 280 991 λοιπὴ
304 908 344 993 τῇ
367 907 467 992 λοιπῇ
490 903 704 989 παράλληλός
728 904 828 970 ἐστιν.

417 1100 474 1165 Ad
497 1122 606 1185 prop.
629 1098 718 1165 XIII.

126 1225 178 1289 25.
216 1219 299 1289 Εἶεν
326 1220 391 1309 γὰρ
423 1217 467 1289 ἂν
494 1223 548 1289 καὶ
577 1219 784 1308 παράλληλοι
811 1223 857 1311 τῷ
886 1216 977 1311 αὐτῳ
1004 1221 1072 1286 ἐπι-

58 1329 147 1418 πέδῳ
171 1325 255 1413 πρὸς
278 1323 386 1416 ὀρθῶς
410 1318 509 1394 οὖσαι
533 1324 589 1393 διὰ
613 1323 650 1394 τὸ
675 1324 708 1396 ς’
733 1328 770 1391 αί
792 1324 967 1393 αὐτοίκαὶ
991 1343 1071 1411 συμ-

60 1439 251 1501 πίπτουσαι·
281 1431 362 1523 ὅπερ
385 1429 565 1500 ἀδύνατον.
1091 1458 1125 1507 10

421 1629 478 1692 Ad
500 1649 604 1712 prop.
627 1627 717 1693 XIV.

125 1754 177 1819 26.
212 1747 479 1834 Ἀντισιρόῳιον·
512 1746 573 1816 ἐὰν
600 1739 622 1836 ᾖ
650 1746 846 1834 παράλληλα
870 1749 1022 1832 ἐπίπεδα,
1050 1746 1071 1834 ἡ

58 1859 104 1948 τῷ
138 1856 196 1923 ἑνὶ.
221 1856 364 1946 ἐπιπέδῳ
397 1852 482 1942 πρὸς
514 1851 623 1940 ὀρθὰς
655 1853 772 1921 εὐθεῖα
803 1853 859 1920 καὶ
890 1857 936 1945 τῶ
966 1856 1071 1944 λοιπῷ

60 1958 145 2052 πρὸς
169 1958 278 2048 ὀρθῶς
302 1963 401 2030 ἐστιν.
847 1956 853 1963 ’

420 2156 476 2222 Ad
499 2179 603 2243 prop.
626 2157 714 2223 XVI.
1089 2179 1123 2229 15

126 2281 178 2343 27.
217 2274 484 2363 Ἀντιστρόφιον·
522 2277 578 2344 καὶ
610 2268 660 2344 ῶν
691 2278 856 2345 ἐπιπέδων
887 2272 954 2344 ὑπό
981 2302 1073 2356 τινος

62 2383 220 2449 ἐπιπέδου
238 2384 451 2469 τεμνομένων
471 2386 509 2450 αί
519 2382 630 2451 κοιναὶ
644 2383 742 2471 τομαὶ
756 2382 966 2469 παράλληλοί
977 2386 1073 2470 εἰσιν,

60 2486 256 2574 παράλληλοί
281 2486 413 2557 ἐστιτὰ
437 2489 586 2557 ἐπίπεδα·
617 2493 685 2558 ἔστι
709 2486 746 2556 δέ
768 2491 903 2568 ψεῦδος.

401 2685 459 2750 Ad
482 2708 585 2771 prop.
608 2684 713 2751 XVII.

127 2810 179 2874 28.
208 2804 476 2894 Ἁντισιρόφιον·
499 2808 555 2874 καὶ
574 2804 634 2874 ἐὰν
653 2805 717 2874 δύο
738 2803 870 2874 εὐθεῖαι
888 2801 1071 2873 ὑπέπινον
1091 2829 1124 2880 2ο

133 3016 297 3073 move.
371 3017 559 3086 νέουσαι.
633 3014 794 3072 πονου.
867 3016 1031 3072 ιιυονο.

57 3096 100 3145 ιε.
123 3087 271 3146 Ρονον».

55 3217 269 3227 —--———

130 3290 155 3339 2.
176 3273 245 3337 οἷσιν
265 3281 323 3339 ΡΒ.
386 3287 410 3337 9.
431 3281 479 3337 διὰ
499 3279 530 3337 τὸ
551 3279 595 3353 ς’]
615 3298 669 3337 om.
685 3281 744 3349 Vq.
803 3278 837 3335 αί
853 3277 955 3353 αὐταί]
975 3298 1028 3336 om.
1043 3299 1070 3350 q.

96 3360 143 3409 10.
163 3348 247 3424 ὅπερ]
267 3349 316 3408 διὰ
334 3352 363 3411 ς’
384 3347 455 3421 ὅπερ
478 3352 512 3407 V.
585 3349 742 3424 ἀδύνατον]
762 3347 881 3407 ἄτοπον·
899 3347 1072 3422 παράλληλοι

58 3423 91 3480 δὲ
111 3427 187 3493 πῶςς
208 3423 256 3478 διὰ
276 3423 307 3477 τὸ
327 3420 357 3482 ς’
376 3425 427 3478 τοῦ
446 3422 489 3478 ια’
509 3441 535 3492 q.
595 3430 637 3479 12.
656 3427 765 3492 παραλί.
784 3425 925 3479 λεπίπεδα
942 3424 972 3479 Β.
1028 3429 1072 3478 20.

56 3490 249 3567 ἀντίστροφον
267 3490 317 3549 Vb.
390 3495 456 3567 καί]
478 3512 531 3552 om.
551 3492 599 3551 Vb.
672 3514 751 3558 τινος
767 3443 991 3551 Ζπιπέοοοᾞ.
