2362 3796
114 143 180 208 682
388 147 570 198 ΑΡΡοεεοΙΧ
588 147 859 199 εοΗοοΙοοοΜο

115 285 153 353 δὲ
185 287 223 351 αἱ
249 292 332 371 ΛΗ,
355 292 438 352 ΜΝ
465 284 571 370 ἄκρον
601 287 658 353 καὶ
690 287 793 372 μέσον
825 285 949 373 λόγον,
986 307 1048 354 και
1078 291 1137 356 εἰσι

115 396 250 477 μείζονα
276 391 428 477 τμήματα
456 395 494 459 αἱ
514 398 596 478 ΗΓ,
620 395 708 478 ΜΞ,
742 390 786 472 ὡς
808 390 875 478 ἄρα
900 389 922 479 ἡ
947 400 1035 460 ΔΗ
1057 393 1137 479 πρὸς

114 497 175 581 τὴν
198 502 280 582 ΗΓ,
313 495 420 577 οὕτως
447 495 467 584 ἡ
492 505 572 569 ΜΝ
598 497 682 583 πρὸς
708 496 771 584 τὴν
795 500 881 573 ΜΞ·
918 499 980 566 καὶ
1008 500 1055 567 τὰ
1079 497 1134 568 ἀπ’

115 598 236 670 αὐτῶν.
287 603 332 682 ὡς
365 603 402 671 δὲ
429 603 467 671 τὸ
496 600 561 671 ἀπὸ
590 611 667 672 ΛΗ
694 602 778 691 πρὸς
803 603 841 672 τὸ
870 602 936 673 ἀπὸ
968 610 1031 692 τῆς
1061 612 1135 690 ΗΓ,

77 705 221 786 σοῧτως
247 713 324 792 τρία
351 711 390 776 τὰ
420 707 485 776 ἀπὸ
509 713 568 794 τῆς
592 716 669 777 ΔΗ
695 707 779 798 πρὸς
805 713 881 795 τρία
907 711 950 777 τὰ
983 707 1055 779 ἀπὸ
1080 717 1136 799 τῆς

114 820 188 881 ΗΓ
211 812 268 880 διὰ
295 813 333 882 τὸ
362 813 410 899 ιβ’
432 818 495 882 τοῦ
522 816 563 884 ε’.
613 812 738 901 ὁμοίως
765 812 802 882 δὲ
829 814 884 882 καὶ
917 812 963 895 ὡς
994 815 1035 885 τὸ
1069 815 1133 886 ἀπὸ

114 930 173 1004 τῆς
191 926 275 986 ΜΝ
292 919 375 1008 πρὸς
397 918 436 988 τὸ
460 918 524 987 ἀπὸ
545 923 603 1007 τῆς
622 922 705 1005 ΜΞ,
728 918 835 1000 οὕτως
856 931 875 988 ε’
897 918 938 987 τὰ
963 917 1033 991 ἆκὸ
1056 931 1135 992 ΜΝ

114 1023 198 1107 πρὸς
219 1037 237 1092 ἒ
260 1024 300 1092 τὰ
324 1024 389 1094 ἀπὸ
412 1029 487 1102 ΜΞ
513 1025 570 1093 διὰ
593 1023 631 1095 τὸ
655 1023 737 1095 αὐτὸ
761 1026 810 1112 ιβ’
832 1029 894 1096 τοῦ
918 1024 959 1095 ε’.
1006 1030 1068 1097 καὶ
1090 1028 1133 1108 ὡς

115 1130 181 1216 ἄρα
203 1136 279 1218 τρία
301 1131 342 1198 τὰ
366 1129 431 1200 ἀπὸ
455 1137 515 1219 τῆς
533 1138 612 1199 ΛΗ
628 1131 713 1217 πρὸς
734 1138 811 1216 τρία
828 1131 868 1200 τὰ
887 1130 953 1201 ἀπὸ
974 1144 1035 1221 τῆς
1054 1141 1132 1220 ΗΓ,

63 1261 95 1308 10
115 1235 221 1317 οὕτως
241 1249 259 1304 ε
282 1236 323 1304 τὰ
346 1236 412 1306 ἀπὸ
438 1245 517 1307 ΜΝ
542 1236 628 1324 πρὸς
647 1243 666 1305 ἓ
687 1237 728 1305 τὰ
752 1236 818 1305 ἀπὸ
843 1240 922 1315 ΜΞ.
970 1237 1024 1307 ὅτι
1050 1238 1132 1326 δὲὴ

114 1348 187 1408 ΗΓ
213 1349 325 1428 μεῖζον
351 1347 464 1430 τμῆμα
489 1348 548 1429 τῆς
571 1351 649 1412 ΔΗ
674 1343 780 1429 ἄκρον
806 1343 862 1411 καὶ
889 1344 996 1429 μέσον
1024 1345 1132 1433 λόγον

113 1454 310 1534 τμηθείσης,
334 1447 399 1516 ἀπὸ
421 1453 484 1516 τοῦ
508 1451 543 1517 ἐν
566 1454 612 1538 τῷ
637 1448 680 1531 ιζ’
702 1454 764 1518 τοῦ
787 1449 834 1536 ιγ’
856 1453 926 1517 τῶν
949 1458 1129 1538 στοιχείων

113 1560 317 1640 πορίσματος
340 1558 453 1641 δῆλον.

182 1664 234 1728 15.
270 1657 338 1727 Διὰ
360 1658 399 1728 τὸ
423 1659 575 1746 ἐναλλάξ,
600 1658 645 1739 ὡς
666 1666 742 1745 τρία
764 1659 804 1727 νδ
823 1658 887 1728 ἀπὸ
910 1669 985 1729 ΛΗ
1008 1664 1131 1751 κρδςῖ

62 1785 94 1834 15
113 1763 152 1830 τὰ
176 1763 240 1834 ἀπὸ
256 1773 346 1852 ΜΝ,
370 1765 573 1853 οὕτωςγτδι
591 1764 657 1834 ἀπὸ
672 1773 745 1834 ΗΓ
762 1765 879 1851 πρὸςέ
901 1765 942 1834 τὰ
960 1768 1027 1837 ἀπὸ
1042 1774 1130 1847 ΜΞ·

113 1877 189 1957 τρία
217 1872 254 1939 δὲ
282 1869 322 1938 τὰ
350 1868 415 1940 ἀπὸ
439 1878 517 1939 ΔΗ
532 1883 550 1939 ἒ
578 1885 649 1952 τοῖς
675 1868 741 1941 ἀπὸ
769 1876 829 1958 τῆς
853 1880 935 1940 ΜΝ
958 1881 1026 1943 ἴσα.
1075 1878 1131 1944 καὶ

112 1983 188 2062 τρία
211 1975 277 2062 ἄρα
299 1976 339 2045 τὰ
364 1976 429 2046 ἀπὸ
453 1990 512 2065 τῆς
534 1985 607 2046 ΗΓ
627 1990 646 2046 ἓ
672 1992 742 2057 τοῖς
768 1976 835 2046 ἀπὸ
858 1989 917 2065 τῆς
939 1981 1016 2055 ΜΞ
1041 1987 1130 2050 εἰσιν

114 2091 179 2149 ἴσα.
220 2081 304 2151 ἀλλὰ
327 2096 345 2151 ε
367 2083 407 2150 τὰ
430 2082 494 2153 ἀπὸ
519 2088 578 2171 τῆς
601 2092 684 2153 ΜΝ
701 2084 757 2152 καὶ
778 2097 796 2152 ἒ
818 2084 859 2151 τὰ
883 2082 948 2152 ἀπὸ
972 2090 1034 2173 τῆς
1057 2090 1133 2164 ΜΞ

114 2197 170 2255 ἴσα
191 2201 209 2256 ε
231 2201 302 2268 τοῖς
325 2188 390 2257 ἀπὸ
414 2193 473 2274 τῆς
498 2195 610 2275 [ΚΛ],
634 2189 709 2277 ἤτοι
730 2201 749 2258 ἒ
770 2189 811 2256 τὰ
834 2188 900 2258 ἀπὸ
924 2193 983 2275 τῆς
1006 2193 1042 2260 ἐκ
1067 2198 1130 2261 τοῦ

61 2314 95 2363 20
113 2296 254 2377 κέντρου
286 2298 347 2361 τοῦ
379 2294 522 2380 κύκλου,
559 2293 619 2381 ἀφ’
649 2286 692 2363 οὗ
723 2293 761 2363 τὸ
795 2296 1014 2383 εἰκοσάεδρον
1047 2296 1129 2367 ἀνα-

113 2399 290 2485 γράφεται,
317 2399 374 2466 καὶ
395 2411 414 2467 ἓ
442 2398 483 2466 τὰ
511 2398 575 2467 ἀπὸ
604 2404 663 2486 τῆς
685 2404 747 2469 τοῦ
771 2403 807 2469 ἐν
830 2405 876 2494 τῷ
901 2399 991 2492 αὐτῷ
1014 2405 1129 2496 κύκλῳ

114 2504 370 2589 ἐγγραφομένου
394 2501 587 2591 δεκαγώνου
610 2512 756 2589 πλευρᾶς
779 2515 871 2574 loa}
892 2520 963 2586 τοῖς
981 2504 1047 2577 ἀπὸ
1068 2522 1129 2596 τῆς

113 2615 182 2676 ΚΛ
213 2611 431 2696 εἰκοσαέδρου
462 2614 623 2696 πλευρᾶς,
655 2609 701 2690 ὥς
734 2614 771 2680 ἐν
803 2623 843 2700 τῇ
875 2612 1034 2683 συστάσει
1063 2621 1129 2684 τοῦ

187 2847 227 2894 15.
247 2840 285 2893 V¹
304 2839 350 2908 (ad
368 2845 453 2908 p.12‚
473 2840 510 2908 9).

186 3057 209 3104 1.
228 3049 297 3104 Post
315 3047 399 3119 λόγον
418 3050 472 3108 δε1.
492 3047 565 3105 κατὰ
584 3050 619 3105 τὰ
639 3093 663 3107 ,.
685 3056 788 3121 σημεῖα
806 3052 840 3108 V.
923 3058 948 3108 2.
968 3056 1045 3125 AH]
1068 3073 1126 3123 seq.

112 3137 166 3174 τοο.
189 3131 201 3174 1
221 3121 275 3175 litss.
296 3121 330 3174 V.
415 3127 441 3177 ὅ.
464 3122 526 3194 τῆς]
545 3122 600 3176 τῶν
619 3122 652 3174 V.
737 3122 800 3193 οὖς]
819 3122 876 3176 τῶν
895 3123 928 3178 V.
1015 3130 1041 3181 9.
1065 3127 1116 3193 τῆς

112 3191 168 3244 τῶν
187 3190 220 3246 V.
282 3191 343 3262 τῆς]
363 3191 419 3245 τῶν
438 3191 472 3247 V.
547 3197 588 3246 15.
608 3192 687 3264 ΜΞ]
706 3196 798 3252 ΜΖυ
818 3209 887 3248 corr.
906 3193 940 3248 V.
1002 3199 1044 3250 16.
1063 3196 1113 3264 τῆς

112 3262 170 3314 τῶν
188 3261 223 3315 V.
296 3267 339 3317 1⁷.
357 3262 418 3332 τῆς]
438 3264 495 3317 τῶν
513 3263 546 3320 V.
610 3263 671 3334 τῆς]
690 3263 747 3318 τῶν
766 3262 801 3318 V.
875 3267 916 3317 18.
936 3264 986 3332 τῆς
1018 3265 1074 3319 τοῖν
1090 3266 1125 3319 V.

147 3329 212 3403 τῆς]
231 3331 287 3385 τῶν
305 3332 339 3386 V.
402 3339 444 3388 19.
463 3335 609 3460 τῆςέθφῐ.)
627 3335 684 3387 τῶν
703 3334 737 3388 V.
796 3333 862 3405 KA]
883 3350 963 3389 enan.
1009 3376 1015 3389 .
1076 3336 1126 3406 τά]

105 3419 195 3476 nupta
215 3419 268 3460 scr.
289 3402 324 3462 V.
405 3409 451 3460 20.
470 3407 515 3459 An
561 3399 615 3472 ἀφ’
636 3403 690 3459 del.
709 3403 759 3458 καὶ
778 3411 792 3458 ἒ
812 3401 848 3458 τά
866 3404 900 3460 V.
982 3396 1029 3475 οὗ]
1051 3425 1069 3474 η
1090 3406 1125 3460 V.

64 3476 183 3568 ⁵21.
206 3479 261 3553 τῆς
278 3479 348 3556 τοῦ]
366 3478 438 3551 τῆςῖ
454 3476 495 3535 V.
