2362 3796
236 170 394 223 SOHOLIA
411 171 450 221 IN
468 169 742 221 ELEMENTORUM
760 168 959 220 LIBRUMVI.
1037 163 1101 228 357

88 317 169 398 μιάν
200 314 328 396 γωνίαν
360 309 416 377 καὶ
448 306 489 375 τὰ
521 308 596 394 ἑξῆς
623 311 809 388 συναπτύς.
855 310 954 374 τούτο
989 304 1020 373 δ’
1052 304 1103 375 ὅτι

89 414 196 496 οὕτως
218 414 512 503 ἀναγινώσκεσθαι
534 412 609 504 χρή,
632 412 673 482 τὰ
698 412 885 501 ἐπαγόμενα
908 425 1076 500 μαρτυρεῖ.
1098 448 1102 453 ·

421 611 477 676 Ad
500 633 604 696 prop.
627 609 780 676 XXXIII.

156 737 209 801 64.
242 732 323 800 Ἐάν
356 735 447 806 ἐστιν
473 729 495 818 ἡ
519 737 586 799 BF
613 734 807 819 περιφέρεια
838 727 905 798 ὑπὸ
936 728 1104 817 τριγώνου

92 839 297 926 ἰσοπλεύρου
314 841 376 906 τού
395 842 442 918 είς
459 837 520 906 τὸν
534 837 659 906 κύκλον
674 836 942 928 ἐγγεγραμμένου
960 838 1105 922 πλευράς
1142 862 1157 909 5

90 941 348 1031 ύποτεινομένη,
377 945 435 1012 καί
456 947 573 1033 ληφθῇ
596 948 655 1030 τῆς
677 950 744 1012 ΒΓ
762 947 973 1031 περιφερείας
996 940 1105 1020 ἰσάκις

90 1048 323 1118 πολλαπλάσια
344 1051 400 1118 καί
418 1055 478 1136 τῆς
495 1047 560 1118 ὑπὸ
577 1056 682 1117 ΒΗΓ
700 1055 825 1135 γωνίας
843 1052 881 1118 έν
894 1053 1105 1135 τριπλασίονι

88 1156 193 1246 λόγφ,
225 1155 401 1242 γενήσεται
429 1153 507 1236 ὅλος
535 1153 553 1223 ὁ
581 1155 703 1236 κύκλος
725 1159 784 1242 τῆς
806 1161 873 1222 ΒΓ
895 1158 1105 1240 περιφερείας

90 1262 199 1340 ἰσάκις
221 1260 470 1342 πολλαπλάσιος
492 1262 547 1328 καὶ
571 1258 591 1348 ἡ
615 1260 700 1347 πρὸς
721 1259 759 1329 τὸ
785 1259 867 1330 ὅλον
884 1263 1026 1347 κέντρον
1042 1260 1104 1326 τοῦ

88 1366 216 1436 κύκλου
233 1369 459 1456 συνισταμένη
478 1373 584 1455 γωνία
603 1369 710 1454 ἤγουν
728 1367 749 1454 ἡ
776 1366 1018 1453 ύποτεινομένη
1038 1361 1104 1432 ὑπὸ
1126 1389 1159 1439 10

91 1471 174 1541 ὅλου
193 1476 254 1541 τού
271 1473 399 1542 κύκλου
416 1479 523 1560 γωνία
542 1477 600 1561 τῆς
618 1472 773 1541 ὑπὸ-ΒΗ
775 1481 806 1542 Γ
825 1479 958 1559 γωνίας.
990 1471 1050 1540 ἐὰν
1069 1469 1107 1538 δέ

90 1581 128 1647 ἐν
147 1579 360 1659 ἕξαπλασίονι
378 1579 467 1671 λόγῳ
486 1583 603 1668 ληφθῇ
625 1578 642 1647 ὁ
663 1578 771 1659 ἰσάκις
794 1574 1107 1664 πολλαπλασιασμὸς

90 1687 149 1771 της
176 1709 212 1752 τε
239 1691 303 1752 ΒΓ
331 1691 542 1773 περιφερείας
573 1685 630 1752 καί
657 1689 715 1772 της
742 1682 808 1752 ὑπὸ
838 1691 944 1752 ΒΗΓ
970 1689 1106 1770 γωνίας,

91 1788 193 1858 πάλιν
218 1789 270 1868 δὶς
293 1787 310 1857 ὁ
335 1790 457 1871 κύκλος
483 1791 540 1858 καὶ
568 1789 588 1877 ἡ
616 1790 701 1880 πρὸς
724 1790 806 1858 ὅλον
829 1790 866 1859 τὸ
891 1793 1031 1876 κέντρον
1055 1789 1107 1867 θὶς

91 1894 334 1982 ὑποτεινομένη
350 1895 416 1966 ὑπὸ
432 1898 516 1966 ὅλου
529 1901 589 1965 τοῦ
603 1897 731 1965 κύκλου
740 1903 845 1983 γωνία
857 1895 964 1976 ἰσάκις
974 1901 1107 1964 ἔσονται
1127 1917 1159 1967 15

91 2003 323 2071 πολλαπλάσια
342 2006 402 2088 τῆς
418 2028 454 2072 τε
469 2008 537 2071 ΒΓ
550 2008 761 2091 περιφερείας
780 2002 909 2088 καὶτῆς
927 1999 991 2069 ὑπὸ
1006 2005 1112 2068 ΒΗΓ

91 2115 224 2195 γωνίας.
262 2105 387 2194 ὁμοίως
404 2109 460 2176 καὶ
480 2111 531 2176 έπί
551 2110 776 2177 ἑπταπλασίου
799 2110 855 2175 καὶ
873 2105 1107 2190 ὀκταπλασίου,

93 2215 149 2281 καὶ
173 2219 220 2293 είς
243 2212 383 2301 άπειρον
407 2211 513 2295 ούτως
537 2218 591 2281 δεῖ
611 2227 704 2282 νοεῖν
728 2213 781 2281 ἐπὶ
804 2217 865 2280 τοῦ
885 2212 1011 2280 κύκλου
1029 2210 1108 2291 τοὺς

94 2318 203 2398 ἰσάκις
224 2323 564 2407 πολλαπλασιασμοὺς
590 2321 645 2388 καὶ
674 2322 727 2388 ἐπὶ
753 2323 822 2389 τῶν
845 2323 978 2407 γωνιῶν
1002 2314 1108 2387 αύτού

93 2427 160 2492 τῶν
185 2427 221 2493 έν
244 2429 289 2518 τῷ
312 2428 439 2519 κέντρῳ
462 2431 523 2494 τοῦ
545 2427 672 2496 κύκλου
695 2427 957 2512 συνισταμένων.
1127 2449 1161 2498 20

160 2534 212 2599 65.
241 2531 454 2621 Ἀπορήσειεν
475 2529 520 2600 άν
543 2560 592 2612 τις
616 2529 677 2601 ούκ
701 2531 828 2619 άφυως,
852 2530 908 2599 διὰ
927 2534 963 2597 τί
978 2532 1109 2618 μέλλων

96 2660 310 2670 -—.—-—--—

166 2714 209 2763 64.
228 2709 343 2777 Βλῦηλ)
358 2708 441 2778 (b³1);
460 2706 537 2762 idem
555 2726 650 2763 rursus
668 2708 705 2763 ad
723 2708 891 2779 principium
911 2707 960 2762 lib.
973 2705 1026 2761 VH
1044 2705 1109 2775 Vssq

94 2777 259 2848 (scripturas
276 2779 355 2834 uncis
374 2779 495 2849 inclusi).
569 2785 612 2836 65.
634 2779 677 2834 V¹.
1103 2778 1107 2785 ’

166 2945 192 2992 4.
211 2937 394 3009 περιφέρεια]
412 2954 467 2994 om.
482 2956 509 3007 q,
528 2945 596 2992 Μ
616 2939 647 2992 Β.
717 2933 797 3010 (ύπό]
817 2953 871 2992 om.
889 2934 933 3002 V).
1020 2940 1045 2990 Β.
1065 2928 1109 3004 ἔγ·

98 3008 283 3078 γραφομένου
302 3026 321 3076 q
340 3007 545 3098 (γεγραμμένον
564 3009 609 3098 V).
700 3015 724 3064 6.
749 3004 968 3098 ὑποτερνομένης
986 3006 1012 3062 V
1036 3005 1065 3059 et
1077 3005 1109 3094 Β,
1137 3075 1141 3081 ι

97 3081 337 3219 εθίεξίᾧῖλεὸί
361 3096 673 3221 ἐῖιῖῗὸἓῖοίέζίτ.
740 3080 1110 3220 λῗίὅίιςῗιίἰίιίίύί

130 3223 314 3310 περιφερείας
351 3236 441 3312 μοωρ,
460 3219 520 3290 Bq,
540 3224 611 3309 ’περί
626 3221 661 3279 V.
728 3227 793 3309 t10.
816 3215 1023 3291 συνισταμένη]
1046 3234 1132 3305 αυγ-ΙΙ

94 3310 212 3417 III
231 3290 668 3432 λιπαίνειν..
711 3290 977 3434 (κελαι
997 3280 1100 3417 σί·

134 3380 312 3503 1].ὃμοίως]
331 3429 435 3502 ὁμοίως
454 3406 532 3488 oi'b.
600 3406 678 3507 (έπί]
696 3429 744 3490 ἐπὶ
762 3406 814 3489 τού
834 3435 876 3504 ο).
943 3406 1077 3485 mx&

96 3534 129 3543 -
150 3504 372 3576 συνισταμένων]
390 3523 427 3559 m.
448 3509 464 3559 2
482 3503 506 3559 Β
526 3508 590 3581 (pro
611 3503 705 3565 αὐτου
720 3506 798 3587 IIII).
816 3501 932 3572 ἒστιυῪ,
945 3517 1011 3556 m·
1025 3513 1064 3560 Q·
1083 3548 1086 3553 .
