2362 3796
77 140 120 206 56
447 141 650 195 ΣΤΟΙΧΕΙΩΝ
669 138 715 197 ιε’.

77 280 191 369 γοόνου
213 285 344 374 καθέτῳ
368 282 580 370 γραφόμεναι
602 285 808 371 περιφέρειαι
829 284 1010 370 τέμνουσιν
1033 282 1092 351 ἄλ·

78 390 179 475 λήλας
201 387 283 457 κατὰ
306 388 343 457 τὸ
368 398 401 456 Ε
421 403 576 476 σημείου,
608 390 663 457 καλ
692 392 729 456 αί
755 387 810 456 ἀπ’
837 387 942 457 αὐτοῦ
971 390 1023 456 ἐπὶ
1050 389 1092 458 τὰ

78 503 122 581 Β,
147 502 179 563 Γ
206 495 478 581 ἐπιζευγνύμεναι
511 493 641 564 εύθείαι
673 497 861 582 περιέξουσι
890 494 952 582 τήν
979 503 1091 564 κλίσιν

77 607 146 670 τῶν
174 604 353 670 ἐπιπέδων·
389 605 489 670 τοῦτο
519 600 555 668 δὲ
583 592 627 687 ήν
653 598 691 669 τὸ
720 604 907 687 εἰρημένον.
953 605 1009 670 καί
1038 603 1093 670 ότι

43 708 141 796 ομὲν
163 709 314 795 κέντροις
340 721 411 787 τοίς
433 715 478 794 Β,
503 713 544 793 Γ,
579 707 775 794 διαστήματι
803 707 840 775 δὲ
866 712 906 796 τή
935 712 995 775 τοῦ
1024 734 1092 795 τρι-

77 813 192 900 γύνου
205 816 335 907 καθέτφ
355 813 564 916 γραφόμενοι
583 813 698 883 κύκλοι
719 815 899 901 τέμνουσιν
918 812 1092 901 ἀλλήλους,

78 920 241 1007 φανερόν·
275 922 412 1008 ἑκατέρα
434 919 499 1008 γὰρ
521 925 590 988 τῶν
613 928 687 996 ΒΕ,
711 926 780 987 ΕΓ
798 926 917 1008 μείζων
941 920 1009 988 ἐστὶ
1033 925 1092 1008 τής

78 1024 228 1114 ἡμισείας
250 1030 308 1112 τής
330 1033 401 1093 ΒΓ.
448 1030 483 1094 οί
504 1025 541 1093 δὲ
563 1029 713 1114 κέντροις
735 1040 805 1106 τοῖς
827 1034 867 1113 Β,
892 1034 929 1112 Γ,
958 1026 1091 1113 διαστή-

79 1158 155 1216 ματι
187 1133 224 1199 δὲ
250 1137 289 1221 τή
319 1130 452 1222 ἡμισείᾳ
478 1137 538 1218 τής
564 1137 632 1200 ΒΓ
657 1132 866 1221 γραφόμενοι
893 1132 1010 1200 κύκλοι
1034 1135 1091 1218 έφ-

27 1260 60 1308 10
79 1235 241 1305 νίπτονται
260 1236 428 1323 ἀλλήλων·
451 1243 482 1306 εἰ
501 1238 537 1307 δὲ
556 1237 701 1306 ἐλάττων
724 1230 757 1325 ᾖ,
782 1236 863 1306 οὐδὲ
887 1238 1091 1325 ἐφάπτονται

79 1341 160 1410 οὐδὲ
178 1344 371 1429 τέμνουσιν·
395 1348 426 1410 εί
448 1343 485 1411 δὲ
509 1349 639 1430 μείζων,
662 1343 795 1424 πάντως
812 1345 1001 1432 τέμνουσιν.
1035 1346 1091 1412 καὶ

80 1446 185 1528 οὕτως
208 1445 226 1515 ό
251 1449 326 1534 περὶ
349 1453 408 1536 τής
430 1454 618 1538 πυραμίδος
640 1449 751 1535 σαφής
769 1475 804 1517 τε
826 1450 883 1517 καὶ
902 1447 1092 1530 ἀκόλουθος

77 1567 150 1634 ταῖς
172 1552 361 1636 ἀποδείξεσι
385 1561 540 1642 φαίνεται
562 1556 672 1642 λόγος.

145 1661 336 1749 Νενοήσθω
361 1661 403 1750 δή
430 1663 531 1732 πόλιν
555 1663 608 1732 ἐπὶ
635 1661 846 1750 τετραγώνου
873 1667 934 1730 τοῦ
957 1667 1091 1729 ΑΒΓΔ

27 1791 60 1841 15
79 1769 224 1856 πυραμὶς
241 1768 398 1858 κορυφήν
412 1775 534 1858 ἔχουσα
547 1768 585 1837 τὸ
600 1777 632 1836 Ε
648 1770 704 1836 καὶ
718 1767 757 1836 τδι
771 1771 965 1857 περιέχοντα
985 1765 1092 1854 αὐτήν

80 1877 156 1961 δίχα
170 1879 228 1961 τής
241 1874 369 1960 βάσεως
382 1882 529 1963 τρίγωνα
544 1875 732 1960 ἰσόπλευρα.
752 1881 843 1943 ἔσται
854 1873 895 1961 δή
905 1873 925 1962 ή
936 1880 1095 1943 ΑΒΓΔΕ

79 1980 224 2067 πυραμὶς
246 1979 350 2067 ήμισυ
371 1978 562 2070 ὀκταέδρου.
598 1980 773 2067 τετμήσθω
793 1987 852 2068 μία
870 1976 995 2067 πλευρὰ
1015 1978 1092 2057 ἑνὸς

80 2086 247 2173 τριγώνου
270 2084 291 2171 ή
315 2093 385 2152 ΑΕ
411 2090 487 2174 δίχα
513 2086 596 2153 κατὰ
623 2085 661 2154 τὸ
684 2094 727 2172 Ζ,
756 2087 810 2154 καλ
839 2083 1090 2172 ἐπεζεύχθωσαν

80 2195 118 2258 αί
137 2199 210 2276 ΒΖ,
230 2199 306 2258 ΔΖ.
348 2200 417 2258 ίσαι
441 2191 507 2279 ἄρα
530 2192 617 2260 εἰσὶν
640 2196 678 2259 αί
697 2200 771 2279 ΒΖ,
791 2201 857 2259 ΔΖ
879 2193 935 2261 καὶ
953 2190 1092 2260 κάθετοι

26 2322 61 2370 20
81 2298 133 2365 ἐπὶ
156 2295 218 2383 τήν
241 2304 317 2364 ΛΕ.
362 2299 463 2382 λέγω,
488 2295 539 2365 ότι
562 2296 582 2384 ή
606 2296 672 2367 ὑπὸ
697 2306 799 2365 ΒΖΔ
822 2303 928 2384 γωνία
951 2296 1092 2384 ἆμβλείύ

80 2405 180 2470 ἐστιν.
213 2402 399 2490 ἐπεζεύχθω
414 2403 479 2491 γὰρ
496 2403 516 2490 ή
533 2411 609 2472 ΒΔ.
641 2405 696 2473 καλ
712 2405 781 2472 ἐπεὶ
796 2403 1007 2491 τετράγωνόν
1023 2406 1092 2471 ἐστι

79 2507 117 2575 τὸ
133 2519 165 2576 A
172 2514 209 2594 Γ
229 2507 404 2640 διήμετρος
419 2509 457 2579 δὲ
475 2507 495 2597 ή
511 2519 589 2596 ΒΔ,
607 2510 645 2578 τὸ
665 2507 731 2578 ἀπὸ
749 2513 807 2595 τής
825 2516 893 2575 ΒΔ
912 2507 1093 2574 διπλάσιόν

81 2617 149 2682 ἐστι
172 2626 233 2683 τοῦ
257 2613 322 2684 ἀπὸ
345 2627 402 2700 τῆς
426 2626 505 2684 ΔΑ.
551 2615 589 2685 τὸ
614 2614 692 2683 δὲ’
674 2613 739 2683 απὸ
762 2617 820 2740 τής
843 2620 914 2678 ΔΑ
940 2610 1025 2695 πρὸς
1052 2613 1091 2682 τὸ

80 2719 144 2789 ἀπὸ
165 2727 222 2808 τής
237 2730 303 2788 ΔΖ
322 2725 424 2809 λόγον
445 2719 568 2810 ἔχει,
545 2749 590 2800 ως
609 2724 645 2789 έν
664 2746 709 2813 τω
728 2716 793 2806 πρὸ
811 2715 934 2786 τούτου
953 2725 1092 2848 είρήται,

28 2851 61 2900 25
81 2825 122 2896 δν
146 2833 167 2895 δ
189 2853 272 2916 προς
293 2856 324 2915 γ
366 2828 477 2896 καὶ
445 2855 482 2896 το
507 2825 572 2896 απδ
597 2831 656 2910 τής
678 2822 791 2893 BA*
769 2850 835 2912 αρα
858 2821 941 2912 πρὸς
963 2822 1001 2892 τδ
1025 2823 1090 2894 όπδ

79 2945 139 3021 τῆς
161 2943 228 3002 ΔΖ
251 2938 396 3021 λόγον”
377 2961 455 3022 εχει,
488 2930 528 3002 δν
552 2945 574 3020 ἦ
595 2931 731 3020 πρὸςγ.
777 2939 832 3017 ίσή
856 2927 937 3018 δδή
961 2939 1028 2998 ΔΖ
1051 2936 1091 3021 τή

80 3047 150 3110 ΖΒ.
202 3040 239 3109 τὸ
274 3039 338 3130 όρα
366 3039 431 3108 ἀπὸ
461 3045 520 3126 τής
542 3047 610 3106 ΒΔ
636 3064 705 3106 των
733 3035 799 3105 ἀπὸ
828 3063 897 3106 των
924 3046 1001 3123 ΒΖ,
1026 3045 1092 3104 ΖΔ

154 3207 176 3255 1.
196 3199 287 3256 καθέτ
289 3201 325 3274 φ]
343 3199 387 3253 bis
401 3217 439 3252 m.
509 3196 696 3268 τέμνωσινΡ.
770 3205 794 3254 2.
814 3194 936 3287 κατα]
919 3217 956 3260 ως
970 3192 1092 3252 κατόΡ.

107 3265 218 3354 ατη]
205 3267 251 3324 εντ’
272 3292 309 3327 m
378 3277 402 3326 3.
422 3266 650 3356 περιέξουσινΒ.
714 3277 739 3326 6.
757 3269 935 3324 καθέτουΡ.
991 3275 1016 3323 8.
1031 3263 1094 3337 ήμι-

81 3336 195 3402 ούαςν
257 3339 335 3414 ολ]
320 3362 338 3410 ή
358 3360 394 3397 m.
468 3347 492 3396 9.
513 3337 717 3409 ἐφάπτοντετ.
792 3346 832 3395 10.
853 3335 930 3410 εί]”
912 3360 930 3408 η
949 3357 975 3394 v.
1051 3345 1092 3394 11.

81 3408 159 3464 εί-
177 3430 308 3480 τεμνονσ
310 3415 388 3484 v]1n
408 3430 460 3468 ras.
478 3432 514 3467 m.
536 3417 595 3467 lv.
661 3411 795 3483 τέμνουσι
812 3410 879 3465 Vm.
950 3416 990 3465 12.
1011 3401 1095 3497 οήτος

80 3479 184 3536 BVv.
258 3487 299 3538 13.
324 3485 400 3555 ταις]
425 3482 530 3548 τοιςΡ.
622 3478 858 3549 ύποδείξεσινΒ.
950 3485 992 3537 14.
1016 3477 1092 3546 ζΡ.
