2362 3796
110 157 175 221 268
250 157 406 209 SOHOLIA
424 157 461 208 IN
480 154 755 207 ELEMENTORUM
773 154 912 206 LIBRUM
924 155 974 206 111.

463 331 520 398 Ad
543 354 646 417 prop.
669 332 771 398 XXV.

178 459 229 524 28.
262 451 306 521 Τὸ
323 461 355 520 Δ
372 454 513 541 κέντρον
529 457 619 521 ἔσται
634 458 696 522 τοῦ
709 455 1128 542 προσαναπεπληρωμένου

111 562 237 629 κύκλου
265 558 321 627 ύιά
350 558 388 627 τὸ
410 559 448 627 θ’
472 558 632 646 θεώρημα
660 563 718 646 τῆς
740 558 775 646 γ’
798 563 918 646 βίβλου
944 557 984 628 τὸ
1013 561 1125 647 λέγον,

113 665 174 752 ὅτι,
198 666 258 736 ἐὰν
280 667 405 735 κύκλου
428 670 544 754 ληφθῇ
568 692 600 733 τι
623 679 762 752 σημείου
785 664 890 751 ἐντός,
913 663 977 734 ἀπὸ
1004 666 1042 735 δὲ
1064 671 1126 735 τοῦ

77 803 93 850 5
113 780 252 861 σημείου
275 772 359 857 πρὸς
381 769 441 841 τὸν
463 770 589 839 κύκλον
612 777 842 857 προσπίπτωσι
865 776 1000 852 πλείους
1018 767 1039 858 ἢ
1060 770 1124 840 δύο

113 889 182 947 ίσαι
215 877 361 964 εὐθεῖαι,
393 876 431 945 τὸ
465 877 599 965 ληφθὲν
630 891 770 964 σημείου
797 879 937 964 κέντρον
966 877 1036 946 ἐστὶ
1065 881 1127 946 τοῦ

113 986 246 1055 κύκλου.
284 983 348 1052 ἀπὸ
372 984 436 1071 γὰρ
460 987 522 1052 τού
544 990 578 1050 Λ
601 989 741 1070 σημείου
764 988 899 1063 πλείους
921 980 942 1071 ἢ
968 976 1032 1053 δύο
1054 992 1125 1052 ίσατ

114 1089 245 1161 εὐθεῖαι
267 1093 475 1176 προσέπεσον
497 1088 581 1175 πρὸς
600 1101 662 1158 τοῦ
680 1087 981 1178 ἀναγεγραμμένον
999 1089 1126 1158 κύκλου

113 1198 174 1284 τὴν
194 1203 295 1265 ΑΒΓ
313 1198 528 1284 περιφέρειαν
552 1199 590 1263 αί
605 1204 686 1282 ΔΑ,
706 1202 783 1281 ΑΒ,
803 1201 879 1266 ΔΓ.
914 1194 953 1264 τὸ
975 1196 1134 1265 δὲΛΒΓ

62 1326 95 1374 10
115 1301 313 1390 ἡμικύκλιόν
350 1305 418 1370 ἐστι
455 1301 512 1371 διὰ
549 1302 587 1370 τὸ
620 1301 683 1389 τὴν
710 1309 779 1370 ΑΓ
807 1301 946 1370 εὐθεῖαν
978 1301 1036 1371 ὃιά
1067 1307 1130 1372 τοῦ

114 1410 255 1495 κέντρου
287 1400 391 1495 ἦχθαι
422 1409 478 1476 καὶ
511 1408 691 1497 διάμετρον
727 1401 835 1477 οὖσαν
868 1410 928 1477 τὸν
961 1430 1127 1496 προσανα·

115 1517 346 1602 γεγραμμένον
368 1514 494 1583 κύκλον
518 1520 594 1602 δίχα
613 1502 757 1602 τέμνειν.

461 1712 516 1778 Ad
539 1735 644 1797 prop.
667 1712 786 1779 XXVI.

184 1839 236 1905 29.
268 1833 443 1904 Ἔστωσαν
471 1844 539 1903 ίσοι
571 1833 687 1903 κύκλοι
719 1861 749 1922 p.
774 1837 852 1921 230,
878 1837 936 1918 15]
970 1843 1039 1904 ίσοι
1067 1862 1130 1923 φα-

66 1963 98 2012 15
117 1941 279 2028 νήσονται
303 1944 367 2010 ἀπὸ
395 1946 456 2009 τοῦ
484 1950 540 2009 ίσα
568 1939 719 2027 τμήματα
746 1937 903 2026 ἀλλήλοις
927 1939 983 2008 διὰ
1013 1939 1052 2009 τὸ
1075 1941 1130 2009 κδ’

117 2049 276 2133 γενέσθαι
290 2049 346 2115 καὶ
360 2045 550 2136 ὁλοκλήρως
564 2051 890 2136 προσαναγραφῆναι
900 2047 977 2126 τοὺς
986 2046 1133 2128 κύκλους

119 2152 174 2219 διὰ
198 2157 258 2220 τοῦ
283 2152 401 2239 ἐφεξῆς
423 2150 480 2220 κε’.

446 2347 502 2412 Ad
525 2369 629 2431 prop.
651 2346 803 2414 XXVIII.

187 2471 238 2536 30.
262 2470 368 2535 Τοῦτο
382 2468 436 2535 καλ
451 2467 488 2536 τὸ
503 2469 576 2555 ἑξῆς
589 2468 645 2535 καί
659 2471 696 2536 τὸ
712 2473 825 2554 τρίτον
836 2465 1133 2557 ἀναστρέφουσιν·

66 2598 101 2647 ‘20
120 2571 179 2641 ε’ἀν
212 2581 281 2641 ίσαι
314 2571 445 2642 εὐθεῖαι
478 2582 552 2654 ίσας
577 2575 633 2642 καὶ
662 2571 779 2660 ὁμοίας
810 2580 1020 2662 περιφερείας
1050 2572 1132 2644 ύτιο·

120 2685 286 2766 τείνωσιν,
310 2689 379 2748 ίσοι
403 2681 488 2748 είσὶν
512 2684 547 2748 ολ
566 2679 695 2765 κύκλοι,
719 2671 769 2748 ἀν
792 2683 830 2747 αί
848 2681 1065 2769 περιφέρειαι.
1102 2686 1136 2750 εί

119 2787 183 2874 γὰρ
207 2785 335 2870 ἀνισοι,
364 2788 417 2854 ἐπὶ
439 2791 501 2855 τού
524 2787 705 2865 ἐλάσσονος
732 2789 777 2877 τῷ
802 2790 928 2872 μείζονι
951 2795 1029 2855 ίσου
1051 2813 1133 2874 γρα-

120 2896 240 2981 φέντος
258 2895 333 2981 περὶ
352 2893 389 2961 τὸ
410 2889 492 2960 αὐτὸ
509 2894 651 2979 κέντρον
668 2891 724 2959 καὶ
743 2895 878 2978 γωνιῶν
897 2893 1031 2961 ἐπὶτῶν
1048 2900 1136 2962 ἴσων

120 3015 332 3121 TVI-IX}
351 3053 390 3122 (l).
472 3056 514 3106 29.
534 3069 561 3120 p.
644 3056 686 3105 30.
706 3049 824 3106 PFVot.
845 3053 873 3106 et
892 3053 914 3105 B
933 3053 1024 3122 (ouon.
1043 3070 1134 3121 usquo

121 3125 157 3179 ad
177 3117 216 3178 ὧν
234 3124 282 3178 lin.
293 3127 346 3192 21).
376 3119 407 3178 τὸ
427 3124 520 3192 τρίτον
538 3121 587 3176 lin.
604 3125 637 3174 19
652 3123 696 3176 est
709 3121 772 3192 ipso
786 3121 942 3193 propositio
956 3123 1006 3177 lin.
1018 3127 1132 3180 19-21.

196 3291 236 3338 11.
256 3281 319 3355 τόν]
339 3281 391 3351 τήν
410 3281 438 3336 ἱο
458 3297 512 3336 ras.
532 3298 558 3349 q.
641 3286 683 3336 12.
702 3300 731 3336 τε
755 3287 784 3336 εί
797 3280 831 3335 V.
913 3287 954 3336 19.
974 3279 1015 3345 είς
1031 3278 1064 3337 τὸ
1084 3278 1135 3351 κη’

120 3356 212 3411 Fvat.
289 3351 535 3422 ἀναστρέφουσιν]
556 3367 646 3438 comp.
664 3351 699 3418 P,
719 3355 906 3422 ἀντίστροφον
924 3351 1016 3408 Fvat.
1089 3358 1134 3410 22.

122 3426 197 3495 ἴσον]
218 3416 252 3477 οὗ
271 3423 418 3478 PBFVat.
491 3428 533 3477 23.
557 3417 648 3495 σύτο]
668 3417 704 3478 αὖ
724 3422 788 3477 var.
862 3423 983 3495 γωνιῶν]
1004 3424 1062 3479 τῶν
1079 3444 1135 3495 γω-

111 3493 322 3552 νιῶνΒΝεί.
381 3495 451 3571 τῶν]
472 3513 528 3554 om.
547 3491 579 3550 B.
707 3493 711 3501 '
