2362 3796
202 152 358 204 εοΗοιαΑ
376 153 415 204 m
432 152 706 203 ELEMENTORUM
723 151 862 202 LIBRUM
876 151 937 204 ΧΠ.
1006 145 1070 210 639

127 297 178 361 61.
213 291 292 359 Ἐάν
316 283 378 360 οἷσι
399 290 461 358 δύο
481 298 606 378 μεγέθη
626 288 738 375 άνισα,
761 291 816 357 καλ
836 288 901 356 άπὸ
922 294 1071 374 μείζονος

59 399 230 486 ἀφαιρεθῇ
260 396 403 464 ἔλασσόν
425 422 457 463 τι
484 399 543 483 της
569 392 748 480 ὑπεροχῆς,
782 401 893 482 μεῖζον
922 395 1070 479 διαμένει

58 505 96 572 τὸ
116 511 227 591 μεῖζον
246 513 306 571 τοῦ
326 501 515 582 έλάσσονος.
552 501 611 570 ἐὰν
635 500 672 569 δὲ
695 499 754 587 ἑλη
773 497 954 587 ἡύπεροχη
971 496 1070 585 ἀφαι-

59 615 144 698 ρεθῇ
168 608 233 678 άπὸ
257 612 318 678 τού
342 614 503 695 μείζονος,
526 606 567 674 τά
588 615 687 675 λοιπα
708 615 764 674 ίσα
783 608 992 692 διαμένουσι·
1014 609 1073 672 καί

58 720 126 784 ἐστι
149 715 246 802 κοινὴ
270 720 393 784 ἔννοια.
1107 728 1123 778 5

126 827 176 892 62.
219 823 286 889 Καὶ
314 822 390 909 περὶ
418 829 492 899 ίσας
518 825 643 906 γωνίας
669 845 701 906 p.
724 823 803 908 208,
826 823 861 903 9]
891 817 980 905 ὀρθὴ
1005 819 1068 906 γάρ

59 930 196 1016 ἑκατέρα
219 926 340 997 αὐτοῖν.

126 1040 177 1104 63.
210 1032 268 1114 Ὡς
286 1032 306 1120 ἡ
322 1041 389 1101 ΒΚ
406 1034 490 1120 πρὸς
508 1031 571 1121 τὴν
585 1035 661 1100 ΚΤ
674 1059 704 1120 p.
719 1037 794 1115 208,
815 1036 869 1117 12]
894 1031 1068 1119 ἐπειδήπερ

58 1143 210 1229 ἑκάτεραι
234 1139 345 1208 αὐτῶν
369 1142 403 1208 έκ
426 1143 487 1207 τού
510 1140 652 1222 κέντρον
675 1143 770 1207 είσίν.

126 1252 177 1317 64.
211 1245 417 1332 Ἐπειάήπερ,
440 1243 459 1313 ὃ
478 1248 578 1332 μέρος
595 1239 716 1332 p.218‚
733 1249 787 1330 14]
808 1243 864 1312 διά
883 1244 937 1331 λγ’
955 1248 1016 1311 τοέ
1037 1243 1069 1320 ς’
1089 1260 1123 1308 10

60 1352 104 1433 ὡς
129 1352 146 1421 ὁ
171 1361 307 1421 ΑΒΓΔ
334 1353 457 1432 κύκλος
484 1350 566 1441 πρὸς
592 1353 652 1431 τὰς
677 1339 698 1419 ιλ
728 1349 848 1438 ὀρθάς,
882 1351 987 1430 οὕτως
1014 1349 1069 1416 καὶ

59 1458 178 1545 ἑκάστη
211 1460 405 1547 περιφέρεια
436 1463 504 1527 τῶν
537 1457 715 1544 τμημάτων
744 1461 806 1525 τού
833 1456 959 1525 κύκλον
985 1454 1070 1542 πρὸς

59 1568 197 1634 ἑκαστον
220 1569 331 1652 τμῆμα
355 1569 478 1650 γωνίας
500 1568 567 1631 τῶν
585 1562 757 1651 τεσσάρων
777 1561 903 1650 ὀρθάν.
928 1561 1069 1643 ἐναλλάξ

59 1670 104 1750 ὡς
125 1673 264 1738 ἑκαστον
282 1674 392 1756 τμῆμα
407 1675 467 1736 τοῦ
485 1668 611 1736 κύκλον
629 1668 712 1753 πρὸς
729 1668 789 1737 τὸν
808 1669 943 1755 κύκλον,
964 1666 1069 1746 ούτως

59 1775 178 1860 ἑκάστη
202 1774 444 1860 ύποτεινομένη
467 1778 574 1860 γωνία
600 1775 684 1860 πρὸς
706 1775 764 1853 τὰς
788 1763 813 1841 ιλ
837 1773 956 1861 ὀρθάς·
994 1770 1066 1841 ἀλλ’
1092 1789 1123 1840 15

58 1880 103 1961 ὡς
126 1880 245 1966 ἑκάστη
275 1881 469 1966 περιφέρεια
496 1883 558 1947 τοῦ
584 1878 711 1947 κύκλον
739 1878 822 1966 πρὸς
849 1879 909 1948 τὸν
932 1881 1068 1964 κύκλον,

60 1987 165 2067 οὕτως
196 1986 252 2054 καὶ
281 1986 398 2070 ἑκάστη
427 1987 620 2073 περιφέρεια
653 1989 714 2053 τού
741 1985 867 2054 κύκλον
898 1985 981 2074 πρὸς
1008 1983 1069 2053 τὸν

58 2095 193 2179 κύκλον,
218 2093 324 2172 ούτως
347 2090 465 2178 ἑκάστη
489 2092 682 2178 περιφέρεια
705 2095 767 2159 τού
786 2098 922 2159 ΕΖΗΘ
943 2091 1070 2160 κύκλον

58 2201 141 2285 πρὸς
163 2199 224 2265 τὸν
239 2203 375 2264 ΕΖΗΘ
397 2197 533 2284 κύκλον,
556 2197 612 2264 καὶ
632 2195 676 2276 ὡς
695 2197 813 2284 ἑκάστη
828 2195 1068 2285 ύποτεινομένη

57 2310 166 2390 γωνία
198 2300 264 2371 ὑπὸ
298 2304 434 2390 ἑκάστης
462 2308 673 2390 περιφερείας
704 2301 787 2389 πρὸς
814 2302 872 2385 τὰς
900 2292 926 2371 ιλ
951 2301 1068 2391 ὀρθάς,
1089 2320 1123 2368 20

59 2408 165 2490 οὕτως
188 2409 308 2495 ἑκάστη
332 2407 572 2498 ὑποτεινομένη
596 2415 704 2497 γωνία
725 2415 786 2479 τοῦ
810 2411 924 2498 ἑτέρον
942 2409 1069 2478 κύκλον

57 2512 142 2600 πρὸς
169 2513 226 2596 τὰς
252 2503 274 2582 ιλ
302 2513 417 2603 ὀρθάς.
467 2514 485 2585 ὃ
514 2516 579 2602 άρα
607 2519 707 2603 μέρος
734 2517 824 2584 ἐστὶν
852 2516 971 2603 ἑκάστη
999 2521 1068 2585 τῶν

58 2625 193 2706 γωνιῶν
219 2624 287 2690 τῶν
312 2615 332 2690 ιλ
355 2620 483 2711 ὀρθῶν,
506 2622 544 2692 τὸ
568 2620 649 2692 αύτὸ
667 2625 767 2709 μέρος
786 2622 855 2690 ἐστὶ
873 2623 929 2690 καλ
948 2622 1067 2709 ἑκάστη

57 2733 165 2812 γωνία
197 2740 259 2795 τοῦ
291 2730 406 2814 ἑτέρον
437 2728 564 2796 κύκλον
592 2734 660 2797 τῶν
685 2715 706 2795 ὅ
735 2726 859 2813 ὀρθῶν.
915 2736 969 2815 ἴση
1003 2727 1068 2815 άρα

58 2831 177 2919 ἑκάστη
202 2838 309 2919 γωνία
331 2839 371 2922 τῇ
396 2834 515 2923 ἑκάστη
540 2834 596 2902 διά
619 2837 659 2903 θ’
680 2838 741 2902 τοῦ
765 2835 809 2920 ε’,
838 2831 859 2922 ἢ
883 2833 923 2902 τά
947 2834 984 2903 δὲ
1006 2838 1068 2902 τοῦ
1087 2852 1122 2902 25

58 2935 162 3006 αὐτοῦ
185 2936 304 3024 ἡμίσεα
327 2935 348 3025 ἢ
371 2946 465 3022 τρίτα
489 2948 544 3006 ίσα
568 2938 724 3028 ἀλλήλοις
747 2942 845 3007 ἐστίν.

129 3104 171 3151 61.
190 3098 238 3153 V'.
312 3104 354 3152 6'2.
373 3098 404 3153 Β.
479 3104 520 3153 63.
539 3099 570 3153 Β.
644 3106 685 3154 64.
704 3100 752 3154 W.

130 3255 154 3305 3.
181 3245 346 3319 ἐλάσσονος]
365 3243 554 3317 ὑπερέχοντος
572 3248 606 3302 V.
697 3255 739 3302 14.
764 3244 800 3312 ὡς
832 3265 885 3303 om.
905 3248 938 3302 V.
1026 3254 1067 3303 16.

56 3320 239 3392 περιφέρεια]
259 3321 328 3387 περί
346 3319 377 3388 V,
396 3321 429 3372 ut
447 3318 496 3374 lin.
514 3326 554 3374 17.
629 3325 670 3374 18.
690 3319 757 3376 Post
775 3323 880 3374 κνιιλον
899 3318 1003 3374 excidit
1017 3320 1066 3373 ali-

57 3419 133 3487 quid.
206 3415 388 3488 περιφέρεια]
408 3402 433 3472 ά
457 3415 490 3472 V.
555 3423 595 3472 19.
615 3413 678 3487 τόν]
698 3433 752 3471 om.
772 3416 804 3471 V.
882 3413 934 3488 ὡς]
960 3432 1013 3472 om.
1033 3416 1067 3470 V.

93 3494 135 3544 22.
156 3488 252 3560 μέρος]
272 3487 352 3559 μένει
370 3489 402 3543 V.
477 3493 519 3541 24.
539 3483 611 3559 &¹ch
629 3483 704 3542 ἐστίν
722 3487 762 3542 V.
