2362 3796
111 118 153 183 98
264 117 420 170 SCHOLIA
438 118 478 169 IN
494 114 771 168 ELEMENTORUM
787 115 927 167 LIBRUM
940 117 963 166 I.

109 284 144 328 τε
167 262 226 344 τῆς
249 258 429 345 διαμέτρου
451 258 507 325 καί
529 261 589 345 τῆς
607 255 930 343 ἀπολαμβανομένης
946 251 1004 322 ὐπ’
1023 254 1127 342 αὐτῆς

110 369 337 452 περιφερείας,
366 365 506 452 κέντρον
535 361 572 431 δέ
599 367 660 430 τού
687 359 887 449 ἡμικυκλίου
913 359 953 431 τὸ
977 360 1079 450 αὐτό,
1107 359 1125 431 ὃ

110 471 166 539 καί
188 474 250 539 τοῦ
271 469 397 538 κύκλου
420 471 519 537 ἐστίν.

178 574 243 645 ἀπὸ
266 576 327 664 μίν
350 580 412 645 τοῦ
437 574 581 663 ὁρισμοῦ
603 578 665 643 τοῦ
682 572 808 642 κύκλου
826 572 888 660 τὴν
904 578 967 644 τοῦ
985 576 1128 666 κέντρου

77 706 92 755 5
111 683 217 772 φύσιν
232 681 491 769 άνηυρίσκομεν,
505 679 572 750 ἀπὸ
589 680 626 748 δέ
635 683 697 749 τού
709 677 921 768 κέντρουτὴν
931 681 1128 772 διάμετρον·

112 788 178 859 ἀπὸ
200 790 238 859 δέ
261 794 319 876 τῆς
343 790 522 876 διαμέτρου
544 786 582 856 τὸ
605 785 813 874 ἡμικύκλιον,
836 787 905 855 ότι
923 789 1008 858 ποτέ
1024 792 1126 874 ἐστιν,

112 896 344 980 ἀναδιδάσκει,
374 892 424 963 ότι
452 891 517 962 ὑπὸ
547 892 609 961 δύο
637 893 821 979 περιέχεται
844 889 951 979 όρων,
979 892 1128 981 εὐθείας,

112 1004 167 1071 καὶ
191 1000 311 1086 ταύτης
335 997 376 1068 οὐ
399 1004 457 1087 τὴς
476 998 652 1087 τυχούσης,
677 996 762 1067 ἀλλά
779 1002 839 1083 τῆς
857 1001 1048 1088 διαμέτρου,
1072 1002 1127 1069 καί

113 1111 324 1194 περιφερείας
356 1110 413 1192 τὴς
445 1104 768 1192 ἀπολαμβανομένης
799 1101 865 1173 ὐπὸ
895 1108 953 1191 τῆς
981 1102 1127 1190 εὐθείας,

64 1237 95 1286 10
114 1214 166 1280 καί
197 1212 258 1298 μὲν
287 1211 328 1297 δὴ
356 1212 412 1278 καί
442 1209 552 1279 ὅτιτὸ
577 1210 658 1279 αὐτὸ
682 1215 743 1278 τοῦ
766 1206 964 1297 ἡμικυκλίου
982 1211 1126 1294 κέντρον

113 1320 168 1386 καί
192 1323 253 1385 τοι)
275 1316 410 1385 κύκλου.
454 1318 510 1384 καί
534 1319 792 1405 έπισημαντέου,
822 1314 874 1384 ότι
897 1317 998 1404 μόνον
1020 1318 1120 1382 τοῦτο

114 1428 182 1492 τῶν
202 1423 366 1491 ἐπιπέδων
386 1421 563 1508 σχημάτων
583 1425 635 1490 ε’πί
650 1427 709 1509 τὴς
722 1424 920 1510 περιμέτρου
933 1419 971 1491 τὸ
984 1421 1124 1507 κε’ντρον

116 1536 193 1618 ἔχει·
226 1533 320 1618 τριχῆ
344 1529 410 1616 γὰρ
433 1528 470 1597 τὸ
492 1531 633 1616 κέντρου
656 1529 887 1616 θεωρήσομεν,
911 1525 932 1616 ἡ
956 1531 1060 1615 ἐντός,
1084 1526 1130 1609 ῶς

115 1639 165 1706 έπί
182 1642 243 1706 τοῦ
256 1638 393 1722 κύκλου,
412 1632 432 1722 ἡ
449 1635 551 1721 ἐκτός,
571 1634 616 1714 ῶς
630 1636 683 1703 ἐπὶ
697 1640 766 1703 τῶν
782 1638 935 1704 κωνικῶν
953 1639 1129 1724 γραμμῶν,

65 1767 95 1815 15
115 1741 136 1830 ἡ
160 1745 213 1813 ἐπὶ
235 1748 293 1829 τῆς
315 1743 524 1831 περιμέτρου,
549 1739 594 1821 ῶς
617 1741 669 1809 ἐπί
692 1745 754 1809 τοῦ
777 1740 986 1827 ἡμικυκλίου.

182 1847 418 1937 Εὐθύχραμμα
441 1847 589 1936 σχήματά
610 1849 700 1914 ἐστιν
718 1845 759 1913 τά
778 1844 843 1914 ὑπὸ
864 1846 1009 1916 εὐθειῶν
1028 1875 1131 1935 γραμ-

116 1968 188 2042 μῶν
207 1956 435 2043 περιεχόμενα,
457 1961 638 2042 τρίπλευρα
661 1953 722 2040 μέν
741 1953 782 2020 τδι
800 1951 866 2022 ὑπὸ
883 1964 997 2042 τριῶν,
1022 1954 1131 2042 τετρά·

117 2071 241 2150 πλευρα
266 2063 302 2128 δὲ
325 2062 365 2127 τά
389 2059 454 2127 ὑπὸ
478 2063 666 2145 τεσσάρων,
695 2061 909 2148 πολύπλευρα
937 2059 976 2128 δέ
998 2060 1039 2129 τά
1064 2059 1129 2129 ὑπὸ

117 2167 282 2234 πλειόνων
307 2163 325 2250 ἢ
350 2165 522 2246 τεσσάρων
546 2170 699 2251 πλευρῶν
722 2165 949 2253 περιεχόμενα.

66 2295 98 2341 20
186 2272 265 2356 μετὰ
289 2269 326 2337 τὸ
351 2272 533 2355 μοναδικόν
558 2276 667 2357 σχῆμα
689 2274 746 2340 καί
769 2273 806 2340 τό
829 2271 981 2352 δυσειδὲς
999 2270 1038 2341 τὸ
1057 2273 1131 2360 ἡμι-

116 2375 254 2443 κύκλιον
282 2376 302 2462 ἡ
331 2380 398 2442 τῶν
425 2373 583 2463 ἀριθμῶν
612 2376 662 2445 ἐπ’
687 2376 827 2467 ἀπειρον
854 2379 1000 2464 πρόοδος
1026 2403 1131 2466 παρα-

119 2486 249 2549 δίδοται
271 2487 338 2549 τῶν
363 2479 612 2569 εὐθυγράμμων
636 2483 822 2570 σχημάτων.
864 2483 920 2551 διά
945 2484 1130 2571 γάρτοῦτο

117 2588 172 2655 καί
196 2586 216 2674 ἡ
240 2593 299 2656 τού
323 2587 520 2675 ἡμικυκλίου
543 2591 682 2676 μέμονεν
709 2592 839 2677 μνήμη,
868 2589 919 2659 ὅτι
941 2590 1027 2659 κατά
1050 2590 1131 2671 τούς

119 2692 219 2785 ὅρους
242 2694 286 2781 πὴ
309 2695 370 2781 μὲν
394 2700 438 2786 τῷ
461 2694 572 2787 κύκλω
596 2695 782 2781 νειτνιάζει,
806 2694 851 2783 πὴ
875 2696 912 2764 δέ
934 2711 1005 2775 τοῖς
1028 2694 1130 2766 εὐθύ

65 2828 98 2877 25
118 2803 295 2891 γράμμοις·
331 2803 461 2886 πρόεισι
491 2801 527 2869 δὲ
550 2800 590 2869 τὰ
614 2799 836 2889 εὐθύγραμμα
859 2800 1025 2883 εὐτάκτως
1047 2801 1130 2873 κατὰ

117 2907 177 2978 τὸν
201 2907 265 2977 άπὸ
288 2914 423 2997 τρίαδος
446 2906 603 2995 ἀριθμόν.
649 2907 857 2993 τριπλεύρων
881 2908 918 2976 δέ
939 2911 995 2977 καί
1018 2935 1130 2998 τετρα-

118 3016 271 3101 πλεύρων
304 3014 480 3100 ἐποιήσατο
514 3013 663 3099 μνήμην,
702 3012 815 3100 ἐπειδὴ
854 3018 1025 3102 προσεχῶς
1056 3017 1132 3104 περὶ

118 3121 247 3189 τούτων
271 3125 307 3189 ἐν
330 3125 375 3212 τῷ
399 3121 518 3211 πρώτω
545 3117 809 3205 διαλεχθήσεται.
851 3118 902 3189 ότι
925 3120 963 3188 δέ
985 3124 1024 3190 τὸ
1046 3120 1133 3191 εὐθύ

121 3225 273 3310 προόδου
306 3226 476 3313 σύμβολόν
510 3229 577 3293 ἐστι
610 3225 665 3291 καί
695 3227 856 3311 κινήσεως
887 3226 942 3293 καί
970 3224 1133 3318 ἀπειρίας,

193 3460 218 3509 λ.
238 3450 367 3524 εὐθείας]
391 3450 501 3511 εὐθεῖα.
575 3460 617 3509 24.
637 3452 781 3524 χιτνιάζει.
