2362 3796
198 148 354 204 οοΗοτΙΑ
371 151 411 202 m
428 148 702 207 ELEMENTORUM
719 149 859 201 οῑοοοοτ
872 149 932 201 vn.
1005 145 1069 210 381

56 289 142 380 πρὸς
165 288 332 375 ἀλλήλους
355 293 435 374 εἰσί,
461 287 522 357 τὸν
546 287 584 356 δὲ
607 289 668 356 ἕνα
691 283 803 356 αὐτῶν
825 285 886 355 τὸν
909 293 942 355 Γ
960 300 1073 376 μετρεῖ

58 396 77 465 6
92 405 133 484 E,
155 401 264 477 καλῶς
282 394 349 485 ἀρα
367 393 451 483 πρὸς
466 394 528 463 τὸν
547 392 668 462 λοιτὸυ
688 391 800 462 αὐτῶν
814 391 922 463 τὸυΑ
940 393 1071 483 πρῶτός

56 505 156 572 ἐστιν.
985 515 988 520 “

352 646 353 649 ¹
414 664 472 737 Ad
493 684 598 747 prop.
620 661 722 728 XXV.

127 791 179 855 59.
217 778 301 855 Οἴου
324 785 343 853 6
367 776 461 868 ξκαὶ
480 790 502 852 ’ἓ
526 788 650 873 πρῶτοι
674 781 759 871 πρὸς
781 781 955 869 ἀλλήλους.
997 776 1071 850 οἷον
1108 807 1124 856 5

59 881 189 979 βούλεο,
221 896 513 976 πολυτλαοίασου,
544 889 601 957 καὶ
624 893 715 957 ἔσται
744 888 761 957 6
785 888 966 976 γενόμενος
989 885 1072 973 πρὸς

58 999 120 1068 τὸν
142 998 261 1068 λοιττὸυ
290 997 450 1078 ὡσαύτως
466 1000 612 1087 Ιπρῶτος.
657 1000 688 1064 ελ
715 995 753 1064 δὲ
779 997 835 1063 καὶ
862 993 1072 1083 ἀμφοτέρους

60 1103 355 1191 αολυπλασιάσεις,
394 1107 429 1171 oc
464 1105 498 1185 ἐξ
529 1099 728 1191 ἀμφοτέρων
760 1100 937 1188 γευόμενοι
969 1100 1071 1169 τάλιυ
1109 1145 1111 1149 ⁴

61 1209 144 1299 πρὸς
166 1208 331 1299 ἀλλήλους
354 1213 485 1298 πρῶτοί
506 1211 601 1277 εἰσιν.

403 1476 460 1541 Ad
483 1499 589 1561 prop.
612 1474 731 1541 XXVI.
812 1550 816 1556 ,
928 1531 930 1535 ,
1093 1494 1125 1544 10

129 1602 181 1668 60.
213 1597 309 1686 Ἐάν,
333 1604 454 1686 φησίν,
479 1601 514 1666 οἱ
535 1606 581 1682 Α,
604 1605 633 1664 Β
657 1595 843 1685 ἀμφότεροι
865 1598 947 1684 πρὸς
964 1596 1026 1663 τὸυ
1046 1599 1079 1662 Γ

62 1708 189 1789 πρῶτοι
213 1695 311 1791 ὦσιν,
342 1701 467 1790 ὁμοίως
489 1702 592 1770 πάλιυ
615 1706 651 1770 ολ
671 1699 768 1770 αὐτοὶ
790 1710 837 1788 A,
861 1710 890 1770 Β
912 1700 1074 1787 καὶπρὸς

61 1808 122 1878 τὸν
137 1818 171 1878 Δ
188 1819 314 1898 πρῶτοι
333 1802 430 1895 ὦσιν,
453 1814 554 1894 ἔστιν,
579 1805 596 1876 6
616 1810 717 1895 λέγει·
741 1805 865 1897 οὐγὰρ
887 1809 986 1895 λέγει,
1011 1807 1072 1892 ὅτι,

62 1911 105 1984 ἀν
129 1913 146 1985 6
168 1924 203 1984 *Α
233 1915 317 2006 πρὸς
344 1915 406 1984 τὸν
428 1921 461 1983 Γ
488 1907 510 2004 ή
537 1919 667 2002 πρῶτος
688 1915 744 1983 καὶ
768 1913 786 1983 6
810 1922 839 1982 Β
866 1913 969 1982 πάλιν
991 1912 1074 2002 πρὸς

49 2020 120 2107 ’τὸν
139 2030 184 2108 Δ,
207 2018 291 2091 ἀλλὰ
315 2017 359 2091 ἀν
383 2023 420 2090 ολ
435 2029 479 2107 A,
498 2028 526 2088 B
549 2019 633 2107 πρὸς
654 2019 714 2088 ’τὸν
733 2025 765 2087 Γ
784 2015 847 2088 οἶσι
869 2014 995 2108 πρῶτοι
1017 2021 1073 2088 καὶ
1093 2024 1125 2075 15

61 2127 163 2196 πάλιν
187 2130 222 2196 oc
243 2125 341 2195 αὐτοὶ
364 2137 407 2212 A,
431 2133 460 2193 Β
482 2124 566 2213 πρὸς
587 2126 649 2193 τὸν
672 2133 706 2193 Δ
728 2117 792 2194 ἀοι
813 2130 949 2211 πρῶτοι.

129 2238 181 2301 61.
212 2233 388 2317 Ἐκάτερος
407 2230 472 2318 ἀρα
490 2237 559 2300 τῶν
575 2238 613 2318 Γ,
630 2240 663 2300 Δ
680 2230 764 2318 πρὸς
782 2230 842 2299 τὸν
855 2240 888 2299 Ε
904 2235 1023 2328 p.242,
1038 2235 1072 2314 9]

63 2336 120 2405 διὰ
142 2336 181 2406 τὸ
206 2341 354 2424 δοθήυαι
376 2337 456 2419 τοὺς
478 2348 521 2425 Α,
544 2346 573 2406 Β
599 2337 683 2424 πρὸς
706 2337 862 2423 ἑκάτερον
886 2340 954 2404 τῶν
976 2342 1015 2424 Γ,
1041 2345 1074 2405 Δ
1147 2339 1166 2374 ’

62 2441 216 2530 πρώτους
229 2439 327 2528 εἶναι,
342 2447 512 2512 δείκνυται
527 2444 564 2512 66
579 2441 634 2511 διὰ
644 2447 704 2512 τοῦ
714 2444 932 2531 θεωρήματος
941 2454 1002 2511 τοῦ
1012 2443 1073 2527 κδ’,

55 2544 127 2644 ιὅτι,
151 2544 210 2616 ἐὰν
229 2547 292 2617 δύο
312 2547 454 2636 ἀραθμοὶ
473 2553 508 2618 oc
520 2558 562 2636 A,
577 2557 606 2617 Β
624 2549 709 2635 πρός
725 2576 802 2617 τινα
819 2548 880 2617 τὸν
896 2557 929 2617 Δ
946 2553 1074 2635 πρῶτοι
1093 2572 1127 2621 20

64 2644 164 2737 ὦσιν,
195 2654 251 2721 καὶ
285 2652 302 2722 6
336 2656 369 2736 ἐξ
397 2653 511 2723 αὐτῶν
537 2657 716 2742 γενόμενος
744 2652 762 2722 6
786 2657 829 2722 Ε
847 2656 931 2741 πρὸς
958 2655 1019 2723 τὸυ
1043 2662 1076 2722 Δ

12 2825 15 2836 ,
64 2757 194 2845 πρῶτός
226 2761 325 2830 ἐστιν.
380 2759 502 2858 ὁμοίας
539 2760 595 2828 διὰ
625 2765 686 2828 τοῦ
721 2758 825 2830 αὐτοῦ
857 2746 1075 2848 θεωρήματος

64 2865 200 2950 ἐδείχθη
228 2867 284 2934 καὶ
308 2863 326 2934 6
350 2872 383 2934 Γ
405 2863 488 2955 πρὸς
514 2865 575 2934 τὸν
597 2874 629 2934 Ε
652 2871 797 2955 πρῶτος·
826 2858 986 2952 ιἑκάτερος
1009 2865 1075 2955 ἀρα

62 2973 131 3036 τῶν
154 2976 194 3056 Γ,
218 2978 251 3036 Δ
273 2970 357 3056 πρὸς
378 2970 439 3040 τὸυ
463 2980 496 3039 Ε
515 2972 645 3060 πρῶτός
668 2973 767 3041 ἐστιν.

136 3207 179 3256 το.
198 3200 244 3256 V⁴.
299 3207 360 3256 οο.
380 3201 442 3270 v⁵q
457 3201 535 3271 (ου).
608 3207 649 3257 οι.
670 3201 717 3257 ν’.

137 3420 161 3470 2.
182 3410 366 3539 αοιῶνροω.
386 3415 422 3500 V2
477 3420 518 3471 ιο.
538 3390 624 3487 ἕστο]
645 3413 723 3469 ἔσται
742 3431 768 3482 q.
831 3419 871 3471 18.
889 3414 970 3485 τούς]
990 3410 1022 3478 τί*
1041 3414 1076 3468 V.

98 3482 182 3556 πρός]
205 3503 258 3540 om.
305 3527 311 3540 .
384 3487 453 3559 τωο]
473 3485 540 3550 τούς
558 3486 593 3541 V.
664 3491 714 3544 Ἃ.
730 3485 935 3557 66me-
