2362 3796
160 190 171 208 .
231 161 388 214 scnom
406 164 445 214 m
462 162 737 226 ELEMENTQRUM
755 164 895 215 τιεπσιι
908 163 941 215 v.
1028 157 1094 224 299

71 299 182 372 αὐτὸν
206 306 264 391 ἔχη
287 302 400 388 λόγον.
446 307 597 371 δείκνυσι
625 303 662 371 δὲ
685 300 770 370 αὐτὰ
796 304 833 370 ἐν
856 306 902 392 τῷ
925 300 1014 393 λόγῳ
1039 301 1095 370 διά

72 408 202 478 ’τοῦτον
223 408 361 495 καὶτῆς
384 405 609 496 ἀναστροφῆς
632 406 747 477 αὐτοῦ.

144 520 197 584 44.
227 513 338 584 Ἔστω
366 513 593 602 γάρπρῶτον
619 513 660 583 τά
688 504 793 582 δκαὶ
817 515 976 603 δεύτερον
999 515 1039 584 τά
1063 521 1095 602 ξ,

72 621 112 709 γ’
135 619 175 690 τά
200 627 229 699 ι“ε
255 622 311 690 καί
335 622 368 690 δ’
392 619 432 690 τά
454 627 482 689 ῖ.
532 619 593 689 τὸν
621 619 728 690 αὐτὸν
756 610 820 690 οῦν
848 621 952 708 λόγον
980 627 1095 708 ἔχουσι

73 726 117 796 τὸ
141 731 276 815 πρῶτον
302 726 387 818 πρὸς
412 726 451 796 τὸ
477 726 638 814 δεύτερον
670 728 726 795 καὶ
752 726 790 794 τὸ
814 733 928 814 τρίτον
951 726 1035 814 πρὸς
1056 717 1130 795 τ’δσ

75 835 249 920 τέταρτον·
290 832 439 921 ἡμιόλιαι
468 833 533 920 γάρ
562 830 747 922 ἀμφότεροι
779 832 989 921 ἀμφοτέρων.
1039 833 1095 899 καὶ

75 939 121 1008 τά
156 939 265 1018 ἰσάκις
295 945 414 1008 τοίνυν
446 937 678 1008 πολλαπλάσια
709 943 770 1008 τοῦ
802 966 837 1007 τε
868 939 1004 1027 πρώτου
1039 939 1094 1006 καὶ

74 1051 194 1133 τρίτου
216 1043 300 1132 πρὸς
321 1045 361 1113 τδι
385 1045 493 1125 ἰσάκις
515 1044 747 1113 πολλαπλάσια
769 1049 830 1113 τοῦ
854 1048 1014 1134 δευτέρον
1037 1047 1093 1112 καί

74 1150 240 1239 τετάρτου
268 1148 348 1219 καθ’
376 1150 561 1219 ὁποιονοῦν
589 1177 665 1218 τινα
687 1149 1007 1237 πολλαπλασιασμὸν
1034 1149 1095 1218 τὸν

37 1334 39 1339 ,
76 1255 185 1327 αῦτὸν
221 1258 285 1339 ἕξει
316 1255 421 1341 λόγον
453 1257 629 1342 ληφθέντα
661 1256 858 1343 κατάλληλα.
914 1260 996 1325 ἔστω
1029 1254 1094 1385 χάρ
1115 1281 1148 1330 10

74 1373 185 1434 τοῦθ
208 1360 248 1430 τά
268 1390 301 1449 ιη
267 1362 381 1428 καί
399 1366 460 1430 τοῦ
480 1389 510 1430 ιε
527 1390 567 1430 τα
586 1369 606 1429 λ
629 1364 738 1442 ἰσάκις
760 1364 1005 1430 πολλαπλάσια
1034 1360 1094 1448 άμ-

78 1468 206 1558 φότερα
229 1467 294 1554 χδιρ
319 1465 519 1535 διπλάσια’
501 1469 708 1554 αμφοτέρωυ.
750 1479 818 1536 τῶν
843 1468 920 1535 δὶ
903 1487 922 1539 ς
946 1474 1136 1539 ἔστωσαν

75 1602 119 1645 τα
106 1575 176 1644 ιἰδ
195 1576 315 1643 καί
268 1602 338 1643 των
351 1579 370 1642 ῖ
383 1573 461 1661 τάμ
480 1574 589 1654 ἰσάκις
606 1574 851 1642 πολλαπλάσιοι·
874 1572 1095 1659 τετραπλάσια

79 1679 145 1769 γάρ
163 1679 337 1769 άμφότεροι
351 1678 559 1768 ἀμφοτέρων.
595 1679 655 1748 τὸν
669 1679 775 1748 αὐτὸν
790 1671 852 1747 οῦν
866 1678 970 1764 λόγον
985 1680 1094 1760 ἕξουσι

76 1786 120 1858 τὰ
141 1791 176 1874 ῖη
204 1787 287 1875 πρὸς
313 1787 355 1854 τὰ
377 1790 420 1854 κδ
446 1787 502 1854 καὶ
525 1785 602 1854 τάλ
630 1784 714 1872 πρὸς
740 1783 780 1853 τά
804 1808 840 1871 μ
885 1783 1096 1872 ῦπεπίτριτος
1116 1808 1148 1857 15

77 1894 145 1982 γάρ
167 1891 262 1962 καί
247 1920 266 1962 ο
284 1896 320 1981 ῐη
347 1897 408 1993 τοῦ
430 1897 474 1960 κδ
496 1893 552 1959 καὶ
575 1890 593 1960 ὁ
606 1901 632 1959 λ
655 1897 772 1977 τοῦμ.

145 2003 199 2069 45.
242 1999 310 2067 Διὰ
338 1998 376 2068 τὸ
406 1996 633 2085 ἀντίστροφον
656 2002 718 2065 τοῦ
741 1995 940 2084 λέγοντος“
921 2019 1016 2084 ορου·
1059 1999 1095 2065 ἐν

76 2111 125 2198 τῷ
149 2104 240 2196 αῦτηῦ
262 2105 352 2195 λόγῳ
375 2105 501 2191 μεγέθη
520 2102 699 2190 λέγεται
668 2131 756 2172 ειναι
773 2101 882 2171 καὶ
847 2129 888 2170 τα
908 2103 989 2189 ἑξῆς.
1027 2104 1096 2170 ἐπεὶ

30 2286 33 2290 ,
79 2215 118 2280 ἐν
141 2211 202 2297 μῦν
224 2215 270 2301 τῷ
294 2209 362 2301 ῦρφ
389 2208 455 2278 άπὸ
483 2213 542 2296 τῆς
569 2208 735 2297 ὑπεροχῆς
767 2206 788 2295 ἢ
818 2209 970 2296 ἰσότητος
1001 2205 1021 2296 ἢ
1046 2211 1094 2277 ἐλ-

80 2321 220 2396 λείψεως
255 2320 322 2383 τῶν
341 2315 464 2395 ,ἰσάκις
494 2321 754 2384 πολλαπλασίων
787 2318 936 2384 ἐδείκνυε
962 2313 1002 2385 τά
1034 2314 1093 2385 τὸν
1114 2337 1148 2386 20

80 2418 187 2489 αὐτὸν
206 2426 325 2509 ἔχοντα
343 2421 458 2508 λόγον,
482 2425 631 2490 ἐνταῦθα
652 2420 689 2490 δὲ
708 2420 889 2490 άυάπαλιν·
913 2424 997 2508 φησί
1015 2421 1093 2508 γάρ·

80 2526 169 2593 εἰσὶν
191 2523 338 2613 ἑμόλοχα
360 2525 400 2595 τά
420 2537 463 2613 A,
483 2536 512 2595 Β
535 2529 591 2596 καὶ
609 2534 648 2615 Γ,
669 2535 713 2614 Λ,
736 2529 791 2596 καί
811 2531 946 2616 ἐδείχθη
966 2529 1095 2597 τούτων

81 2629 191 2713 ἰσάκις
212 2633 443 2702 πολλαπλάσια
465 2632 506 2702 τά
529 2642 572 2721 Κ,
593 2642 635 2720 Λ,
655 2642 705 2720 Μ,
723 2642 771 2702 Ν·
803 2639 834 2703 εἰ
855 2634 921 2722 άριι
944 2633 1095 2723 ὑπερέχει

84 2767 297 2779 -—--.—.....

153 2832 197 2879 44.
215 2825 271 2881 Ab.
343 2833 387 2884 ιο.
407 2783 449 2882 εκ
463 2828 525 2900 (3³).

154 3008 178 3056 1.
192 3000 258 3088 ἔχει
277 3004 395 3060 fflvat.
453 3001 647 3060 δείκνυσινΡ
702 3011 727 3059 3.
747 2999 850 3074 αῦτοῦ]
871 3020 925 3058 om
940 3002 1095 3072 BFVat.q.

118 3081 144 3128 3.
163 3070 231 3163 γάρ]
251 3091 305 3129 om.
319 3075 352 3128 A
408 3079 433 3131 8.
452 3077 518 3148 καί]
537 3075 586 3130 καί
605 3074 701 3129 τοῦδ),
757 3081 782 3130 3.
802 3073 877 3145 τινα]
897 3091 950 3129 om.
967 3079 997 3127 A.
1054 3080 1096 3129 13.

79 3141 115 3198 τά
134 3145 183 3216 κδ]
202 3164 234 3200 το
250 3145 332 3199 κδλ).
400 3145 469 3235 καί]
489 3164 543 3203 om.
558 3147 585 3201 b.
659 3144 751 3208 ἰσάκις
764 3142 971 3233 πολλαπλάσια]
991 3160 1045 3198 om.
1063 3144 1096 3199 A.

118 3222 161 3271 17.
186 3215 245 3288 Sup
246 3234 278 3271 ra
302 3233 354 3271 scr.
373 3215 500 3271 νέον3.
575 3217 626 3271 τοῦ
646 3211 714 3303 ὅρου
734 3213 830 3271 τοῦε’
850 3217 901 3270 τοῦ
920 3214 1096 3303 λέγοντος3,

118 3292 160 3343 18.
184 3289 233 3342 καλ
251 3284 286 3341 τά
308 3307 320 3342 ε
313 3284 389 3375 ξῆς]
407 3287 524 3373 πρῶτον
543 3284 614 3356 πρὸς
633 3284 771 3376 δεύτερον
787 3287 836 3341 καί
854 3289 947 3356 τρίτον
965 3281 1041 3371 πρὸς
1054 3284 1097 3341 ιε’-

79 3376 196 3444 ταρτον,
221 3379 290 3414 οταν
313 3355 349 3413 τά
370 3359 422 3413 τοῦ
440 3353 552 3445 πρῦτρυ
572 3355 667 3426 καίν’
688 3357 738 3412 καλ
757 3353 829 3425 ἑξῆς
866 3359 926 3418 πῶς
944 3355 977 3412 δὲ
997 3353 1045 3411 διά
1064 3355 1096 3411 τὸ

80 3423 235 3500 άντίστρσφ
238 3451 282 3496 ους
301 3432 323 3484 3.
416 3434 458 3485 19.
483 3426 622 3499 ἰσότητος]
642 3427 813 3490 ἰσάσεαςΑ.
901 3433 943 3483 22.
967 3425 1024 3482 εἰσ
1011 3427 1054 3498 v]
1071 3431 1101 3483 εἰ

81 3497 203 3554 εἰσ.ινΑ
276 3471 445 3573 τά]τόΑ3.
519 3499 872 3574 2333332333.
944 3495 1070 3566 Q&
