2362 3796
97 146 163 214 248
252 150 409 202 SGHOLIA
426 150 465 201 m
483 133 759 200 τεκνοκτονίαν
777 148 916 199 τωρωι
929 149 965 198 11.

97 288 314 378 γραφόμενον
343 287 423 376 μετά
450 292 512 356 τοῦ
538 285 604 356 άττὸ
632 291 690 375 της
717 293 786 354 ΑΒ
814 285 1029 375 τετραγώνου
1056 314 1114 374 μο-

97 395 213 464 νάδων
238 401 290 467 λζ’·
319 405 423 463 είκοσι
446 393 510 481 γδιρ
533 395 587 461 καὶ
612 399 645 465 a}
667 399 715 465 λξ.

473 592 531 656 Ad
554 614 658 675 prop.
681 591 740 657 XI.
842 605 848 612 '

164 717 214 781 70.
230 711 301 780 Ὅτι
314 712 516 799 γεωμετρικά
533 714 623 781 ἐστιν
633 709 807 798 ἀναλογία,
821 713 981 780 ἐντεῦθεν
991 716 1112 798 δῆλον·

62 845 78 895 5
97 820 167 887 ἐπεὶ
189 818 255 905 γὰρ
278 820 431 905 τέτμηται
454 815 475 904 ἡ
501 826 567 885 ΑΒ
590 816 671 885 κατὰ
694 818 732 886 τὸ
756 825 800 904 Θ,
826 818 882 885 καὶ
905 816 1049 905 ηὕρηται
1070 811 1110 887 τδ

96 923 164 994 ὑπὸ
188 932 269 1010 ΑΒ,
293 932 356 992 ΒΘ
384 932 460 992 ίσον
483 927 528 1015 τῷ
558 921 623 992 άπὸ
650 928 709 1009 τῆς
732 931 812 1010 ΘΑ,
839 928 938 992 τοῦτο
964 923 1002 992 δὲ
1024 922 1113 1012 μόνη

95 1035 135 1119 τῇ
158 1035 361 1119 γεωμετρικῇ
385 1038 637 1117 παρακολουθεῖ
661 1029 832 1116 μεσότητι,
864 1029 990 1116 ταύτην
1014 1030 1053 1099 δέ
1077 1030 1113 1097 έν

96 1149 167 1216 τοῖς
189 1138 263 1222 ἑξῆς
286 1135 392 1223 άκρον
420 1138 477 1204 καὶ
505 1138 608 1223 μέσον
636 1137 723 1222 λέγει
749 1137 947 1222 τέμνεσθαι,
978 1141 1044 1205 νῦν
1074 1136 1114 1204 δὲ

61 1302 63 1311 ι
98 1240 154 1311 διὰ
172 1240 211 1310 τὸ
229 1240 273 1328 μὴ
294 1244 420 1310 είδέναι
442 1241 528 1329 ἡμᾶς
545 1268 578 1310 τι
596 1242 671 1329 περὶ
690 1241 794 1329 λόγον
813 1241 876 1310 οὐκ
894 1240 986 1312 εἶπεν
1005 1241 1116 1329 αὐτὴν

44 1375 78 1424 10
97 1345 202 1434 άκρον
225 1349 280 1415 καὶ
304 1348 407 1435 μέσον
431 1348 535 1433 λόγον
556 1348 746 1433 τέμνεσθαι.
790 1347 851 1427 οὐκ
874 1346 1057 1417 ἀναλύεται
1076 1348 1116 1419 δὲ

98 1451 216 1524 διὰτὸ
241 1453 285 1541 μη
311 1451 457 1543 ὡρίσθαι
480 1451 542 1540 τὴν
565 1453 681 1540 τομήν.

165 1563 216 1628 71.
250 1557 320 1626 Ὅτι
349 1557 390 1628 οὐ
419 1557 566 1628 δννατδν
597 1557 642 1626 δι’
674 1558 830 1647 ἀριθμῶν
863 1564 1042 1648 δειχθῆναι
1075 1560 1118 1630 τὸ

97 1665 287 1754 πρόβλημα·
312 1670 342 1733 εί
362 1663 428 1754 γάρ
453 1664 611 1752 δυνατόν,
636 1663 654 1733 ὁ
677 1673 743 1732 ΑΒ
767 1664 913 1756 άριθμός
935 1665 1119 1755 διῃρήσθω
1168 1662 1171 1666 ’

98 1776 145 1852 είς
157 1772 238 1853 τοὺς
251 1778 350 1840 ΑΓΒ
365 1770 448 1841 ὥστε
462 1770 501 1840 τὸ
515 1768 580 1840 ὑπὸ
596 1778 700 1840 ΑΒΓ
710 1780 785 1839 ίσον
800 1770 947 1865 εἶναιτῷ
962 1771 1030 1841 άπὸ
1045 1780 1119 1842 ΓΑ.

46 1906 79 1953 15
99 1875 117 1945 δ
141 1877 207 1966 ἄρα
229 1878 379 1965 τετράκις
402 1875 467 1946 ὑπὸ
487 1884 591 1945 ΑΒΓ
606 1878 846 1963 τετραπλάσιος
869 1883 932 1947 τοῦ
954 1875 1021 1947 άπὸ
1045 1886 1118 1949 ΓΑ.

99 1981 183 2052 ὥστε
205 1983 243 2052 τὸ
266 1986 416 2070 τετράκις
438 1980 503 2051 ὑπὸ
523 1989 626 2051 ΑΒΓ
643 1982 724 2069 μετὰ
746 1988 809 2052 τοῦ
831 1981 897 2052 άτὸ
915 1990 976 2052 ΓΑ
993 2009 1118 2054 πεντα-

98 2088 242 2157 ττλάσιον
262 2095 353 2157 ἔσται
371 2093 433 2158 τοῦ
451 2086 517 2155 άπὸ
533 2093 603 2156 ΓΑ.
639 2086 712 2156 ἄλλ’
729 2087 748 2157 δ
766 2089 914 2177 τετράκις
932 2087 999 2159 ὑπὸ
1014 2098 1127 2160 ΑΒΓ

100 2195 179 2280 μετὰ
201 2199 262 2262 τοῦ
286 2193 351 2262 άττδ
376 2200 446 2262 ΑΓ
464 2193 677 2280 τετραγώνου
700 2194 908 2284 τετράγωνός
930 2197 1037 2283 ἐστιν,
1070 2195 1118 2279 ὡς

100 2301 235 2387 ἐδείχθη
256 2302 292 2369 έν
310 2304 355 2391 τῷ
375 2299 411 2387 η’
431 2301 487 2386 [II,
502 2304 546 2384 8].
576 2300 784 2388 τετράγωνος
802 2301 840 2369 δὲ
853 2301 908 2368 καὶ
924 2299 943 2369 ὁ
958 2300 1024 2371 άπὸ
1040 2310 1118 2372 ΑΓ.

45 2433 80 2482 20
101 2404 163 2473 δύο
186 2404 252 2492 άρα
270 2397 474 2495 τετράγωνοι
498 2406 601 2492 λόγον
623 2411 770 2494 έχονσιν,
795 2405 897 2495 ὅνπερ
915 2407 1013 2476 πέντε
1030 2407 1122 2499 πρὸς

100 2512 150 2578 ἕν·
179 2509 260 2598 ὅπερ
283 2510 463 2580 άδάνατον.

169 2623 219 2686 72.
249 2615 306 2685 ’Βν
325 2622 370 2709 τῷ
390 2617 425 2705 β’
445 2623 563 2710 βιβλίῳ
583 2623 623 2686 ῖδ
643 2617 752 2686 ὄντων
766 2619 997 2707 θεωρημάτων
1013 2626 1121 2691 τοῦτο

174 2855 215 2904 70.
234 2848 381 2904 PBFVat.
455 2856 496 2905 71.
515 2848 662 2903 PBFVat.
737 2855 778 2905 72.
798 2849 1033 2918 FBV⁸bB⁸qlr.

174 3067 197 3116 1.
217 3061 277 3132 τῆς]
292 3061 342 3116 τοῦ
359 3079 386 3130 q,
401 3077 417 3115 e
430 3063 555 3116 renouat.
611 3066 636 3117 4.
656 3059 697 3123 εἰς
710 3056 742 3114 τὸ
757 3057 799 3115 ια’
814 3061 905 3116 Nat.
961 3056 1120 3136 ἐντεῦθεν]

102 3129 229 3187 αὐτόθεν
248 3132 305 3185 ΡΒ.
393 3135 417 3184 θ.
438 3126 555 3200 εὕρηται
572 3133 603 3187 Β.
690 3137 714 3185 7.
733 3129 880 3203 μεσότητι]
900 3152 939 3186 -τι
955 3133 986 3187 in
1003 3149 1059 3192 rae.
1078 3153 1120 3190 m.

102 3204 162 3259 ead.
180 3205 211 3258 P.
303 3211 328 3256 9.
347 3199 439 3273 ἡμᾶς]
464 3218 517 3256 om.
540 3203 571 3256 F.
661 3197 751 3273 άκρον
775 3198 865 3272 αὐτήν
887 3202 978 3258 PVat.
1074 3212 1121 3261 12.

102 3269 191 3336 είςτδ
212 3267 392 3327 αὐτόΓΓελ.
466 3278 508 3328 14.
529 3271 579 3343 είς]
599 3271 627 3327 εί
643 3274 674 3327 Β.
737 3272 951 3345 ΑΓΒ]ΑΓΓ.
1015 3280 1103 3330 ΑΒΓ

101 3348 157 3397 ΒΓ
177 3361 192 3397 ε
212 3361 280 3398 corr.
301 3343 362 3400 ead.
381 3360 454 3397 man.
476 3342 539 3398 Vass.
631 3350 672 3400 16.
699 3347 749 3397 ΓΑ
767 3349 902 3401 κενταττλ.
920 3375 956 3385 -
975 3350 1018 3400 18.
1042 3342 1104 3401 ἀπό

101 3430 147 3468 om
164 3414 196 3467 F.
256 3419 299 3467 20.
319 3407 419 3485 ὅνπερ]
439 3411 501 3468 οἷον
519 3413 550 3481 Ρ,
569 3407 604 3469 ὅν
622 3415 652 3471 Β.
712 3421 754 3470 22.
775 3411 808 3470 ἐκ
821 3416 873 3470 τοῦ
887 3412 917 3484 β’
933 3418 1042 3489 βιβλίον
1063 3418 1122 3477 Vr.

124 3483 211 3538 rov'to
225 3481 337 3557 μόνον]
356 3502 410 3545 om.
430 3484 528 3543 FbB³.
