2362 3796
226 148 384 203 SOHOLIA
401 148 441 199 IN
458 147 735 199 ELEMENTOBUM
752 147 892 199 LIBRUM
905 149 952 201 VI.
1030 145 1095 210 359

77 289 162 378 πρὸς
175 287 238 375 τὴν
252 288 468 376 περιφέρειαν
486 287 542 354 καὶ
556 284 618 372 τὴν
632 291 761 371 γωνίαν
780 287 863 377 πρὸς
876 286 940 373 την
954 292 1096 374 γωνίαν,

78 398 195 483 ἕτερον
218 395 256 462 δὲ
278 395 335 462 καὶ
358 395 482 482 ἕτερον.
801 404 804 408 ’

147 505 197 570 66.
228 499 441 589 Ἀπορήσειεν
463 497 508 567 ἄν
529 524 594 582 τις,
621 496 731 566 πόθεν
755 501 876 584 δῆλον,
906 498 966 584 ὡς,
991 497 1094 584 ἐδινὴ

33 627 35 630 ⁴
78 608 273 696 περιφέρεια
295 610 335 699 γῇ
358 610 553 694 περιφερείᾳ
577 612 644 690 ίση,
668 605 724 671 καὶ
749 601 766 672 ὁ
790 602 910 691 τομεὺς
926 609 973 697 τῷ
992 617 1095 691 τομεῖ,

78 715 135 783 καὶ
159 718 190 781 εί
211 718 342 800 μείζων,
366 717 500 799 μείζων,
524 710 580 777 καὶ
603 715 634 778 εί
657 709 818 796 ἑλίττων,
843 713 997 779 ἐλάττων.
1044 709 1096 779 ὅτι
1133 729 1149 778 5

79 820 153 906 μίν,
178 817 239 887 ἐὰν
257 815 278 905 ἡ
298 818 491 905 περιφέρεια
510 825 566 903 ἴση
585 820 624 905 τῇ
645 823 849 907 περιφερείᾳ,
872 817 927 884 καὶ
943 814 961 885 ὁ
975 815 1097 904 τομεὺς

79 928 125 1018 τῷ
149 937 247 1011 τομεῖ
268 932 354 1009 ίσος,
378 922 543 990 δέδεικται
567 920 668 990 οὕτω·
705 929 831 992 κείσθω
854 928 894 1012 τῇ
920 931 984 991 BA
1007 945 1096 1007 περι-

80 1036 199 1120 φερείᾳ
222 1038 277 1116 ἴση
301 1025 322 1115 ἡ
347 1036 431 1114 ΕΝ,
463 1028 519 1095 καὶ
545 1026 641 1115 ἤχθω
670 1027 787 1097 εὐθεῖα
815 1027 963 1098 ἀπὸτοῦ
987 1037 1015 1096 Β
1044 1031 1096 1098 ἐπὶ

79 1136 117 1205 τὸ
142 1143 174 1204 A
200 1136 256 1203 καὶ
283 1132 349 1203 ἄπο
375 1145 438 1203 τοῦ
462 1142 494 1202 Ε
520 1134 572 1202 ἐπὶ
600 1132 638 1201 τὸ
662 1140 708 1202 Ν.
752 1137 808 1203 καὶ
831 1137 901 1204 ἐπεὶ
924 1138 960 1203 οί
978 1135 1096 1204 κύκλοι

79 1250 159 1328 ίσοι,
183 1249 253 1309 ίσαι
277 1241 342 1309 είσὶ
364 1240 421 1308 καὶ
444 1242 482 1307 αί
503 1246 588 1326 ΒΗ,
608 1246 678 1307 HA
701 1253 774 1320 ταῖς
797 1248 869 1327 ΕΘ,
889 1248 966 1309 ΘΝ.
1012 1239 1097 1310 ἀλλὰ
1116 1260 1149 1310 10

78 1349 134 1416 καὶ
156 1351 264 1436 γωνία
287 1345 308 1434 ἡ
332 1345 398 1416 νπὸ
422 1352 528 1413 BHA
551 1350 659 1435 γωνίᾳ
680 1349 721 1433 τῇ
744 1343 809 1414 ὑπὸ
835 1354 941 1415 ΕΘΝ
960 1355 1014 1435 ίση
1040 1347 1096 1416 διὰ

78 1456 116 1523 τὸ
139 1455 188 1537 κζ’
211 1457 274 1554 τοῦ
297 1452 341 1539 γ’·
377 1453 434 1520 καὶ
456 1448 477 1539 ἡ
501 1450 599 1538 βάσις
622 1449 688 1541 ἄρα
710 1456 750 1541 τῇ
775 1451 870 1538 βάσει
894 1461 966 1540 ίση,
989 1453 1096 1540 ἤγουν

79 1558 100 1647 ἡ
125 1566 191 1627 BA
219 1563 260 1647 τῇ
284 1565 369 1643 ΕΝ,
401 1558 457 1625 καὶ
484 1556 522 1625 τὸ
551 1563 718 1646 τρίγωνον
748 1562 793 1649 τῷ
825 1557 977 1650 τριγωνφ
1012 1569 1096 1628 ίσον.

80 1662 230 1732 δυνατὸν
254 1663 292 1732 δὲ
314 1664 369 1731 καὶ
392 1661 458 1732 ἀπὸ
481 1667 540 1749 τῆς
563 1664 717 1751 ἰσότητος
743 1668 812 1733 τῶν
835 1665 968 1750 βάσεων
991 1666 1096 1746 δεῖξαι

79 1771 136 1839 καὶ
163 1768 224 1849 τὰς
251 1775 375 1856 γωνίας
403 1777 486 1850 ίσας.
532 1770 602 1837 ἐπεὶ
628 1767 694 1857 γδιρ
723 1779 793 1837 ίσαι
821 1773 858 1836 αί
878 1772 1096 1859 περιφέρειαι,
1118 1788 1149 1839 15

79 1877 135 1971 καὶ
168 1879 205 1943 αί
234 1872 472 1943 ὑποτείνουσαι
498 1874 621 1956 ταύτας
648 1886 718 1944 ίσαι
747 1874 863 1944 διὰτὸ
886 1875 945 1943 κθ’
968 1880 1030 1945 τοῦ
1053 1876 1096 1963 γ’.

79 1982 165 2052 ἀλλὰ
188 1981 256 2070 μην
278 1981 334 2049 καὶ
356 1978 397 2048 τὰ
416 1979 568 2069 τμήματα
585 1985 655 2050 τῶν
673 1981 808 2051 κύκλων
820 1981 861 2050 τὰ
876 1988 980 2068 ΒΓΛ,
994 1989 1101 2051 ΕΖΝ

80 2088 192 2175 ὅμοιοι·
230 2092 268 2156 αί
293 2084 358 2176 γὰρ
387 2089 424 2156 ἐν
447 2084 562 2168 αὐτοῖς
585 2094 705 2175 γωνίαι
729 2097 812 2156 ἶσαι·
849 2089 903 2157 ἐπὶ
925 2096 1009 2156 ίσων
1031 2087 1096 2176 γὰρ

79 2205 304 2283 περιφερειῶν
327 2193 519 2281 βεβήκασιν.
565 2191 650 2261 ἀλλὰ
677 2193 719 2281 δη
743 2195 799 2262 καὶ
822 2201 879 2261 ίσα
903 2192 959 2262 διὰ
981 2192 1018 2261 τὸ
1041 2192 1096 2261 κδ’

79 2304 142 2367 τοῦ
163 2299 207 2387 γ’.
245 2298 304 2369 ἐὰν
329 2299 366 2369 δὲ
389 2313 460 2380 τοῖς
483 2308 569 2380 ίσοις
587 2308 644 2368 ίσα
662 2304 843 2388 προστεθῇ,
865 2298 905 2367 τὰ
924 2298 986 2367 ὅλα
1005 2300 1095 2379 ἐστὶν
1115 2319 1149 2370 2⁰

80 2412 146 2473 ίσα.
192 2407 357 2474 δέδεικται
384 2404 467 2494 ἄρα,
500 2403 560 2492 ὡς,
589 2405 649 2474 ἐὰν
677 2403 698 2493 ἡ
726 2407 921 2494 περιφέρεια
942 2410 983 2495 τῇ
1006 2430 1096 2494 περι-

80 2517 198 2602 φερείᾳ
225 2521 297 2602 ίση,
328 2514 384 2582 καὶ
413 2510 431 2582 ὁ
459 2511 581 2604 νομεὺς
602 2516 648 2606 τῷ
676 2525 773 2600 τομεῖ
798 2519 878 2592 ίσος.
928 2514 1014 2601 λέγω
1043 2511 1096 2600 δή,

80 2616 133 2686 ὅτι
156 2622 222 2704 καί,
247 2618 306 2688 ἐὰν
329 2624 449 2706 μείζων
467 2618 490 2705 ἡ
509 2619 703 2708 περιφέρεια
721 2621 779 2704 τῆς
796 2623 1018 2707 περιφερείας,
1040 2617 1096 2686 καὶ

80 2721 99 2793 δ
124 2750 243 2812 τομενς
265 2728 327 2792 τοῦ
349 2724 476 2810 τομέως
499 2729 620 2809 μείζων
643 2729 743 2792 ἔσται.
789 2728 820 2792 εί
841 2720 905 2811 γὰρ
924 2721 980 2810 μή,
1004 2727 1096 2792 ἔσται
1172 2716 1175 2721 ’

78 2827 101 2916 η”
127 2838 199 2908 ίσος
222 2826 243 2916 ἢ
268 2828 421 2898 ἐλάττων.
465 2834 548 2898 ἔστω
572 2834 707 2914 πρῶτον
730 2837 810 2910 ίσος.
850 2828 907 2896 καὶ
926 2828 996 2896 ἐπεὶ
1013 2826 1096 2897 ὑπό·
1114 2853 1150 2904 σε

79 2962 184 3004 κειται
208 2932 229 3022 ἡ
252 2942 318 3002 BA
345 2936 540 3023 περιφέρεια
567 2941 687 3022 μείζων
709 2939 769 3022 τῆς
791 2941 876 3022 ΕΝ,
903 2926 1097 3023 ἀφῃρήσθω

79 3039 146 3110 ἀπὸ
166 3045 225 3128 τῆς
245 3047 396 3128 μείζονος
409 3045 620 3129 περιφερείας
633 3045 674 3130 τῇ
689 3039 840 3110 ἐλάττονι
854 3047 923 3127 ἴση·
947 3037 1096 3110 δυνατὸν
1140 3088 1146 3097 -
1172 3054 1176 3060 “

152 3279 195 3329 66.
214 3273 262 3328 V'.

153 3493 195 3541 27.
216 3482 340 3541 δννατόν
359 3482 423 3559 γάρ]
446 3485 547 3559 scripsi
565 3501 581 3544 e
600 3484 735 3560 uesk'xg'x'm
751 3481 942 3556 mmmm
957 3266 1128 3585 mm!
