<?xml version="1.0" encoding="UTF-8"?>
<!DOCTYPE html PUBLIC "-//W3C//DTD XHTML 1.0 Transitional//EN"
    "http://www.w3.org/TR/xhtml1/DTD/xhtml1-transitional.dtd">
<html xmlns="http://www.w3.org/1999/xhtml" xml:lang="en" lang="en">
 <head>
  <title>
</title>
<meta http-equiv="Content-Type" content="text/html;charset=utf-8" />
  <meta name='ocr-system' content='tesseract 3.04.00' />
  <meta name='ocr-capabilities' content='ocr_page ocr_carea ocr_par ocr_line ocrx_word'/>
</head>
<body>
  <div class='ocr_page' id='page_1' title='image "./euclidisoperaom02unkngoog_0153.png"; bbox 0 0 2362 3796; ppageno 0'>
   <div class='ocr_carea' id='block_1_1' title="bbox 113 134 749 204">
    <p class='ocr_par' dir='ltr' id='par_1_1' title="bbox 113 134 749 204">
     <span class='ocr_line' id='line_1_1' title="bbox 113 134 749 204; baseline 0.002 -14"><span class='ocrx_word' id='word_1_1' title='bbox 113 139 156 204; x_wconf 79' lang='lat'><em>36</em></span> <span class='ocrx_word' id='word_1_2' title='bbox 481 137 681 191; x_wconf 65' lang='lat' dir='ltr'>momen</span> <span class='ocrx_word' id='word_1_3' title='bbox 700 134 749 192; x_wconf 82' lang='grc' dir='ltr'><em>ιε’.</em></span> 
     </span>
    </p>
   </div>
   <div class='ocr_carea' id='block_1_2' title="bbox 64 274 1126 1848">
    <p class='ocr_par' dir='ltr' id='par_1_2' title="bbox 113 274 1124 365">
     <span class='ocr_line' id='line_1_2' title="bbox 113 274 1124 365; baseline -0.003 -16"><span class='ocrx_word' id='word_1_4' title='bbox 113 307 148 350; x_wconf 91' lang='grc' dir='ltr'><em>τε</em></span> <span class='ocrx_word' id='word_1_5' title='bbox 175 281 230 348; x_wconf 83' lang='grc' dir='ltr'><em>καὶ</em></span> <span class='ocrx_word' id='word_1_6' title='bbox 258 278 490 365; x_wconf 78' lang='grc' dir='ltr'><em>εἰκοσάεδρον,</em></span> <span class='ocrx_word' id='word_1_7' title='bbox 523 277 626 365; x_wconf 80' lang='grc' dir='ltr'><em>λόγον</em></span> <span class='ocrx_word' id='word_1_8' title='bbox 653 279 717 360; x_wconf 74' lang='grc' dir='ltr'><em>ἔξει</em></span> <span class='ocrx_word' id='word_1_9' title='bbox 745 275 881 357; x_wconf 89' lang='grc' dir='ltr'><em>εὐθείας</em></span> <span class='ocrx_word' id='word_1_10' title='bbox 908 274 1124 364; x_wconf 80' lang='grc' dir='ltr'><em>ἡσδητοτοῦν</em></span> 
     </span>
    </p>

    <p class='ocr_par' dir='ltr' id='par_1_3' title="bbox 113 381 1124 476">
     <span class='ocr_line' id='line_1_3' title="bbox 113 381 1124 476; baseline -0.001 -22"><span class='ocrx_word' id='word_1_11' title='bbox 113 385 219 476; x_wconf 84' lang='grc' dir='ltr'><em>άκρον</em></span> <span class='ocrx_word' id='word_1_12' title='bbox 242 386 298 454; x_wconf 83' lang='grc' dir='ltr'><em>καὶ</em></span> <span class='ocrx_word' id='word_1_13' title='bbox 321 386 424 473; x_wconf 94' lang='grc' dir='ltr'><em>μέσον</em></span> <span class='ocrx_word' id='word_1_14' title='bbox 446 384 551 471; x_wconf 82' lang='grc' dir='ltr'><em>λόγον</em></span> <span class='ocrx_word' id='word_1_15' title='bbox 574 391 756 471; x_wconf 72' lang='grc' dir='ltr'><strong><em>τμηθείσης</em></strong></span> <span class='ocrx_word' id='word_1_16' title='bbox 779 381 825 463; x_wconf 76' lang='grc' dir='ltr'><em>ὡς</em></span> <span class='ocrx_word' id='word_1_17' title='bbox 847 381 868 469; x_wconf 79' lang='grc' dir='ltr'>ἡ</span> <span class='ocrx_word' id='word_1_18' title='bbox 893 386 1063 471; x_wconf 78' lang='grc' dir='ltr'><em>δυναμένη</em></span> <span class='ocrx_word' id='word_1_19' title='bbox 1087 384 1124 453; x_wconf 89' lang='grc' dir='ltr'><em>τὸ</em></span> 
     </span>
    </p>

    <p class='ocr_par' dir='ltr' id='par_1_4' title="bbox 114 489 1126 580">
     <span class='ocr_line' id='line_1_4' title="bbox 114 489 1126 580; baseline 0.001 -21"><span class='ocrx_word' id='word_1_20' title='bbox 114 491 179 561; x_wconf 86' lang='grc' dir='ltr'><em>άτδ</em></span> <span class='ocrx_word' id='word_1_21' title='bbox 202 496 260 580; x_wconf 80' lang='grc' dir='ltr'><em>τῆς</em></span> <span class='ocrx_word' id='word_1_22' title='bbox 284 490 362 578; x_wconf 77' lang='grc' dir='ltr'><em>ὅλης</em></span> <span class='ocrx_word' id='word_1_23' title='bbox 384 492 439 559; x_wconf 83' lang='grc' dir='ltr'><em>καὶ</em></span> <span class='ocrx_word' id='word_1_24' title='bbox 461 490 499 560; x_wconf 91' lang='grc' dir='ltr'><em>τδ</em></span> <span class='ocrx_word' id='word_1_25' title='bbox 525 489 590 559; x_wconf 87' lang='grc' dir='ltr'><em>άτὸ</em></span> <span class='ocrx_word' id='word_1_26' title='bbox 609 502 671 559; x_wconf 86' lang='grc' dir='ltr'><em>τοῦ</em></span> <span class='ocrx_word' id='word_1_27' title='bbox 689 497 839 578; x_wconf 80' lang='grc' dir='ltr'><em>μείζονος</em></span> <span class='ocrx_word' id='word_1_28' title='bbox 857 491 1025 578; x_wconf 78' lang='grc' dir='ltr'><em>τμήματος</em></span> <span class='ocrx_word' id='word_1_29' title='bbox 1042 491 1126 578; x_wconf 82' lang='grc' dir='ltr'><em>πρὸς</em></span> 
     </span>
    </p>

    <p class='ocr_par' dir='ltr' id='par_1_5' title="bbox 78 595 1123 791">
     <span class='ocr_line' id='line_1_5' title="bbox 112 595 1123 684; baseline 0.002 -18"><span class='ocrx_word' id='word_1_30' title='bbox 112 600 175 684; x_wconf 83' lang='grc' dir='ltr'><em>τὴν</em></span> <span class='ocrx_word' id='word_1_31' title='bbox 198 599 391 684; x_wconf 75' lang='grc' dir='ltr'><em>δυναμένην</em></span> <span class='ocrx_word' id='word_1_32' title='bbox 414 596 452 665; x_wconf 91' lang='grc' dir='ltr'><em>τὸ</em></span> <span class='ocrx_word' id='word_1_33' title='bbox 471 595 538 666; x_wconf 84' lang='grc' dir='ltr'><em>άντο</em></span> <span class='ocrx_word' id='word_1_34' title='bbox 560 601 619 684; x_wconf 81' lang='grc' dir='ltr'><em>της</em></span> <span class='ocrx_word' id='word_1_35' title='bbox 642 595 722 684; x_wconf 78' lang='grc' dir='ltr'><em>δίης</em></span> <span class='ocrx_word' id='word_1_36' title='bbox 740 597 796 664; x_wconf 83' lang='grc' dir='ltr'><em>καὶ</em></span> <span class='ocrx_word' id='word_1_37' title='bbox 813 595 851 666; x_wconf 87' lang='grc' dir='ltr'><em>τὸ</em></span> <span class='ocrx_word' id='word_1_38' title='bbox 871 596 935 666; x_wconf 85' lang='grc' dir='ltr'><em>άτδ</em></span> <span class='ocrx_word' id='word_1_39' title='bbox 955 603 1016 666; x_wconf 84' lang='grc' dir='ltr'><em>τοῦ</em></span> <span class='ocrx_word' id='word_1_40' title='bbox 1032 598 1123 668; x_wconf 80' lang='grc' dir='ltr'><em>ἐλάτ-</em></span> 
     </span>
     <span class='ocr_line' id='line_1_6' title="bbox 78 703 405 791; baseline 0.006 -20"><span class='ocrx_word' id='word_1_41' title='bbox 78 734 95 783; x_wconf 85' lang='lat'><strong>5</strong></span> <span class='ocrx_word' id='word_1_42' title='bbox 113 729 210 784; x_wconf 89' lang='grc' dir='ltr'><em>τονος</em></span> <span class='ocrx_word' id='word_1_43' title='bbox 231 703 405 791; x_wconf 79' lang='grc' dir='ltr'><em>τμήματος.</em></span> 
     </span>
    </p>

    <p class='ocr_par' dir='ltr' id='par_1_6' title="bbox 114 807 1126 1216">
     <span class='ocr_line' id='line_1_7' title="bbox 184 807 1125 898; baseline 0.002 -21"><span class='ocrx_word' id='word_1_44' title='bbox 184 809 321 878; x_wconf 84' lang='grc' dir='ltr'><em>Τούτων</em></span> <span class='ocrx_word' id='word_1_45' title='bbox 354 812 396 898; x_wconf 83' lang='grc' dir='ltr'><em>δὴ</em></span> <span class='ocrx_word' id='word_1_46' title='bbox 427 809 562 878; x_wconf 82' lang='grc' dir='ltr'><em>πάντων</em></span> <span class='ocrx_word' id='word_1_47' title='bbox 599 815 780 896; x_wconf 81' lang='grc' dir='ltr'><em>γνωρίμων</em></span> <span class='ocrx_word' id='word_1_48' title='bbox 815 807 896 897; x_wconf 74' lang='grc' dir='ltr'><em>ἡμῖν</em></span> <span class='ocrx_word' id='word_1_49' title='bbox 933 812 1125 897; x_wconf 78' lang='grc' dir='ltr'><em>γενομένων</em></span> 
     </span>
     <span class='ocr_line' id='line_1_8' title="bbox 115 914 1125 1006; baseline 0.002 -23"><span class='ocrx_word' id='word_1_50' title='bbox 115 921 231 1003; x_wconf 80' lang='grc' dir='ltr'><em>δῆλον,</em></span> <span class='ocrx_word' id='word_1_51' title='bbox 254 914 321 1002; x_wconf 84' lang='grc' dir='ltr'><em>ὅτι,</em></span> <span class='ocrx_word' id='word_1_52' title='bbox 347 915 406 985; x_wconf 79' lang='grc' dir='ltr'><em>ἐάν</em></span> <span class='ocrx_word' id='word_1_53' title='bbox 430 921 477 996; x_wconf 88' lang='grc' dir='ltr'><em>εἰς</em></span> <span class='ocrx_word' id='word_1_54' title='bbox 498 915 560 1002; x_wconf 79' lang='grc' dir='ltr'><em>τὴν</em></span> <span class='ocrx_word' id='word_1_55' title='bbox 584 914 691 1002; x_wconf 84' lang='grc' dir='ltr'><em>αὐτὴν</em></span> <span class='ocrx_word' id='word_1_56' title='bbox 715 929 864 1003; x_wconf 80' lang='grc' dir='ltr'><em>σφαῖραν</em></span> <span class='ocrx_word' id='word_1_57' title='bbox 888 919 1038 1006; x_wconf 75' lang='grc' dir='ltr'><em>ἐγγραφῇ</em></span> <span class='ocrx_word' id='word_1_58' title='bbox 1063 921 1125 985; x_wconf 87' lang='grc' dir='ltr'><em>δω-</em></span> 
     </span>
     <span class='ocr_line' id='line_1_9' title="bbox 115 1020 1126 1111; baseline 0.002 -21"><span class='ocrx_word' id='word_1_59' title='bbox 115 1020 297 1107; x_wconf 88' lang='grc' dir='ltr'><em>δεκάεδρόν</em></span> <span class='ocrx_word' id='word_1_60' title='bbox 319 1048 355 1090; x_wconf 89' lang='grc' dir='ltr'><em>τε</em></span> <span class='ocrx_word' id='word_1_61' title='bbox 376 1022 432 1089; x_wconf 83' lang='grc' dir='ltr'><em>καὶ</em></span> <span class='ocrx_word' id='word_1_62' title='bbox 457 1020 689 1110; x_wconf 76' lang='grc' dir='ltr'><em>εἰκοσάεδρον,</em></span> <span class='ocrx_word' id='word_1_63' title='bbox 716 1024 754 1090; x_wconf 88' lang='grc' dir='ltr'><em>τὸ</em></span> <span class='ocrx_word' id='word_1_64' title='bbox 784 1022 1015 1111; x_wconf 82' lang='grc' dir='ltr'><em>δωδεκάεδρον</em></span> <span class='ocrx_word' id='word_1_65' title='bbox 1042 1022 1126 1110; x_wconf 81' lang='grc' dir='ltr'><em>πρὸς</em></span> 
     </span>
     <span class='ocr_line' id='line_1_10' title="bbox 114 1125 1125 1216; baseline 0.003 -21"><span class='ocrx_word' id='word_1_66' title='bbox 114 1127 153 1196; x_wconf 87' lang='grc' dir='ltr'><em>τὸ</em></span> <span class='ocrx_word' id='word_1_67' title='bbox 176 1129 391 1214; x_wconf 76' lang='grc' dir='ltr'><em>εἰκοσάεδρον</em></span> <span class='ocrx_word' id='word_1_68' title='bbox 413 1126 517 1214; x_wconf 79' lang='grc' dir='ltr'><em>λόγον</em></span> <span class='ocrx_word' id='word_1_69' title='bbox 540 1129 604 1208; x_wconf 76' lang='grc' dir='ltr'><em>ἔξει</em></span> <span class='ocrx_word' id='word_1_70' title='bbox 623 1125 757 1208; x_wconf 88' lang='grc' dir='ltr'><em>εὐθείας</em></span> <span class='ocrx_word' id='word_1_71' title='bbox 779 1126 995 1215; x_wconf 80' lang='grc' dir='ltr'><em>ἡσδηντοτούν</em></span> <span class='ocrx_word' id='word_1_72' title='bbox 1019 1127 1125 1216; x_wconf 86' lang='grc' dir='ltr'><em>άκρον</em></span> 
     </span>
    </p>

    <p class='ocr_par' dir='ltr' id='par_1_7' title="bbox 64 1231 1126 1743">
     <span class='ocr_line' id='line_1_11' title="bbox 64 1231 1126 1323; baseline 0.004 -23"><span class='ocrx_word' id='word_1_73' title='bbox 64 1263 97 1312; x_wconf 92' lang='lat'><em>10</em></span> <span class='ocrx_word' id='word_1_74' title='bbox 115 1233 170 1301; x_wconf 83' lang='grc' dir='ltr'><em>καί</em></span> <span class='ocrx_word' id='word_1_75' title='bbox 194 1234 297 1320; x_wconf 87' lang='grc' dir='ltr'><em>μέσον</em></span> <span class='ocrx_word' id='word_1_76' title='bbox 320 1232 423 1320; x_wconf 77' lang='grc' dir='ltr'><em>λόγον</em></span> <span class='ocrx_word' id='word_1_77' title='bbox 440 1235 644 1320; x_wconf 80' lang='grc' dir='ltr'><em>τεμνομένης</em></span> <span class='ocrx_word' id='word_1_78' title='bbox 664 1231 748 1320; x_wconf 78' lang='grc' dir='ltr'><em>ὠςὴ</em></span> <span class='ocrx_word' id='word_1_79' title='bbox 770 1237 940 1322; x_wconf 88' lang='grc' dir='ltr'><em>δυναμένη</em></span> <span class='ocrx_word' id='word_1_80' title='bbox 959 1235 1023 1323; x_wconf 81' lang='grc' dir='ltr'><em>την</em></span> <span class='ocrx_word' id='word_1_81' title='bbox 1041 1234 1126 1322; x_wconf 83' lang='grc' dir='ltr'><em>ὅλην</em></span> 
     </span>
     <span class='ocr_line' id='line_1_12' title="bbox 115 1336 1125 1428; baseline 0.002 -21"><span class='ocrx_word' id='word_1_82' title='bbox 115 1339 172 1407; x_wconf 83' lang='grc' dir='ltr'><em>καὶ</em></span> <span class='ocrx_word' id='word_1_83' title='bbox 198 1337 236 1406; x_wconf 89' lang='grc' dir='ltr'><em>τὸ</em></span> <span class='ocrx_word' id='word_1_84' title='bbox 263 1344 374 1425; x_wconf 78' lang='grc' dir='ltr'><em>μεῖζον</em></span> <span class='ocrx_word' id='word_1_85' title='bbox 400 1342 511 1425; x_wconf 75' lang='grc' dir='ltr'><em>τμῆμα</em></span> <span class='ocrx_word' id='word_1_86' title='bbox 538 1336 621 1426; x_wconf 81' lang='grc' dir='ltr'><em>πρὸς</em></span> <span class='ocrx_word' id='word_1_87' title='bbox 647 1336 710 1425; x_wconf 81' lang='grc' dir='ltr'><em>την</em></span> <span class='ocrx_word' id='word_1_88' title='bbox 742 1340 935 1427; x_wconf 91' lang='grc' dir='ltr'><em>δυναμένην</em></span> <span class='ocrx_word' id='word_1_89' title='bbox 956 1338 1018 1426; x_wconf 77' lang='grc' dir='ltr'><em>τὴν</em></span> <span class='ocrx_word' id='word_1_90' title='bbox 1042 1339 1125 1428; x_wconf 76' lang='grc' dir='ltr'><em>ὅλην</em></span> 
     </span>
     <span class='ocr_line' id='line_1_13' title="bbox 115 1442 1126 1531; baseline 0.003 -20"><span class='ocrx_word' id='word_1_91' title='bbox 115 1443 171 1512; x_wconf 84' lang='grc' dir='ltr'><em>καί</em></span> <span class='ocrx_word' id='word_1_92' title='bbox 202 1442 240 1511; x_wconf 91' lang='grc' dir='ltr'><em>τὸ</em></span> <span class='ocrx_word' id='word_1_93' title='bbox 272 1449 408 1511; x_wconf 80' lang='grc' dir='ltr'><em>ἔλαττον</em></span> <span class='ocrx_word' id='word_1_94' title='bbox 439 1448 559 1531; x_wconf 81' lang='grc' dir='ltr'><em>τμῆμα.</em></span> <span class='ocrx_word' id='word_1_95' title='bbox 605 1444 674 1512; x_wconf 79' lang='grc' dir='ltr'><em>ἐπεὶ</em></span> <span class='ocrx_word' id='word_1_96' title='bbox 706 1443 769 1530; x_wconf 92' lang='grc' dir='ltr'><em>γάρ</em></span> <span class='ocrx_word' id='word_1_97' title='bbox 803 1447 894 1513; x_wconf 82' lang='grc' dir='ltr'><em>ἐστιν</em></span> <span class='ocrx_word' id='word_1_98' title='bbox 921 1443 966 1524; x_wconf 80' lang='grc' dir='ltr'><em>εδς</em></span> <span class='ocrx_word' id='word_1_99' title='bbox 992 1470 1030 1513; x_wconf 91' lang='grc' dir='ltr'><em>το</em></span> <span class='ocrx_word' id='word_1_100' title='bbox 1061 1450 1126 1514; x_wconf 90' lang='grc' dir='ltr'><em>δω-</em></span> 
     </span>
     <span class='ocr_line' id='line_1_14' title="bbox 117 1546 1124 1639; baseline 0 -21"><span class='ocrx_word' id='word_1_101' title='bbox 117 1549 299 1638; x_wconf 88' lang='grc' dir='ltr'><em>δεκάεδρον</em></span> <span class='ocrx_word' id='word_1_102' title='bbox 321 1546 405 1636; x_wconf 82' lang='grc' dir='ltr'><em>πρὸς</em></span> <span class='ocrx_word' id='word_1_103' title='bbox 426 1547 464 1618; x_wconf 87' lang='grc' dir='ltr'><em>τὸ</em></span> <span class='ocrx_word' id='word_1_104' title='bbox 493 1548 723 1639; x_wconf 85' lang='grc' dir='ltr'><em>εἰκοσάεδρον,</em></span> <span class='ocrx_word' id='word_1_105' title='bbox 751 1551 857 1630; x_wconf 85' lang='grc' dir='ltr'><em>οὐτως</em></span> <span class='ocrx_word' id='word_1_106' title='bbox 884 1547 905 1634; x_wconf 80' lang='grc' dir='ltr'><em>ἡ</em></span> <span class='ocrx_word' id='word_1_107' title='bbox 932 1554 993 1617; x_wconf 80' lang='grc' dir='ltr'><em>τοῦ</em></span> <span class='ocrx_word' id='word_1_108' title='bbox 1023 1553 1124 1618; x_wconf 87' lang='grc' dir='ltr'><em>δωδε-</em></span> 
     </span>
     <span class='ocr_line' id='line_1_15' title="bbox 115 1654 1124 1743; baseline -0.001 -19"><span class='ocrx_word' id='word_1_109' title='bbox 115 1657 261 1742; x_wconf 93' lang='grc' dir='ltr'><em>καέδρου</em></span> <span class='ocrx_word' id='word_1_110' title='bbox 289 1654 466 1742; x_wconf 79' lang='grc' dir='ltr'><em>ἐπιφάνεια</em></span> <span class='ocrx_word' id='word_1_111' title='bbox 492 1657 575 1741; x_wconf 83' lang='grc' dir='ltr'><em>πρὸς</em></span> <span class='ocrx_word' id='word_1_112' title='bbox 601 1655 663 1743; x_wconf 82' lang='grc' dir='ltr'><em>την</em></span> <span class='ocrx_word' id='word_1_113' title='bbox 685 1660 745 1725; x_wconf 85' lang='grc' dir='ltr'><em>τοῦ</em></span> <span class='ocrx_word' id='word_1_114' title='bbox 770 1655 985 1743; x_wconf 84' lang='grc' dir='ltr'><em>εἰκοσαέδρου</em></span> <span class='ocrx_word' id='word_1_115' title='bbox 1007 1655 1124 1742; x_wconf 81' lang='grc' dir='ltr'><em>ἐπιφά-</em></span> 
     </span>
    </p>

    <p class='ocr_par' dir='ltr' id='par_1_8' title="bbox 65 1758 1126 1848">
     <span class='ocr_line' id='line_1_16' title="bbox 65 1758 1126 1848; baseline 0.001 -19"><span class='ocrx_word' id='word_1_116' title='bbox 65 1789 98 1839; x_wconf 79' lang='lat'><em>15</em></span> <span class='ocrx_word' id='word_1_117' title='bbox 117 1788 227 1847; x_wconf 89' lang='grc' dir='ltr'><em>νειαυ,</em></span> <span class='ocrx_word' id='word_1_118' title='bbox 254 1761 425 1830; x_wconf 87' lang='grc' dir='ltr'><em>τουτέστιν</em></span> <span class='ocrx_word' id='word_1_119' title='bbox 452 1758 473 1848; x_wconf 80' lang='grc' dir='ltr'><em>η</em></span> <span class='ocrx_word' id='word_1_120' title='bbox 500 1766 561 1830; x_wconf 81' lang='grc' dir='ltr'><em>τοῦ</em></span> <span class='ocrx_word' id='word_1_121' title='bbox 588 1761 696 1848; x_wconf 84' lang='grc' dir='ltr'><em>κύβου</em></span> <span class='ocrx_word' id='word_1_122' title='bbox 722 1761 848 1848; x_wconf 81' lang='grc' dir='ltr'><em>πλευρὰ</em></span> <span class='ocrx_word' id='word_1_123' title='bbox 875 1759 958 1848; x_wconf 86' lang='grc' dir='ltr'><em>κρδς</em></span> <span class='ocrx_word' id='word_1_124' title='bbox 979 1759 1041 1848; x_wconf 79' lang='grc' dir='ltr'><em>τὴν</em></span> <span class='ocrx_word' id='word_1_125' title='bbox 1063 1766 1126 1830; x_wconf 79' lang='grc' dir='ltr'><em>τοῦ</em></span> 
     </span>
    </p>
   </div>
   <div class='ocr_carea' id='block_1_3' title="bbox 117 1863 1126 1956">
    <p class='ocr_par' dir='ltr' id='par_1_9' title="bbox 117 1863 1126 1956">
     <span class='ocr_line' id='line_1_17' title="bbox 117 1863 1126 1956; baseline 0.001 -20"><span class='ocrx_word' id='word_1_126' title='bbox 117 1868 332 1955; x_wconf 88' lang='grc' dir='ltr'><em>εἰκοσαέδρου</em></span> <span class='ocrx_word' id='word_1_127' title='bbox 354 1866 513 1955; x_wconf 77' lang='grc' dir='ltr'><em>πλευράν,</em></span> <span class='ocrx_word' id='word_1_128' title='bbox 537 1863 582 1946; x_wconf 78' lang='grc' dir='ltr'><em>ὥς</em></span> <span class='ocrx_word' id='word_1_129' title='bbox 602 1867 639 1934; x_wconf 76' lang='grc' dir='ltr'><em>δὲ</em></span> <span class='ocrx_word' id='word_1_130' title='bbox 656 1864 678 1954; x_wconf 79' lang='grc' dir='ltr'><em>ἡ</em></span> <span class='ocrx_word' id='word_1_131' title='bbox 697 1871 758 1936; x_wconf 84' lang='grc' dir='ltr'><em>τοῦ</em></span> <span class='ocrx_word' id='word_1_132' title='bbox 777 1867 886 1953; x_wconf 83' lang='grc' dir='ltr'><em>κύβου</em></span> <span class='ocrx_word' id='word_1_133' title='bbox 899 1865 1026 1956; x_wconf 78' lang='grc' dir='ltr'><em>πλευρὰ</em></span> <span class='ocrx_word' id='word_1_134' title='bbox 1043 1871 1126 1954; x_wconf 81' lang='grc' dir='ltr'><em>πρὸς</em></span> 
     </span>
    </p>
   </div>
   <div class='ocr_carea' id='block_1_4' title="bbox 62 1970 1126 2903">
    <p class='ocr_par' dir='ltr' id='par_1_10' title="bbox 62 1970 1126 2903">
     <span class='ocr_line' id='line_1_18' title="bbox 115 1970 1125 2061; baseline -0.002 -20"><span class='ocrx_word' id='word_1_135' title='bbox 115 1976 177 2061; x_wconf 82' lang='grc' dir='ltr'><em>την</em></span> <span class='ocrx_word' id='word_1_136' title='bbox 203 1977 264 2041; x_wconf 86' lang='grc' dir='ltr'><em>τοῦ</em></span> <span class='ocrx_word' id='word_1_137' title='bbox 292 1973 508 2061; x_wconf 88' lang='grc' dir='ltr'><em>εἰκοσαέδρου</em></span> <span class='ocrx_word' id='word_1_138' title='bbox 536 1970 699 2061; x_wconf 82' lang='grc' dir='ltr'><em>πλευράν,</em></span> <span class='ocrx_word' id='word_1_139' title='bbox 728 1972 834 2052; x_wconf 81' lang='grc' dir='ltr'><em>οὕτως</em></span> <span class='ocrx_word' id='word_1_140' title='bbox 861 1971 997 2053; x_wconf 86' lang='grc' dir='ltr'><em>εὐθείας</em></span> <span class='ocrx_word' id='word_1_141' title='bbox 1024 1971 1125 2060; x_wconf 81' lang='grc' dir='ltr'><em>ἡσδη-</em></span> 
     </span>
     <span class='ocr_line' id='line_1_19' title="bbox 115 2076 1124 2165; baseline -0.002 -18"><span class='ocrx_word' id='word_1_142' title='bbox 115 2088 243 2147; x_wconf 83' lang='grc' dir='ltr'><em>τοτοῦν</em></span> <span class='ocrx_word' id='word_1_143' title='bbox 262 2077 367 2162; x_wconf 89' lang='grc' dir='ltr'><em>άκρον</em></span> <span class='ocrx_word' id='word_1_144' title='bbox 386 2078 443 2145; x_wconf 86' lang='grc' dir='ltr'><em>καὶ</em></span> <span class='ocrx_word' id='word_1_145' title='bbox 461 2078 563 2164; x_wconf 91' lang='grc' dir='ltr'><em>μέσον</em></span> <span class='ocrx_word' id='word_1_146' title='bbox 582 2076 685 2164; x_wconf 80' lang='grc' dir='ltr'><em>λόγον</em></span> <span class='ocrx_word' id='word_1_147' title='bbox 703 2078 905 2165; x_wconf 86' lang='grc' dir='ltr'><em>τετμημένης</em></span> <span class='ocrx_word' id='word_1_148' title='bbox 919 2076 940 2165; x_wconf 80' lang='grc' dir='ltr'><em>η</em></span> <span class='ocrx_word' id='word_1_149' title='bbox 956 2078 1124 2164; x_wconf 90' lang='grc' dir='ltr'><em>δυναμένη</em></span> 
     </span>
     <span class='ocr_line' id='line_1_20' title="bbox 116 2181 1125 2272; baseline 0.002 -21"><span class='ocrx_word' id='word_1_150' title='bbox 116 2183 178 2271; x_wconf 82' lang='grc' dir='ltr'><em>τὴν</em></span> <span class='ocrx_word' id='word_1_151' title='bbox 202 2184 284 2269; x_wconf 77' lang='grc' dir='ltr'><em>ὅλην</em></span> <span class='ocrx_word' id='word_1_152' title='bbox 310 2181 425 2250; x_wconf 82' lang='grc' dir='ltr'><em>καὶτὸ</em></span> <span class='ocrx_word' id='word_1_153' title='bbox 453 2188 565 2268; x_wconf 76' lang='grc' dir='ltr'><em>μεῖξον</em></span> <span class='ocrx_word' id='word_1_154' title='bbox 592 2187 704 2270; x_wconf 79' lang='grc' dir='ltr'><em>τμῆμα</em></span> <span class='ocrx_word' id='word_1_155' title='bbox 731 2181 815 2272; x_wconf 83' lang='grc' dir='ltr'><em>πρὸς</em></span> <span class='ocrx_word' id='word_1_156' title='bbox 840 2210 903 2270; x_wconf 93' lang='grc' dir='ltr'><em>την</em></span> <span class='ocrx_word' id='word_1_157' title='bbox 932 2185 1125 2271; x_wconf 90' lang='grc' dir='ltr'><em>δυναμένην</em></span> 
     </span>
     <span class='ocr_line' id='line_1_21' title="bbox 62 2286 1126 2376; baseline 0.003 -21"><span class='ocrx_word' id='word_1_158' title='bbox 62 2318 98 2367; x_wconf 73' lang='lat'><em>20</em></span> <span class='ocrx_word' id='word_1_159' title='bbox 116 2289 179 2375; x_wconf 78' lang='grc' dir='ltr'><em>τὴν</em></span> <span class='ocrx_word' id='word_1_160' title='bbox 212 2287 295 2374; x_wconf 77' lang='grc' dir='ltr'><em>ὅλην</em></span> <span class='ocrx_word' id='word_1_161' title='bbox 321 2288 377 2354; x_wconf 82' lang='grc' dir='ltr'><em>καὶ</em></span> <span class='ocrx_word' id='word_1_162' title='bbox 403 2286 441 2356; x_wconf 87' lang='grc' dir='ltr'><em>τὸ</em></span> <span class='ocrx_word' id='word_1_163' title='bbox 469 2293 606 2356; x_wconf 77' lang='grc' dir='ltr'><em>ἔλαττον</em></span> <span class='ocrx_word' id='word_1_164' title='bbox 637 2299 761 2376; x_wconf 76' lang='grc' dir='ltr'><em>τμῆμα,</em></span> <span class='ocrx_word' id='word_1_165' title='bbox 794 2288 839 2369; x_wconf 77' lang='grc' dir='ltr'><em>ὥς</em></span> <span class='ocrx_word' id='word_1_166' title='bbox 867 2288 932 2375; x_wconf 85' lang='grc' dir='ltr'><em>άρα</em></span> <span class='ocrx_word' id='word_1_167' title='bbox 959 2289 997 2358; x_wconf 86' lang='grc' dir='ltr'><em>τὸ</em></span> <span class='ocrx_word' id='word_1_168' title='bbox 1027 2294 1126 2358; x_wconf 87' lang='grc' dir='ltr'><em>δωδε-</em></span> 
     </span>
     <span class='ocr_line' id='line_1_22' title="bbox 116 2392 1126 2483; baseline 0.003 -22"><span class='ocrx_word' id='word_1_169' title='bbox 116 2394 260 2482; x_wconf 90' lang='grc' dir='ltr'><em>κάεδρον</em></span> <span class='ocrx_word' id='word_1_170' title='bbox 292 2397 375 2480; x_wconf 82' lang='grc' dir='ltr'><em>πρὸς</em></span> <span class='ocrx_word' id='word_1_171' title='bbox 406 2392 444 2462; x_wconf 89' lang='grc' dir='ltr'><em>τὸ</em></span> <span class='ocrx_word' id='word_1_172' title='bbox 481 2394 696 2483; x_wconf 88' lang='grc' dir='ltr'><em>εἰκοσάεδρον</em></span> <span class='ocrx_word' id='word_1_173' title='bbox 732 2399 800 2464; x_wconf 79' lang='grc' dir='ltr'><em>τῶν</em></span> <span class='ocrx_word' id='word_1_174' title='bbox 837 2399 884 2476; x_wconf 85' lang='grc' dir='ltr'><em>εἰς</em></span> <span class='ocrx_word' id='word_1_175' title='bbox 919 2398 981 2480; x_wconf 81' lang='grc' dir='ltr'><em>τὴν</em></span> <span class='ocrx_word' id='word_1_176' title='bbox 1019 2394 1126 2483; x_wconf 79' lang='grc' dir='ltr'><em>αὐτὴν</em></span> 
     </span>
     <span class='ocr_line' id='line_1_23' title="bbox 118 2497 1126 2590; baseline 0.002 -24"><span class='ocrx_word' id='word_1_177' title='bbox 118 2513 266 2588; x_wconf 75' lang='grc' dir='ltr'><em>σφαῖραν</em></span> <span class='ocrx_word' id='word_1_178' title='bbox 299 2501 574 2590; x_wconf 80' lang='grc' dir='ltr'><em>ἐγγραφομένων,</em></span> <span class='ocrx_word' id='word_1_179' title='bbox 607 2497 742 2580; x_wconf 75' lang='grc' dir='ltr'><em>εὐθείας</em></span> <span class='ocrx_word' id='word_1_180' title='bbox 773 2498 988 2587; x_wconf 80' lang='grc' dir='ltr'><em>ἡσδηκοτοῦν</em></span> <span class='ocrx_word' id='word_1_181' title='bbox 1020 2498 1126 2589; x_wconf 86' lang='grc' dir='ltr'><em>άκρον</em></span> 
     </span>
     <span class='ocr_line' id='line_1_24' title="bbox 116 2601 1126 2693; baseline 0.001 -21"><span class='ocrx_word' id='word_1_182' title='bbox 116 2605 172 2673; x_wconf 83' lang='grc' dir='ltr'><em>καὶ</em></span> <span class='ocrx_word' id='word_1_183' title='bbox 195 2606 298 2692; x_wconf 95' lang='grc' dir='ltr'><em>μέσον</em></span> <span class='ocrx_word' id='word_1_184' title='bbox 316 2610 417 2693; x_wconf 79' lang='grc' dir='ltr'><em>λόγον</em></span> <span class='ocrx_word' id='word_1_185' title='bbox 435 2607 636 2693; x_wconf 84' lang='grc' dir='ltr'><em>τετμημένης</em></span> <span class='ocrx_word' id='word_1_186' title='bbox 655 2603 676 2692; x_wconf 80' lang='grc' dir='ltr'><em>ἡ</em></span> <span class='ocrx_word' id='word_1_187' title='bbox 697 2608 869 2693; x_wconf 92' lang='grc' dir='ltr'><em>δυναμένη</em></span> <span class='ocrx_word' id='word_1_188' title='bbox 887 2601 949 2691; x_wconf 81' lang='grc' dir='ltr'><em>την</em></span> <span class='ocrx_word' id='word_1_189' title='bbox 969 2603 1052 2691; x_wconf 79' lang='grc' dir='ltr'><em>ὅλην</em></span> <span class='ocrx_word' id='word_1_190' title='bbox 1070 2607 1126 2674; x_wconf 82' lang='grc' dir='ltr'><em>καὶ</em></span> 
     </span>
     <span class='ocr_line' id='line_1_25' title="bbox 116 2708 1124 2799; baseline 0.002 -22"><span class='ocrx_word' id='word_1_191' title='bbox 116 2714 154 2781; x_wconf 87' lang='grc' dir='ltr'><em>τὸ</em></span> <span class='ocrx_word' id='word_1_192' title='bbox 182 2718 293 2798; x_wconf 80' lang='grc' dir='ltr'><em>μεῖζον</em></span> <span class='ocrx_word' id='word_1_193' title='bbox 320 2715 430 2798; x_wconf 83' lang='grc' dir='ltr'><em>τμημα</em></span> <span class='ocrx_word' id='word_1_194' title='bbox 458 2710 541 2799; x_wconf 82' lang='grc' dir='ltr'><em>πρὸς</em></span> <span class='ocrx_word' id='word_1_195' title='bbox 566 2709 630 2797; x_wconf 80' lang='grc' dir='ltr'><em>τὴν</em></span> <span class='ocrx_word' id='word_1_196' title='bbox 658 2711 850 2798; x_wconf 86' lang='grc' dir='ltr'><em>δυναμένην</em></span> <span class='ocrx_word' id='word_1_197' title='bbox 877 2708 938 2797; x_wconf 77' lang='grc' dir='ltr'><em>τὴν</em></span> <span class='ocrx_word' id='word_1_198' title='bbox 962 2710 1046 2797; x_wconf 76' lang='grc' dir='ltr'><em>ὅλην</em></span> <span class='ocrx_word' id='word_1_199' title='bbox 1069 2714 1124 2779; x_wconf 76' lang='grc' dir='ltr'><em>καὶ</em></span> 
     </span>
     <span class='ocr_line' id='line_1_26' title="bbox 64 2807 1044 2903; baseline -0.001 -19"><span class='ocrx_word' id='word_1_200' title='bbox 64 2843 97 2893; x_wconf 79' lang='lat'><em>25</em></span> <span class='ocrx_word' id='word_1_201' title='bbox 116 2816 153 2886; x_wconf 86' lang='grc' dir='ltr'><em>τὸ</em></span> <span class='ocrx_word' id='word_1_202' title='bbox 178 2823 314 2886; x_wconf 78' lang='grc' dir='ltr'><em>ἔλαττον</em></span> <span class='ocrx_word' id='word_1_203' title='bbox 337 2821 456 2903; x_wconf 77' lang='grc' dir='ltr'><em>τμῆμα.</em></span> <span class='ocrx_word' id='word_1_204' title='bbox 1042 2807 1044 2811; x_wconf 32' lang='lat'><em>⁴</em></span> 
     </span>
    </p>
   </div>
   <div class='ocr_carea' id='block_1_5' title="bbox 116 3041 1127 3537">
    <p class='ocr_par' dir='ltr' id='par_1_11' title="bbox 116 3041 1127 3537">
     <span class='ocr_line' id='line_1_27' title="bbox 189 3041 1125 3115; baseline -0.003 -16"><span class='ocrx_word' id='word_1_205' title='bbox 189 3053 213 3101; x_wconf 94' lang='lat'><em>1.</em></span> <span class='ocrx_word' id='word_1_206' title='bbox 232 3043 317 3115; x_wconf 75' lang='grc' dir='ltr'><em>λόγον</em></span> <span class='ocrx_word' id='word_1_207' title='bbox 332 3077 365 3086; x_wconf 94' lang='grc'>-</span> <span class='ocrx_word' id='word_1_208' title='bbox 379 3051 404 3100; x_wconf 92' lang='grc'><em>8.</em></span> <span class='ocrx_word' id='word_1_209' title='bbox 425 3041 618 3115; x_wconf 87' lang='grc' dir='ltr'><em>εἰκοσάεδρον]</em></span> <span class='ocrx_word' id='word_1_210' title='bbox 640 3043 683 3098; x_wconf 84' lang='lat' dir='ltr'><em>bis</em></span> <span class='ocrx_word' id='word_1_211' title='bbox 701 3043 732 3097; x_wconf 90' lang='lat' dir='ltr'><em>P.</em></span> <span class='ocrx_word' id='word_1_212' title='bbox 798 3048 821 3098; x_wconf 89' lang='lat'><em>1.</em></span> <span class='ocrx_word' id='word_1_213' title='bbox 842 3041 953 3109; x_wconf 72' lang='grc' dir='ltr'><em>ἕξουσιν</em></span> <span class='ocrx_word' id='word_1_214' title='bbox 971 3044 1006 3111; x_wconf 84' lang='lat' dir='ltr'><em>V,</em></span> <span class='ocrx_word' id='word_1_215' title='bbox 1026 3043 1125 3110; x_wconf 72' lang='grc' dir='ltr'><em>ἓξωσιν</em></span> 
     </span>
     <span class='ocr_line' id='line_1_28' title="bbox 117 3110 1124 3182; baseline -0.006 -10"><span class='ocrx_word' id='word_1_216' title='bbox 117 3118 201 3172; x_wconf 88' lang='lat' dir='ltr'><strong>PBv.</strong></span> <span class='ocrx_word' id='word_1_217' title='bbox 229 3117 301 3170; x_wconf 86' lang='lat' dir='ltr'>Dein</span> <span class='ocrx_word' id='word_1_218' title='bbox 321 3118 383 3172; x_wconf 72' lang='lat' dir='ltr'>edd.</span> <span class='ocrx_word' id='word_1_219' title='bbox 403 3111 437 3170; x_wconf 82' lang='grc' dir='ltr'><em>ὅν</em></span> <span class='ocrx_word' id='word_1_220' title='bbox 455 3134 474 3170; x_wconf 83' lang='lat' dir='ltr'>v</span> <span class='ocrx_word' id='word_1_221' title='bbox 493 3117 521 3170; x_wconf 78' lang='lat' dir='ltr'><em>et</em></span> <span class='ocrx_word' id='word_1_222' title='bbox 534 3133 570 3170; x_wconf 90' lang='lat' dir='ltr'><em>m.</em></span> <span class='ocrx_word' id='word_1_223' title='bbox 586 3119 601 3168; x_wconf 80' lang='lat'>2</span> <span class='ocrx_word' id='word_1_224' title='bbox 616 3113 650 3170; x_wconf 94' lang='lat' dir='ltr'><em>V.</em></span> <span class='ocrx_word' id='word_1_225' title='bbox 705 3110 913 3182; x_wconf 78' lang='grc' dir='ltr'><em>οίασδηκοτούν</em></span> <span class='ocrx_word' id='word_1_226' title='bbox 931 3113 1044 3170; x_wconf 87' lang='lat' dir='ltr'>PBVv.</span> <span class='ocrx_word' id='word_1_227' title='bbox 1100 3120 1124 3167; x_wconf 78' lang='lat'><em>2.</em></span> 
     </span>
     <span class='ocr_line' id='line_1_29' title="bbox 118 3180 1125 3257; baseline -0.001 -17"><span class='ocrx_word' id='word_1_228' title='bbox 118 3184 172 3257; x_wconf 80' lang='grc' dir='ltr'><em>ὡς]</em></span> <span class='ocrx_word' id='word_1_229' title='bbox 192 3203 246 3241; x_wconf 88' lang='lat' dir='ltr'><em>om.</em></span> <span class='ocrx_word' id='word_1_230' title='bbox 264 3186 378 3244; x_wconf 85' lang='lat' dir='ltr'>PBVv.</span> <span class='ocrx_word' id='word_1_231' title='bbox 452 3183 613 3256; x_wconf 86' lang='grc' dir='ltr'><em>δυναμένης</em></span> <span class='ocrx_word' id='word_1_232' title='bbox 630 3185 660 3240; x_wconf 90' lang='grc' dir='ltr'><em>Ρ.</em></span> <span class='ocrx_word' id='word_1_233' title='bbox 733 3189 757 3238; x_wconf 84' lang='grc'><em>4.</em></span> <span class='ocrx_word' id='word_1_234' title='bbox 778 3180 927 3248; x_wconf 71' lang='grc' dir='ltr'><em>ἐλάσσονος</em></span> <span class='ocrx_word' id='word_1_235' title='bbox 945 3183 1026 3238; x_wconf 83' lang='lat' dir='ltr'>BVv.</span> <span class='ocrx_word' id='word_1_236' title='bbox 1100 3190 1125 3240; x_wconf 87' lang='grc'><em>6.</em></span> 
     </span>
     <span class='ocr_line' id='line_1_30' title="bbox 118 3253 1126 3328; baseline -0.001 -18"><span class='ocrx_word' id='word_1_237' title='bbox 118 3254 274 3325; x_wconf 81' lang='grc' dir='ltr'><em>γινομένων</em></span> <span class='ocrx_word' id='word_1_238' title='bbox 293 3259 327 3325; x_wconf 80' lang='lat' dir='ltr'><em>V,</em></span> <span class='ocrx_word' id='word_1_239' title='bbox 347 3253 487 3326; x_wconf 89' lang='grc' dir='ltr'><em>γενόμενα</em></span> <span class='ocrx_word' id='word_1_240' title='bbox 505 3257 536 3310; x_wconf 90' lang='grc' dir='ltr'><em>Ρ.</em></span> <span class='ocrx_word' id='word_1_241' title='bbox 611 3262 636 3312; x_wconf 88' lang='grc'><em>8.</em></span> <span class='ocrx_word' id='word_1_242' title='bbox 655 3256 699 3328; x_wconf 89' lang='grc' dir='ltr'><em>τε]</em></span> <span class='ocrx_word' id='word_1_243' title='bbox 719 3271 772 3310; x_wconf 92' lang='lat' dir='ltr'><em>om.</em></span> <span class='ocrx_word' id='word_1_244' title='bbox 792 3255 876 3310; x_wconf 81' lang='lat' dir='ltr'><strong>BVv.</strong></span> <span class='ocrx_word' id='word_1_245' title='bbox 900 3256 940 3326; x_wconf 90' lang='lat' dir='ltr'><em>(in</em></span> <span class='ocrx_word' id='word_1_246' title='bbox 958 3253 1126 3324; x_wconf 76' lang='lat' dir='ltr'>repetitione</span> 
     </span>
     <span class='ocr_line' id='line_1_31' title="bbox 117 3321 1126 3396; baseline -0.001 -16"><span class='ocrx_word' id='word_1_247' title='bbox 117 3326 213 3380; x_wconf 77' lang='lat' dir='ltr'>omnia</span> <span class='ocrx_word' id='word_1_248' title='bbox 232 3327 330 3382; x_wconf 82' lang='lat' dir='ltr'>eadem</span> <span class='ocrx_word' id='word_1_249' title='bbox 348 3328 435 3382; x_wconf 75' lang='lat' dir='ltr'>hebet</span> <span class='ocrx_word' id='word_1_250' title='bbox 447 3327 478 3394; x_wconf 88' lang='lat' dir='ltr'><em>P,</em></span> <span class='ocrx_word' id='word_1_251' title='bbox 498 3326 552 3381; x_wconf 78' lang='lat' dir='ltr'>nisi</span> <span class='ocrx_word' id='word_1_252' title='bbox 570 3326 645 3396; x_wconf 87' lang='lat' dir='ltr'>quod</span> <span class='ocrx_word' id='word_1_253' title='bbox 664 3343 748 3396; x_wconf 76' lang='lat' dir='ltr'>supra</span> <span class='ocrx_word' id='word_1_254' title='bbox 763 3321 910 3388; x_wconf 74' lang='grc' dir='ltr'><em>ἐλάττονος</em></span> <span class='ocrx_word' id='word_1_255' title='bbox 927 3324 991 3380; x_wconf 81' lang='lat' dir='ltr'><strong>add.</strong></span> <span class='ocrx_word' id='word_1_256' title='bbox 1006 3324 1085 3380; x_wconf 78' lang='lat' dir='ltr'>elin.</span> <span class='ocrx_word' id='word_1_257' title='bbox 1100 3331 1126 3392; x_wconf 85' lang='grc'><em>4,</em></span> 
     </span>
     <span class='ocr_line' id='line_1_32' title="bbox 116 3392 1127 3467; baseline 0.003 -19"><span class='ocrx_word' id='word_1_258' title='bbox 116 3395 164 3450; x_wconf 92' lang='lat' dir='ltr'>lin.</span> <span class='ocrx_word' id='word_1_259' title='bbox 181 3403 197 3451; x_wconf 84' lang='grc'><strong>6</strong></span> <span class='ocrx_word' id='word_1_260' title='bbox 213 3392 367 3465; x_wconf 84' lang='grc' dir='ltr'><em>γνωρήμων</em></span> <span class='ocrx_word' id='word_1_261' title='bbox 387 3395 558 3467; x_wconf 83' lang='grc' dir='ltr'><em>γενομένων,</em></span> <span class='ocrx_word' id='word_1_262' title='bbox 576 3395 657 3452; x_wconf 87' lang='lat' dir='ltr'>lin.8</span> <span class='ocrx_word' id='word_1_263' title='bbox 676 3416 705 3451; x_wconf 83' lang='grc' dir='ltr'><em>τε</em></span> <span class='ocrx_word' id='word_1_264' title='bbox 726 3397 800 3465; x_wconf 71' lang='lat' dir='ltr'>om).</span> <span class='ocrx_word' id='word_1_265' title='bbox 873 3393 905 3451; x_wconf 88' lang='grc' dir='ltr'><em>τὸ</em></span> <span class='ocrx_word' id='word_1_266' title='bbox 928 3392 1127 3466; x_wconf 85' lang='grc' dir='ltr'><em>δωδεκάεδρον</em></span> 
     </span>
     <span class='ocr_line' id='line_1_33' title="bbox 117 3462 1127 3537; baseline 0.002 -18"><span class='ocrx_word' id='word_1_267' title='bbox 117 3464 188 3536; x_wconf 84' lang='grc' dir='ltr'><em>πρὸς</em></span> <span class='ocrx_word' id='word_1_268' title='bbox 205 3463 238 3520; x_wconf 86' lang='grc' dir='ltr'><em>τὸ</em></span> <span class='ocrx_word' id='word_1_269' title='bbox 257 3463 453 3537; x_wconf 90' lang='grc' dir='ltr'><em>εἰκοσάεδρον]</em></span> <span class='ocrx_word' id='word_1_270' title='bbox 473 3483 526 3521; x_wconf 88' lang='lat' dir='ltr'><em>om.</em></span> <span class='ocrx_word' id='word_1_271' title='bbox 545 3467 582 3522; x_wconf 88' lang='grc' dir='ltr'><em>Μ.</em></span> <span class='ocrx_word' id='word_1_272' title='bbox 663 3467 736 3522; x_wconf 75' lang='grc' dir='ltr'><em>Αωίο</em></span> <span class='ocrx_word' id='word_1_273' title='bbox 755 3462 953 3536; x_wconf 85' lang='grc' dir='ltr'><em>δωδεκάεδρον</em></span> <span class='ocrx_word' id='word_1_274' title='bbox 972 3467 1027 3522; x_wconf 87' lang='lat' dir='ltr'>del.</span> <span class='ocrx_word' id='word_1_275' title='bbox 1048 3465 1080 3522; x_wconf 83' lang='grc' dir='ltr'><em>δέ</em></span> <span class='ocrx_word' id='word_1_276' title='bbox 1099 3485 1127 3521; x_wconf 82' lang='lat' dir='ltr'><em>v.</em></span> 
     </span>
    </p>
   </div>
   <div class='ocr_carea' id='block_1_6' title="bbox 0 0 1188 3796">
    <p class='ocr_par' dir='ltr' id='par_1_12' title="bbox 0 0 1188 3796">
     <span class='ocr_line' id='line_1_34' title="bbox 0 0 1188 3796; baseline 0 0"><span class='ocrx_word' id='word_1_277' title='bbox 0 0 1188 3796; x_wconf 95' lang='lat' dir='ltr'><em> </em></span> 
     </span>
    </p>
   </div>
  </div>
 </body>
</html>
