2362 3796
239 145 395 198 scnom
412 147 451 198 m
469 149 744 200 ELEMENTORUM
760 150 900 202 τωκου
913 151 935 205 1.
1024 146 1088 211 187

71 292 114 356 έκ
136 311 172 355 τε
193 289 262 354 των
283 286 507 375 παραλλήλων
530 288 585 356 καὶ
609 290 644 355 ἐκ
667 291 734 355 τάν
756 289 878 369 ταύτας
901 291 1089 375 ἐπιζευγνυ-

72 398 201 464 ουσῶν.
246 397 447 480 προσεκτέον
471 393 509 462 δὲ
531 398 576 487 τῷ
601 391 733 481 ἀκριβεῖ
752 397 812 480 τής
832 395 1031 480 προτάσεως.

146 503 219 569 117.
257 501 355 589 Μέρη
385 501 468 588 φησὶ
495 504 563 569 των
591 498 813 587 παραλλήλων
840 499 880 569 τά
911 500 973 569 δύο
1002 500 1088 588 άκρα

71 603 192 673 καὶτὸ
216 606 328 692 μέσον.
374 607 463 693 λέγει
488 598 550 675 οὖν
575 604 593 674 ὁ
618 604 830 694 στοιχειωτής
858 606 910 674 ἐπὶ
937 604 978 674 τά
1004 606 1088 674 αὐτὰ

72 711 161 799 μέρη
184 709 271 780 εἶναι
290 711 349 792 τὰς
368 712 656 799 ἐπιζευγνυοάσας,
680 721 772 801 είπερ
792 717 925 780 ἔσονται
944 720 1015 779 ίσαι
1032 713 1088 780 καλ
1126 736 1142 784 5

73 815 293 905 παράλληλοι.
339 822 371 886 εί
395 817 460 905 γάρ
488 817 508 906 ή
537 820 600 906 μὲν
629 818 791 901 ἐπιζεύξαι
818 817 878 899 τάς
908 819 1090 904 δεδομένας

73 923 309 1011 παραλλήλους
335 923 419 993 κατά
447 924 485 993 τὸ
518 927 637 1012 μέσον,
670 922 690 1012 ή
725 924 762 994 δὲ
793 923 875 994 κατὰ
904 927 941 992 τὸ
972 923 1088 1024 άκρον,

73 1027 154 1098 οὔτε
178 1038 249 1099 ίσαι
272 1031 349 1100 οὔτε
371 1031 580 1120 παράλληλοι
604 1037 749 1102 ἔσονται.

405 1230 461 1293 Ad
484 1252 588 1314 prop.
611 1229 759 1295 XXXIV.

146 1351 219 1417 118.
251 1348 295 1416 Τὸ
314 1349 370 1417 λδ’
389 1348 550 1437 θεάρημα
569 1348 680 1440 ὥσπερ
698 1348 883 1417 ὑπόστασιν
900 1348 965 1436 ήδη
980 1347 1086 1435 λαβὸν
1107 1374 1141 1422 10

73 1456 136 1524 τοῦ
164 1455 513 1542 παραλληλογράμμου
542 1457 577 1522 ἐκ
604 1459 666 1524 τοῦ
691 1455 1087 1542 προειρημένουθεωρή-

72 1586 179 1648 ματος
209 1559 250 1628 τὰ
281 1559 560 1649 χαρακτηριστικὰ
592 1564 652 1646 τής
685 1563 773 1639 ίδίας
805 1559 995 1637 συστάσεως
1026 1563 1087 1626 τοῦ

71 1664 426 1754 παραλληλογράμμου
448 1674 586 1750 θεωρεῖ,
610 1664 631 1731 ά
655 1667 723 1732 ἐστι
745 1669 864 1750 ταῦτα,
888 1662 925 1731 τὸ
949 1663 1008 1742 τὰς
1030 1661 1088 1729 άπ-

73 1777 232 1841 εναντίον
253 1770 398 1856 πλευράς
421 1779 495 1851 ίσας
518 1769 605 1840 εἶναι
633 1771 689 1838 καὶ
716 1769 775 1850 τὰς
800 1775 925 1855 γωνίας
947 1767 1006 1847 τὰς
1029 1765 1088 1834 άπ-

75 1881 232 1947 εναντίον
249 1885 323 1957 ἴσας
342 1878 397 1944 καὶ
411 1877 448 1945 τὸ
466 1883 542 1964 δίχα
555 1878 737 1963 τέμνεσθαι
750 1874 816 1943 ὑπὸ
832 1879 890 1961 τής
909 1875 1088 1961 διαμέτρου
1108 1899 1141 1948 15

74 1983 117 2053 τά
134 1990 248 2072 χωρία.
284 1985 360 2070 περὶ
379 1983 444 2070 γὰρ
463 1984 592 2052 τούτων
611 1992 740 2070 εἴρηται
754 1979 791 2050 τὸ
805 1978 896 2067 καλή
913 1979 1088 2065 διάμετρος

75 2089 161 2158 αὐτὰ
185 2093 263 2176 δίχα
285 2091 407 2176 τέμνει,
431 2088 476 2169 ως
499 2087 585 2158 εἶναι
607 2088 645 2158 τὸ
667 2087 815 2176 ἐμβαδὸν
833 2085 871 2156 τὸ
892 2085 1089 2173 διχοτομού-

74 2222 180 2284 μενον
204 2193 297 2282 ὅλον,
321 2194 407 2263 άλλὰ
429 2197 474 2282 μή
497 2196 556 2276 τὰς
576 2202 712 2282 γωνίας,
737 2193 781 2262 δι’
804 2186 852 2262 ὧν
870 2193 891 2280 ή
912 2191 1089 2281 διάμετρος

73 2309 213 2393 ἔρχεται.
229 2374 232 2379 ,
250 2293 272 2370 δ
290 2301 329 2370 δὲ
347 2300 457 2370 ὄντων
475 2302 841 2390 παραλληλογράμμων,
860 2298 951 2370 &aaz
966 2303 1003 2368 έν
1017 2313 1089 2381 ταῖς

72 2409 281 2479 ὑποθέσεσιν
295 2404 451 2493 ὡρίσατο,
470 2412 531 2476 τοῦ
544 2408 767 2496 τετραγώνου,
781 2411 842 2475 τοῦ
857 2406 1088 2494 ἑτερομήκους,
1106 2431 1142 2481 νο

74 2518 139 2582 τοῦ
161 2513 306 2602 ῥόμβου,
328 2516 391 2580 τοῦ
414 2515 647 2600 ρομβοειδοῦς,
678 2517 709 2581 εί
731 2512 792 2599 μὲν
815 2512 897 2581 κατά
921 2511 961 2581 τά
986 2510 1088 2600 ὀρθο-

78 2618 187 2707 γώνια
210 2625 335 2704 γίνεται
359 2615 380 2705 ή
405 2623 582 2705 διαίρεσις,
611 2620 644 2700 ἐξ
668 2618 818 2705 άνάγκης
840 2619 895 2687 καὶ
918 2618 958 2686 τδι
981 2624 1088 2707 χωρία

76 2728 316 2812 διχοτομοῦσιν
340 2729 378 2793 αλ
399 2728 570 2812 διάμετροι
597 2726 652 2792 καὶ
680 2722 778 2792 αὐταὶ
807 2733 876 2792 ίσαι
904 2728 1007 2808 είσίν,
1035 2723 1087 2790 ἐπὶ

75 2831 117 2899 δὲ
149 2832 217 2898 των
249 2829 293 2917 μή
321 2831 501 2917 τοιούτων,
536 2830 657 2899 άνισοι.
712 2829 813 2897 πάλιν
843 2829 894 2896 ἐπὶ
922 2831 990 2895 τάν
1020 2831 1088 2895 ίσο-

72 2933 231 3021 πλεάρωυ
258 2938 314 3004 καὶ
339 2962 378 3004 τα
407 2941 512 3024 χωρία
541 2940 617 3022 δίχα
645 2936 825 3020 τέμνουσιν
853 2937 891 3000 αλ
916 2932 1088 3020 διάμετροι
1107 2957 1141 3006 σε

71 3043 131 3112 καὶ
154 3043 212 3123 τάς
233 3048 370 3129 γωνίας,
394 3041 439 3110 δι’
466 3033 515 3110 ὧν
539 3033 637 3108 αὗται
660 3041 832 3128 φέρονται,
856 3033 931 3107 οἷον
955 3038 1007 3106 ἐπὶ
1028 3040 1090 3107 τοῦ

148 3239 265 3296 117.f1.
339 3241 398 3294 118.
418 3236 458 3290 va
473 3236 536 3306 (sq).

71 3357 290 3368 --—.—---

148 3421 173 3471 1.
198 3410 247 3485 έκ]
268 3414 341 3500 (ωλδρ
365 3428 419 3468 om.
438 3414 469 3468 B.
564 3418 607 3467 22.
632 3407 662 3478 ἐξ
686 3406 829 3485 άνάγκης]
853 3414 952 3482 postea
970 3412 1034 3468 add.
1053 3410 1091 3480 Vx

42 3509 45 3514 ·
71 3505 132 3544 om.
151 3503 178 3555 q.
253 3489 296 3537 24.
316 3484 421 3556 ᾱνισοι]
442 3500 511 3540 eras.
530 3483 564 3539 V.
