2362 3796
208 145 365 197 SCHOLIA
382 147 421 199 IN
439 148 714 199 ELEMENTORUM
730 149 870 200 LIBRUM
883 149 958 203 XIII.
1014 147 1076 212 661

67 310 169 370 πουν,
198 283 236 352 τὸ
261 282 326 353 άπδ
349 291 407 373 τῆς
429 292 508 354 MK
515 289 567 355 -τδ
589 288 837 356 πενταπλάσιον
860 287 965 357 αὐτοῦ
988 294 1079 357 ἔσται

67 389 279 460 είκοσάπουν.
325 389 408 461 ώστε
435 391 473 460 τὸ
503 390 566 460 άπο
591 397 648 479 τῆς
670 400 740 461 ΒΚ
766 393 1014 463 ἕκατοντάπουν
1038 391 1079 463 δν

67 496 316 565 πενταπλάσιόν
339 501 408 566 ἐστι
430 509 491 566 τοῦ
515 495 580 566 άπὸ
603 502 662 586 τῆς
684 506 764 567 MK
785 498 1012 578 είκοσάποδος.

134 607 187 671 39.
229 599 388 687 Εώλόγως
410 605 658 672 πενταπλάσιον
685 604 723 673 τὸ
751 603 816 672 άπὸ
845 608 902 691 τῆς
924 611 993 671 ΒΚ
1017 609 1079 672 τοῦ

66 707 132 776 άπὸ
160 711 221 795 τῆς
246 713 333 777 ΚΜ.
381 711 442 776 τοῦ
469 708 533 798 γάρ
562 717 630 777 ΖΚ
655 709 692 778 τὸ
716 717 799 777 ΚΜ
820 710 1079 796 πενταπλάσιον,
1115 720 1131 771 5

67 805 109 883 οὗ
134 819 200 882 ΖΚ
220 814 573 883 εἰκοσιπενταπλάσιον
596 815 633 883 τὸ
658 815 723 884 άπὸ
745 825 805 901 τῆς
823 823 898 883 ΒΚ.
934 821 1079 883 λείπεται

66 919 132 1006 άρα
145 919 393 988 πενταπλάσιον
408 918 495 989 εἶναι
508 925 571 989 τοῦ
591 913 632 990 οὗ
650 925 749 1008 μέρος
764 928 892 1008 γίνεται
905 921 943 990 τὸ
960 927 1079 990 εἰκοσι-

67 1023 314 1093 πενταπλάσιον
338 1023 412 1110 ἥτοι
434 1025 472 1094 τὸ
498 1032 566 1093 ΖΚ
586 1024 661 1113 ἤτοι
683 1031 745 1096 τοῦ
768 1033 852 1095 ΚΜ.

134 1135 187 1198 40.
218 1129 335 1216 Λόγον
349 1129 412 1200 οὐκ
426 1138 492 1220 ἔχει
505 1159 536 1221 p.
546 1137 621 1220 284,
636 1137 671 1218 4]
688 1130 769 1202 οὐδὲ
782 1132 846 1222 γὰρ
862 1139 953 1203 ἔστιν
967 1129 1079 1221 εὑρεῖν

69 1234 220 1322 άριθμὸν
244 1237 454 1325 τετράγωνον
478 1238 690 1326 τετραγώνου
712 1241 970 1309 πενταπλάσιον.
1099 1250 1133 1299 10

134 1346 187 1411 41.
226 1339 486 1474 Ἀναστρέψαντι
513 1345 579 1434 άρα
610 1374 642 1435 p.
665 1350 745 1433 284,
773 1350 834 1430 19]
867 1347 938 1415 ἐπεὶ
964 1371 1079 1413 πεντα-

66 1447 212 1518 πλάσιόν
237 1453 304 1518 ἐστι
332 1449 371 1519 τὸ
398 1450 464 1519 άπὸ
493 1455 553 1538 τῆς
574 1458 644 1521 ΒΚ
667 1456 730 1521 τοῦ
752 1450 819 1520 άπὸ
841 1455 899 1540 τῆς
922 1456 1013 1537 ΚΜ,
1040 1449 1079 1519 τὸ

67 1553 133 1623 άπο
158 1559 217 1643 τῆς
239 1564 309 1625 ΒΚ
339 1555 500 1683 δηλονότι
527 1561 588 1625 τοῦ
617 1555 683 1625 άπδ
712 1569 771 1644 τῆς
793 1565 876 1626 ΚΜ
902 1558 1080 1645 τέσσαρσιν

66 1658 228 1749 ὑπερέχει.
265 1663 349 1729 εί’
312 1689 377 1730 ουν
396 1661 660 1750 ἀναστρέφομεν,
685 1663 826 1731 ἔσται
794 1691 831 1733 το
852 1662 917 1732 άπδ
936 1675 995 1750 τῆς
1012 1669 1082 1730 ΒΚ

67 1765 152 1854 πρὸς
165 1764 203 1833 τὸ
218 1763 282 1833 άπὸ
297 1770 356 1851 τῆς
370 1773 408 1832 Ν
427 1764 588 1852 μονάδι
569 1769 742 1854 υπερέχον.
779 1793 817 1837 το
804 1765 911 1836 δὲ’
893 1765 958 1836 απὸ
972 1777 1031 1854 τῆς
1045 1774 1084 1835 Ν
1099 1778 1132 1828 15

65 1869 219 1959 ὑπερεῖχε
241 1875 304 1939 τοῦ
326 1868 390 1938 άπὸ
414 1881 471 1958 τῆς
494 1876 577 1940 ΚΜ
593 1872 643 1965 [τῷ
668 1871 732 1941 άπὸ
756 1877 815 1958 τῆς
837 1880 914 1942 ΒΚ.
959 1878 991 1940 εί
1017 1866 1080 1941 οὖν

65 1976 103 2046 τὸ
128 1975 193 2046 άπὸ
216 1982 275 2065 τῆς
297 1985 367 2045 ΒΚ
388 1979 485 2046 πέντε
509 1981 594 2065 ἐστί,
623 1980 679 2047 καὶ
702 1977 826 2066 μονάδι
850 1978 988 2047 ἔλαττόν
1011 1982 1080 2047 ἐστι

65 2083 102 2151 τδ
128 2082 194 2152 άπὸ
214 2089 273 2169 τῆς
286 2091 325 2150 Ν
343 2089 404 2152 τοῦ
425 2081 490 2152 άπὸ
509 2089 568 2169 τῆς
581 2091 659 2168 ΒΚ,
682 2082 720 2152 τὸ
738 2083 805 2152 άπὸ
823 2087 882 2171 τῆς
894 2090 935 2152 Ν
948 2083 1080 2164 πάντας

66 2192 211 2272 τέσσαρα
235 2194 336 2259 ἔσται.
373 2187 457 2258 ὥστε
480 2188 584 2274 λόγον
608 2191 672 2270 ἕξει
694 2188 732 2257 τδ
756 2186 823 2257 άπδ
841 2192 901 2274 τῆς
914 2195 983 2256 ΒΚ
998 2188 1080 2277 πρὸς

66 2292 104 2360 τὸ
123 2292 189 2362 άπὸ
208 2298 267 2381 τῆς
283 2301 329 2380 Ν,
353 2291 395 2363 δν
413 2296 510 2363 πέντε
528 2297 612 2384 πρὸς
631 2284 661 2367 δ.
699 2293 896 2383 ἀναστροφὴ
920 2295 958 2362 δὲ
976 2293 1080 2381 λόγου
1098 2309 1133 2358 20

67 2402 136 2467 ἐστὶ
155 2403 254 2486 λῆψις
272 2404 334 2469 τοῦ
352 2398 544 2488 ἡγουμένου
561 2400 645 2489 πρὸς
663 2399 725 2488 τὴν
743 2398 925 2489 ὑπεροχήν,
944 2391 964 2489 ᾖ
981 2398 1080 2490 ὑπερ-

67 2509 133 2591 έχει
155 2504 194 2574 τὸ
218 2506 410 2594 ἡγούμενον
432 2512 493 2576 τοῦ
518 2508 693 2594 ἑπομένου.

134 2615 187 2680 42.
220 2609 415 2698 Ἰσογώνιον
433 2619 592 2699 γίνεσθαι
610 2639 641 2699 p.
656 2616 730 2697 286,
746 2615 781 2696 3]
807 2617 899 2680 ἔσται
918 2611 1081 2698 ἰσογώνια

69 2714 189 2797 οὕτως·
213 2721 244 2785 εί
260 2716 324 2805 γάρ
344 2721 553 2804 ἐπιζεάξομεν
571 2727 634 2804 τὴν
649 2725 681 2784 A
686 2725 725 2804 (δ,
749 2716 837 2805 ὀρθὴ
857 2723 949 2786 ἔσται
963 2715 984 2804 ἡ
998 2716 1081 2803 πρὸς

67 2826 113 2912 τῷ
137 2832 170 2890 Α
197 2828 304 2910 γωνία
332 2821 377 2904 ὡς
404 2827 440 2892 ἐν
468 2824 653 2915 ἡμικυκλίῳ
682 2815 776 2892 οὖσα.
823 2829 891 2892 ἔστι
919 2822 958 2891 δέ
979 2822 1035 2890 καὶ
1058 2818 1133 2908 ἡλΰ

66 2927 133 2996 υπὸ
157 2935 268 2996 ΑΜΒ
291 2935 398 3016 γωνία
422 2926 524 3017 ὀρθή·
553 2932 689 3017 ἐδείχθη
712 2928 791 3016 γάρ·
813 2931 869 2996 καὶ
891 2927 988 3014 ποινὴ
1012 2932 1080 2996 τών

67 3201 111 3250 42
130 3124 398 3264 ἐξᾳῖἔχεκλτειαο
417 3127 567 3193 corrupta.)
639 3129 683 3180 40
702 3141 729 3192 q.
801 3130 844 3178 41.
864 3123 1009 3194 qu(P²).

141 3387 167 3435 3.
187 3376 386 3450 είιοσάποδος]
405 3380 456 3434 τοῦ
473 3381 561 3435 είκοοι
574 3379 608 3436 V.
664 3383 689 3434 5.
708 3376 776 3450 γάρ]
791 3378 836 3434 bis
844 3377 879 3436 V.
936 3384 977 3434 15.
996 3374 1081 3450 ὑπερ-

70 3479 149 3550 έχον]
171 3460 277 3548 άπερεῖι
295 3494 321 3544 q.
395 3482 437 3532 16.
456 3477 507 3551 τῷ]
525 3474 556 3533 τό
576 3496 604 3548 q.
676 3485 722 3534 m.
740 3475 821 3547 ’ἐξελ
834 3474 921 3530 δοται
932 3474 1066 3540 Imm.
