2362 3796
118 147 184 214 596
263 149 419 202 scnom
437 149 476 199 ια
494 147 767 199 ammom
784 147 935 199 mmm
949 150 1005 203 n

188 295 238 357 11.
270 286 425 376 Ὁρισμός
443 293 589 373 σφαίρας
603 283 664 355 οὐκ
678 291 746 354 ἔστι
760 289 872 371 τοῦτο,
891 283 992 356 ἀλλὰ
1008 290 1148 375 γένεσις,

119 398 156 464 έν
177 394 214 463 δέ
232 409 303 474 τοῖς
317 398 503 463 Θεοδοσίου
522 405 714 480 σφαιρικοῖς
731 391 885 479 εὑρήσεις
904 391 976 461 τόν
994 392 1147 483 ὁρισμόν.

118 506 219 570 τοῦτο
240 501 277 568 δὲ
297 501 403 580 οὕτως
420 504 600 584 πεποίηκεν
619 498 675 565 καί
691 496 753 585 τὴν
766 497 901 583 γένεσιν
917 503 985 587 τῆς
1002 507 1148 589 σφαίρας

120 606 277 694 ὡρίσατο,
301 604 413 691 ἐπειδὴ
439 608 544 672 δεῖται
567 602 690 671 τούτου
714 605 751 670 ἐν
772 615 843 683 τοῖς
865 602 956 691 ἑξῆς.

84 826 100 875 5
514 799 572 865 Ad
595 799 664 865 def.
689 802 740 865 17.

190 926 239 990 12.
287 918 357 988 Οὐκ
385 929 419 988 εί
441 946 491 1000 τις
518 918 583 1008 ἄρα
612 919 802 1007 διάμετρος,
835 916 921 1008 αὕτη
952 925 1017 991 καὶ
1051 923 1146 1007 ἄξων.

120 1026 334 1096 ἀποδέδωκεν
357 1028 421 1113 γὰρ
444 1023 489 1095 ἂν
511 1025 592 1095 αὐτὸ
613 1025 679 1095 σὺν
701 1030 746 1115 τῷ
770 1023 866 1107 ἄξονι
889 1026 908 1094 δ
934 1033 1147 1118 γεωμέτρης·

121 1131 193 1201 ἀλλ’
215 1141 318 1212 εἴτις
340 1130 446 1219 ἄξων,
475 1124 574 1213 οὗτος
595 1134 650 1201 καί
675 1131 858 1219 διάμετρος.
904 1130 1050 1223 οὐγὰρ
1075 1138 1146 1224 περὶ

121 1245 233 1307 πᾶσαν
257 1239 436 1326 διάμετρον
459 1253 599 1307 κινεῖται
623 1252 758 1326 σφαῖρα.

71 1460 103 1510 10
517 1436 573 1501 Ad
597 1436 666 1502 def.
692 1438 743 1503 18.

193 1561 243 1624 13.
280 1558 418 1624 Γένεσιν
445 1558 501 1625 καὶ
529 1560 680 1626 ἐνταῦθα
704 1558 847 1644 ὡρίσατο
870 1555 990 1624 κώνου
1021 1560 1084 1628 καὶ
1108 1558 1146 1628 οὐ

122 1662 258 1749 παντός,
281 1660 366 1730 ἀλλὰ
387 1668 449 1731 τοῦ
468 1668 671 1750 ίσοσκελοῦς,
696 1661 714 1732 ὀ
734 1664 771 1732 δὲ
788 1660 1018 1743 Ἀπολλώνιος
1037 1670 1149 1746 καλῶς

124 1765 269 1855 ὡρίσατο
296 1769 349 1836 έκί
377 1771 480 1838 πλέον
511 1767 573 1856 τὴν
601 1771 742 1854 γένεσιν.
792 1772 916 1854 διαιρεῖ
943 1769 982 1836 δὲ
1020 1769 1149 1852 αὐτοὺς

125 1877 172 1953 είς
196 1880 377 1957 ίσοσκελεῑς
403 1880 458 1945 καὶ
488 1876 729 1960 ἁνισοσκελεϊς,
762 1871 780 1943 δ
810 1873 848 1942 δὲ
866 1872 1081 1966 Ἀρχιμήδης
1105 1884 1149 1959 είς

72 2006 105 2056 15
125 1977 360 2068 ὀρθογωνίονς
389 1983 444 2051 καὶ
472 1980 679 2069 ὀξυγωνίονς
704 1982 760 2049 καί
788 1978 1057 2066 ὀμβλνγωνίους
1087 1987 1149 2074 τὴν

124 2086 273 2176 πλευρὰν
300 2086 383 2176 πρὸς
405 2087 467 2176 τὴν
495 2090 595 2173 βάσιν
623 2093 822 2176 συγκρίνων.
867 2088 974 2171 δῆλον
1006 2091 1068 2177 δέ,
1099 2091 1149 2160 ὀιι

125 2195 162 2260 έν
185 2193 276 2282 κνίσῃ
299 2200 406 2284 γωνίᾳ
429 2195 590 2280 σκαληνοί
613 2192 701 2263 εἶναι
720 2191 882 2262 δύνανται
906 2193 942 2259 οἱ
961 2202 1090 2283 κῶνοι,
1115 2201 1149 2266 έν

126 2297 164 2365 δὲ
177 2301 264 2387 μόνῃ
279 2304 319 2389 τῇ
334 2299 426 2390 ὀξείᾳ
441 2305 477 2369 οί
492 2305 683 2387 ίσοσκελεῑς,
708 2300 777 2368 ἐπεὶ
795 2299 850 2366 καὶ
868 2300 937 2364 τῶν
953 2301 1150 2373 ἰσοσκελῶν

125 2403 262 2487 ἑκατέρα
285 2409 354 2472 τῶν
377 2405 460 2492 πρὸς
481 2410 521 2493 τῇ
545 2409 640 2490 βάσει
664 2404 755 2486 ὀξεῖά
778 2407 878 2473 έστιν.

73 2534 107 2583 20
196 2512 246 2577 14.
284 2513 455 2595 Δεικτέον,
480 2508 569 2589 ὅπως
591 2515 683 2578 ἔσται
706 2508 927 2596 ὀρθογώνιος,
950 2507 1034 2595 ἤτοι
1055 2513 1111 2584 ὅτι
1131 2514 1150 2603 ἡ

125 2614 259 2701 κορυφὴ
275 2614 379 2683 αὐτοῦ
394 2614 502 2705 ὀρθῆς
520 2618 589 2684 ἐστι
607 2621 740 2702 γωνίας.
776 2621 901 2683 κείσθω
922 2611 1151 2705 ὀρθογώνιον

125 2719 163 2786 ιό
179 2727 282 2789 ΑΒΓ
300 2727 466 2809 τρίγωνον
490 2719 601 2809 ὀρθὴν
620 2729 697 2809 ἔχον
715 2720 776 2809 τὴν
795 2719 860 2790 ὑπὸ
875 2729 906 2787 Α
912 2726 980 2787 ΒΓ
998 2735 1152 2817 γωνίαν,

127 2834 205 2912 ίσην
229 2826 265 2893 δὲ
284 2831 323 2915 τῇ
339 2837 370 2895 Α
376 2835 404 2895 Β
428 2825 545 2919 εὐθείᾳ
563 2826 625 2914 τὴν
640 2835 711 2897 ΒΓ.
748 2829 844 2914 λέγω,
868 2824 919 2894 ὀιι
938 2823 1033 2917 ὀρθὴ
1056 2839 1151 2904 ἔσται

200 3047 242 3094 11.
262 3040 292 3094 B.
367 3039 486 3094 12.PB.
562 3046 602 3096 13.
622 3039 722 3096 Pvess.
797 3045 838 3094 14.
858 3038 914 3110 ςρ·
933 3038 1047 3113 (εον).
1123 3064 1127 3069 -

127 3168 253 3175 ..—--·--
257 3166 341 3173 ——-

199 3249 224 3298 3.
244 3239 334 3306 οόιως
352 3244 520 3314 πεποίηκεν]
539 3259 595 3298 non
608 3242 699 3312 liquet
716 3243 747 3297 B.
821 3248 845 3298 ⁷.
868 3238 1075 3322 ἀποδέδωκεν]
1097 3269 1150 3308 scr.

128 3333 267 3393 ἀπέδωκε.
341 3334 430 3394 αότόν
448 3338 480 3394 Β.
553 3345 578 3394 8.
601 3340 683 3411 περί]
702 3339 814 3409 scripsi,
834 3334 884 3395 έκί
899 3340 934 3408 Ρ,
954 3323 974 3396 ’έ
991 3340 1025 3398 Β.
1107 3355 1149 3404 13,

126 3403 247 3495 ριδιοός]
266 3405 334 3471 τοός
352 3407 460 3472 κοόνονς
477 3409 508 3464 Β.
589 3417 630 3466 17.
654 3406 793 3466 δύνανται
812 3407 887 3466 εἶναι
905 3409 935 3466 Β.
1020 3420 1069 3473 20.
1089 3415 1148 3493 ὅτι]

121 3500 172 3540 ατε
191 3485 217 3556 β.
294 3489 338 3540 21.
360 3477 436 3555 ὀρθή
457 3477 515 3539 ἔστι
533 3482 624 3551 γωνία
641 3483 668 3552 δ.
733 3484 889 3550 (11.1ὀηᾴ.
958 3479 1027 3554 τήν]
1047 3484 1067 3557 ἡ
1090 3493 1117 3563 β,
