2362 3796
124 140 188 204 122
275 140 432 195 SCHOLIA
450 143 489 194 IN
507 142 781 194 ELEMENTORUM
798 142 936 193 LIBRUM
949 143 972 194 Ι.

123 281 248 349 κύκλον
265 283 321 350 καλ
339 287 468 369 γωνίαν
485 286 593 371 γωνίᾳ
611 277 677 348 ἀπὸ
693 279 821 368 ὁμοίων
836 278 960 368 ὁμοίως
971 282 1136 367 κειμένων

122 390 348 477 περιεχομένη.
387 387 516 456 τούτων
536 389 584 472 δέ,
604 385 656 455 ότι
671 385 712 454 τά
727 390 891 474 δεδομένα
906 395 962 454 ίσα
981 385 1138 474 ἀλλήλοις

123 493 301 579 ἐφαρμόζει
319 492 404 562 ώστε
422 492 510 563 εἶναι
529 493 706 562 συνελόντι
724 493 830 580 φάναι
847 494 910 580 τήν
927 497 1040 560 πᾶσαν
1055 490 1138 561 ἀπό-

123 603 227 681 δειξιν
247 601 284 667 ἐν
300 605 346 692 τῷ
360 600 564 689 θεωρήματι.
595 605 661 686 καί,
681 606 797 687 φησίν,
819 603 887 667 τών
905 599 1138 686 θεωρημάτων

87 705 162 780 ετά
186 703 389 793 ὑποκείμενα
412 704 550 793 περὶτὰ
573 704 799 792 συμπτώματα
823 711 963 792 ζητεῖται
986 703 1044 773 διά
1067 710 1137 774 τών

122 811 368 899 προβλημάτων
392 810 616 899 εὑρίσκεσθαι.
656 812 795 879 καὶτοῦ
818 811 880 898 μὲν
902 810 1137 898 προβλήματος

121 915 184 1002 τῆν
202 916 364 1005 πρότασιν
382 916 492 1005 ἁπλῆν
507 916 594 986 εἶναι
608 918 663 985 καλ
677 920 784 1003 πάσης
798 917 956 1003 ἐντέχυου
970 918 1137 996 συνέσεως

122 1020 305 1110 ἀπροσδεῆ,
327 1028 389 1092 τοῦ
412 1024 450 1092 δέ
472 1024 691 1111 θεωρήματος
713 1022 843 1111 ἐργώδη
866 1023 922 1089 καὶ
940 1027 1066 1110 πολλῆς
1084 1028 1137 1091 δε-

124 1130 249 1213 ομένην
272 1126 441 1216 ἀκριβείας
458 1129 515 1197 καὶ
533 1131 789 1216 ἐπιστημονικής
806 1134 956 1215 κρίσεως,
978 1131 1036 1195 ἵνα
1053 1127 1137 1216 μήτε

71 1260 105 1309 10
122 1233 349 1315 πλεονάζουσα
373 1242 423 1320 είη
447 1233 527 1321 μήτε
551 1237 748 1302 ἐλλείπουσα
770 1237 829 1320 τῆς
856 1231 1032 1320 ἀληθείας,
1059 1230 1135 1301 οἷον

124 1336 165 1423 δῆ
193 1339 249 1405 καὶ
277 1343 377 1407 τοῦτο
410 1340 596 1424 πρώτιστον
624 1337 665 1407 όν
697 1350 766 1408 τῶν
796 1326 1036 1427 θεωρημάτων.
1080 1338 1133 1406 ἐπὶ

122 1443 245 1512 τούτου
280 1449 341 1513 τοῦ
377 1445 595 1533 θεωρήματος
629 1447 685 1513 καλ
721 1459 793 1526 ταῖς
828 1458 958 1526 κοιναῖς
989 1447 1136 1524 ἐννοίαις

124 1549 285 1637 ἐχρήσατο
308 1552 364 1618 καὶ
385 1551 512 1637 τρόπον
535 1550 611 1620 τινὰ
633 1549 671 1619 τό
700 1551 783 1620 αάτδ
809 1558 976 1639 τρίγωνον
1005 1554 1042 1620 ἐν
1067 1555 1137 1619 δια-

124 1655 244 1743 φόροις
257 1657 419 1744 λαμβάνει
433 1658 549 1737 τόποις
565 1666 731 1745 κείμενον.
761 1658 816 1724 καλ
835 1656 900 1744 γάρ
919 1655 940 1743 ή
960 1655 1136 1745 ἐφαρμογῆ

72 1788 105 1837 15
123 1762 179 1829 καλ
198 1760 218 1849 ῆ
238 1762 301 1832 ἀπὸ
322 1764 444 1851 ταύτης
463 1765 577 1851 ίσότης
591 1767 788 1851 δεικνυμένη
803 1763 1014 1833 παντάπασιν
1030 1769 1137 1850 ἔχεται

122 1872 181 1954 τῆς
202 1874 366 1956 αἰσθητῆς
382 1873 438 1938 καὶ
458 1874 621 1958 ἐναργοῦς
638 1867 845 1956 ὑπολήψεως.
881 1866 955 1937 ἀλλ’
973 1866 1063 1954 ὅμως
1079 1869 1137 1936 καὶ

122 1980 277 2062 τοιαύτης
310 1975 414 2063 οὔσης
443 1981 502 2063 τῆς
532 1981 594 2046 τοῦ
630 1975 766 2062 πρώτον
801 1974 1018 2063 θεωρήματος
1051 1970 1136 2040 ἀπο-

123 2084 255 2162 δείξεως
286 2081 421 2161 εἰκότως
451 2081 663 2169 προηγήσατο
699 2079 740 2149 τὰ
779 2081 1011 2169 προβλήματα,
1046 2078 1136 2147 διότι

123 2189 276 2255 καθόλου
298 2185 360 2273 τῆν
383 2190 643 2276 προηγουμένην
665 2190 775 2256 ἐκεῖνα
797 2189 892 2268 τάξιν
916 2194 1041 2274 ἐλαχεν.
1077 2188 1137 2253 καὶ

70 2315 106 2364 20
126 2299 205 2371 ίσως
223 2297 262 2379 τῆ
282 2291 343 2378 μὲν
356 2292 446 2374 τάξει
458 2292 499 2362 τά
513 2293 730 2380 προβλήματα
743 2292 808 2378 πρὸ
822 2297 891 2362 τών
904 2291 1136 2381 θεωρημάτων

124 2399 193 2466 ἐστὶ
215 2399 270 2465 καὶ
294 2397 435 2484 μάλιστα
457 2414 528 2478 τοῖς
550 2397 615 2467 ἀπὸ
639 2403 707 2467 τών
725 2399 799 2487 περὶ
818 2398 858 2466 τὰ
877 2398 1023 2485 αίσθητά
1044 2418 1137 2486 στρε-

124 2505 282 2590 φομένων
305 2509 431 2592 τεχνών
454 2503 641 2592 ἀνάγουσιν
664 2506 717 2572 ἐπὶ
740 2512 899 2592 θεωρίαν.
935 2509 975 2593 τῆ
1000 2504 1038 2572 δὲ
1060 2502 1137 2593 ἀξίᾳ

123 2609 163 2677 τὰ
194 2610 396 2699 θεωρήματα
428 2612 634 2699 προνπάρχει
670 2616 738 2680 τών
770 2611 1026 2698 προβλημάτων.
1079 2610 1137 2678 καλ

124 2722 232 2786 ἔοικεν
259 2715 280 2804 ῆ
309 2715 370 2804 ὅλη
402 2726 600 2805 γεωμετρία,
633 2716 714 2786 καθ’
741 2714 759 2786 δ
788 2718 849 2805 μὲν
878 2716 1037 2786 συνάπτει
1063 2724 1138 2794 ταῖς

69 2843 105 2894 2⁶
123 2831 261 2904 πολλαῖς
283 2825 427 2911 τέχναις,
461 2827 610 2912 ἐνεργεῖν
632 2828 922 2913 προβληματικώς,
949 2821 1028 2891 καθ’
1055 2819 1074 2891 ὃ
1099 2825 1136 2892 δὲ

122 2933 162 3018 τῆ
185 2929 299 3018 πρώτη
324 2932 483 3019 ἐπιστήμη
506 2935 645 3020 γειτνιᾷ,
668 2935 928 3018 θεωρηματικώς
946 2928 1137 3016 ἀνάγεσθαι

122 3032 187 3102 ἀπὸ
211 3039 279 3103 τών
297 3036 543 3124 προβλημάτων
563 3038 616 3105 ἐπὶ
634 3034 673 3104 τά
692 3035 894 3124 θεωρήματα
913 3033 957 3117 ἀς
976 3033 1041 3104 ἀπὸ
1062 3040 1136 3105 δευ-

121 3142 228 3227 τέρων
252 3142 305 3208 ἐπὶ
328 3146 450 3228 πρώτα.
495 3147 630 3229 πρώτον
657 3143 697 3210 δέ
718 3145 808 3210 ἐστιν
838 3144 876 3209 ἐν
898 3154 969 3222 τοῖς
991 3140 1137 3229 προβλή-

122 3265 223 3332 μασιν
245 3245 283 3314 τδ
308 3249 506 3335 ἰσόπλευρον
528 3254 710 3334 τρίγωνον,
734 3251 771 3316 ἐν
795 3242 845 3328 οἷς
867 3251 935 3316 τών
958 3249 1136 3335 τριγώνων

195 3411 217 3460 1.
237 3407 344 3473 γωνίαν
363 3405 463 3480 γωνίᾳ]
484 3404 595 3474 scripsi3
615 3420 651 3476 γ(υ
669 3408 698 3474 Ρ,
719 3423 804 3476 supra
822 3408 885 3462 add.
904 3419 948 3477 γε).
1013 3414 1038 3464 2.
1058 3427 1137 3478 περι·

80 3475 254 3585 ΙΓιγιιμείιγ]
269 3476 379 3548 scripsi,
400 3478 610 3548 περιεχομένων
629 3477 659 3534 Ρ.
733 3485 758 3534 3.
778 3479 868 3532 Locus
889 3482 1044 3549 corruptus.
