2362 3796
93 181 159 246 390
229 182 385 234 SCHOLIA
402 185 441 236 IN
459 184 733 236 ELEMENTORUM
750 184 889 236 LIBRUM
902 183 976 237 VIII.

93 323 208 406 ὁσάκις
229 325 263 393 οί
279 332 322 411 A,
337 332 365 392 B
384 328 543 412 μετροῦσι
561 323 641 404 τοὺς
657 331 703 411 Η,
722 331 762 410 Θ,
785 328 944 392 τοσαῦται
962 321 1109 411 μονάδες

93 432 179 500 είσὶν
203 433 240 500 ἐν
263 436 309 522 τῷ
332 440 369 502 Γ.

162 544 189 607 7.
215 539 283 608 Διά
298 539 337 609 τά
354 538 439 610 αὐτά
459 541 501 630 δὴ
520 542 576 611 καὶ
594 542 612 611 6
628 548 660 610 Γ
674 541 735 611 τὸν
749 544 780 620 Ξ
796 553 909 631 μετρεῖ
925 567 955 628 p.
969 542 1045 630 280,
1065 541 1109 606 22

95 684 133 694 -
163 649 243 731 282,
278 653 315 732 1]
354 659 424 729 πῶς
456 647 513 717 διά
545 648 585 717 τά
620 648 721 730 αὐτάς
767 645 789 736 ἡ
822 652 896 718 ἐπεί
924 649 993 716 ἐστι
1024 643 1109 714 κοινά

57 748 154 837 οτὴν
177 749 346 821 ὑπόθεσιν
369 751 415 833 ὡς
437 754 456 821 6
481 759 514 822 Γ
533 755 617 844 πρὸς
639 754 699 824 τὸν
723 762 770 842 A,
800 752 906 835 οὕτως
928 751 946 821 6
970 754 1000 830 Ξ
1024 750 1111 840 πρὸς

91 857 151 926 τὸν
175 865 222 928 Μ.
268 860 325 926 κοιλ
353 859 494 941 ἐναλλάξ
523 858 589 948 άροι
616 863 672 929 καὶ
701 862 746 941 ὡς
774 858 792 930 6
816 866 849 928 Γ
875 858 958 950 πρὸς
985 883 1046 928 τον
1070 860 1108 944 Ξ,

93 964 160 1033 6A
178 963 262 1055 πρὸς
278 967 339 1034 τὸν
354 973 402 1035 M.
439 964 522 1035 άλλά
542 966 609 1055 μὴν
629 970 665 1036 οἱ
679 973 716 1050 Γ,
737 975 770 1035 A
788 966 964 1056 ἐλάχιστοι.
996 976 1112 1054 μετρεῖ

91 1068 157 1159 άροι
181 1098 199 1139 ο
224 1071 309 1140 Γ
275 1097 381 1142 τον
358 1075 394 1152 Ε.

160 1183 189 1246 8.
226 1177 333 1246 Καὶ
319 1207 337 1248 ο
361 1180 445 1248 K''
423 1207 489 1308 μρα
511 1179 573 1249 τόν
595 1187 630 1247 Σ
654 1194 768 1270 μετρεῖ
792 1207 824 1268 p.
848 1182 926 1266 284,
953 1123 1010 1262 14]
1037 1179 1112 1246 ἐπεί

41 1305 73 1355 10
92 1284 229 1351 ίστιν“
207 1312 252 1364 ως
276 1285 293 1352 6
318 1291 351 1353 Γ
373 1285 457 1369 πρὸς
479 1285 539 1355 τὸν
563 1296 611 1373 A,
641 1284 747 1367 οὕτως
775 1283 793 1355 6
818 1293 849 1352 P
871 1284 954 1374 πρὸς
980 1282 1040 1353 τὸν
1065 1289 1107 1369 Σ,

93 1386 137 1468 ὡς
160 1387 236 1456 δὲ’
222 1416 240 1457 ο
259 1396 292 1458 Γ
310 1389 394 1479 πρὸς
415 1418 477 1460 τον
499 1400 542 1479 A,
566 1393 672 1474 οὕτως
695 1391 713 1462 6
734 1399 769 1460 H
790 1391 875 1481 πρὸς
897 1389 958 1460 τὸν
980 1396 1028 1476 K,
1051 1389 1109 1457 κοιλ

93 1492 137 1575 ὡς
164 1494 230 1581 άρν
260 1494 277 1564 6
302 1504 343 1564 H
367 1497 450 1584 πρὸς
477 1498 538 1568 τὸν
560 1508 606 1586 K,
640 1497 746 1578 οὕτως
774 1496 792 1566 6
816 1505 847 1564 P
873 1522 955 1586 προς
982 1494 1043 1564 τὸν
1066 1502 1107 1563 Σ.

91 1602 147 1669 καὶ
175 1602 317 1684 ἐναλλάξ
345 1602 411 1693 άροι
444 1603 488 1686 ὡς
516 1602 534 1673 6
563 1612 601 1673 H
630 1603 713 1693 πρὸς
739 1603 800 1673 τὸν
824 1611 865 1689 P,
898 1600 1004 1682 οὕτως
1031 1598 1050 1669 6
1075 1608 1110 1668 K

92 1708 175 1794 πρὸς
198 1708 259 1777 τὸν
283 1716 323 1778 Σ.
369 1725 483 1798 μετρεῖ
508 1711 546 1779 δὲ
575 1719 656 1780 οΗ
682 1710 744 1780 τὸν
770 1719 811 1778 Ρ·
848 1711 905 1777 κοιλ
933 1706 951 1776 6
975 1714 1011 1775 K
1040 1708 1109 1796 άροι

41 1835 72 1882 15
92 1814 152 1882 τὸν
175 1821 210 1881 Σ
231 1815 393 1904 μετρήσει.

476 1980 533 2044 Ad
555 2002 659 2065 prop.
682 1979 722 2046 V.

159 2100 189 2164 9.
215 2099 259 2163 Οί
272 2098 419 2164 ἐπίπεδοι
436 2095 577 2183 άριθμοῖ
591 2096 675 2185 πρὸς
689 2096 855 2183 ἀλλήλους
869 2097 973 2185 λόγον
992 2103 1107 2186 ἔχουσι

91 2199 151 2268 τὸν
167 2207 386 2287 συγκείμενον
397 2203 509 2270 ἐκτῶν
519 2207 687 2291 πλευρῶν·
703 2196 777 2272 οἷον
793 2208 906 2290 ἔχουσι
917 2207 954 2272 τί
965 2204 1107 2291 πλευραὶ

91 2305 151 2374 τὸν
176 2309 355 2375 διπλάσιον
378 2309 433 2375 καὶ
456 2307 516 2376 τὸν
539 2306 713 2396 ἡμιόλιον,
742 2313 775 2391 ἐξ
798 2307 911 2378 αὐτῶν
935 2310 973 2378 δὲ
997 2308 1015 2379 6
1038 2337 1107 2398 τρι-

39 2436 73 2483 20
92 2411 232 2491 πλάσιος
256 2414 434 2499 σύγκειται.
471 2418 506 2482 οῖ
527 2417 677 2483 ἐπίπεδοι
702 2414 767 2503 άροι
791 2422 903 2504 ἔχουσι
922 2415 1026 2503 λόγον
1044 2416 1107 2486 τὸν

94 2524 313 2604 συγκείμενον
338 2522 463 2589 ἐκτῶν
487 2526 649 2610 πλευρῶν.

162 2628 213 2694 10.
251 2626 425 2714 Μίδοδος,
448 2631 517 2707 πῶς
536 2632 590 2696 δεῖ
606 2634 782 2717 ευρίσκειν,
802 2626 852 2697 ὅτι
871 2630 907 2696 ἐκ
927 2633 1106 2697 διπλασίου

92 2730 148 2798 καὶ
170 2727 328 2818 ἡμιολίου
352 2733 520 2821 σύγκειται
544 2733 562 2802 6
585 2734 780 2824 τριπλάσιος
801 2735 909 2821 λόγος.

161 2841 198 2904 αῖ
222 2843 290 2907 τῶν
319 2840 430 2926 λόγων
457 2839 671 2928 πηλικότητες
696 2839 762 2908 άπὸ
784 2845 853 2908 τῶν
876 2840 1105 2928 πρωτοτάπων

39 2967 73 3014 25
93 2941 253 3032 άριδμῶν
275 2943 579 3033 πνρονομάζοντοιι,
608 2939 682 3014 οἷον
711 2943 755 3025 ὡς
784 2948 932 3014 ἐνταῦθα
955 2943 1020 3014 άπὸ
1043 2949 1107 3014 τοῦ

94 3048 156 3117 δύο
177 3048 195 3117 6
217 3051 390 3132 διπλάσιος
413 3053 469 3119 κοιλ
491 3048 556 3119 άπὸ
574 3055 634 3119 τοῦ
654 3055 691 3120 ἓν
709 3053 765 3120 καὶ
783 3050 887 3139 ἡμισν
906 3050 924 3120 6
943 3050 1106 3140 ἡμιόλιος.

237 3233 250 3262 ⁸
324 3271 329 3282 .
403 3227 612 3298 8.V⁸Aq(b⁸)
687 3228 778 3286 9..V⁴
853 3235 893 3287 10.
914 3227 1069 3300 A(Coisl.)

166 3393 189 3442 1.
211 3392 246 3458 H,
263 3389 300 3460 Θ]
320 3405 418 3444 eeorr.
434 3388 469 3442 V.
530 3394 571 3445 10.
592 3384 682 3476 ἔστιν]
702 3385 874 3444 ἐστικαίΔ.
939 3393 979 3443 11.
1001 3381 1105 3460 ουτως]

165 3456 195 3513 V.
286 3464 329 3517 13
350 3459 417 3534 καί]
437 3476 490 3517 om.
510 3459 543 3514 A.
620 3454 728 3531 αρα]
709 3479 765 3528 αροι
780 3455 855 3514 ἐστίν
874 3458 908 3513 V.
996 3464 1038 3512 15.
1058 3478 1109 3528 με·

142 3528 189 3604 ει]
206 3548 262 3590 om
287 3532 321 3592 V
580 3578 583 3583 .
