2362 3796
224 167 379 218 SOHOLIA
398 167 435 216 IN
455 165 728 217 ELEMENTOBUM
745 166 884 216 LIBRUM
897 167 929 217 X.
1021 161 1085 225 509

72 307 91 377 ὁ
108 315 174 376 AB
194 304 212 374 ὁ
231 303 418 393 ἡγούμενος
436 307 520 392 πρὸς
538 302 600 390 τὴν
619 304 789 391 ὑπεροχὴν
807 307 875 372 τῶν
891 311 964 372 ΒΖ·
987 301 1087 391 ὑπερ-

72 414 134 503 οχὴ
158 412 223 501 γάρ
248 415 350 497 ἐστιν,
374 408 421 492 ῶς
443 419 581 498 είρηται,
604 411 659 477 καὶ
681 407 703 496 ἡ
727 417 788 477 ΒΖ
812 410 867 476 καί
891 407 909 476 ὁ
935 417 1010 477 ΔΕ.

140 524 215 589 208.
256 517 301 586 Τὸ
322 515 387 585 ἀπὸ
407 521 465 604 τῆς
479 525 545 585 ΑΒ
569 525 645 585 ίσον
663 528 733 596 τοῖς
756 513 821 583 ἀπὸ
839 520 908 583 τῶν
928 522 1004 601 ΑΖ,
1024 522 1085 582 ΖΒ

73 630 172 715 p.88‚
192 629 247 710 13]
273 623 386 692 διὰτὸ
410 621 521 712 ὀρθὴν
545 620 631 691 εἶναι
653 621 717 708 τὴν
739 618 805 690 ὑπὸ
825 628 923 689 ΑΖΒ
946 626 1085 706 γωνίαν’

74 742 178 800 πᾶσαι
210 734 276 816 γὰρ
308 733 346 797 αί
377 733 413 798 ἐν
441 727 625 821 ἡμικυκλίῳ
657 733 777 815 γωνίαι
807 725 909 815 ὀρθαὶ
941 733 1086 796 ἔσονται·
1123 751 1139 800 5

75 837 131 905 καὶ
155 837 225 906 ἐπεὶ
239 829 423 922 1δέδεικται,
448 833 499 904 ὅτι
523 838 559 904 ἐν
581 848 651 914 τοῖς
670 831 894 921 ὀρθογωνίοις
910 833 1086 921 τριγώνοις

75 946 113 1013 τὸ
139 940 204 1010 ἀπὸ
227 941 292 1029 τῆς
306 946 371 1029 τὴν
394 938 509 1028 ὀρθὴν
531 947 660 1028 γωνίαν
682 938 924 1025 ὑποτεινούσης
941 944 1087 1025 πλευρᾶς

76 1057 152 1117 ίσον
171 1048 241 1116 ἐστὶ
258 1061 330 1126 τοῖς
348 1044 413 1115 ιἰπό
433 1051 501 1116 τῶν
515 1050 578 1134 τὴν
593 1044 705 1132 ὀρθὴν
718 1051 847 1132 γωνίαν
861 1049 1086 1134 περιεχουσῶν

74 1157 246 1242 πλευρῶν,
278 1154 334 1220 καὶ
363 1152 419 1220 διὰ
446 1157 545 1221 τοῦτο
573 1155 611 1221 τὸ
641 1150 706 1220 ἀπὸ
734 1156 793 1236 τῆς
815 1159 881 1219 ΑΒ
914 1160 989 1218 ίσον
1017 1152 1086 1220 ἐστὶ

74 1273 145 1339 τοῖς
167 1256 233 1327 ιἰπὸ
258 1269 327 1328 τῶν
349 1265 426 1344 ΑΖ,
451 1266 524 1326 ΖΒ·
554 1256 635 1346 ὅπερ
659 1263 726 1326 ἔδει
750 1260 897 1346 δεῖξαι.1)
1107 1283 1140 1330 10

425 1454 483 1518 Ad
506 1477 612 1540 prop.
634 1454 736 1520 XXX.

144 1580 218 1645 209.
246 1575 354 1644 Ἔστω
375 1576 456 1662 ῥητὴ
476 1575 496 1661 ἡ
513 1586 545 1644 A
551 1580 727 1664 Βμοιρῶν
746 1582 766 1643 i
789 1577 843 1643 καὶ
857 1574 881 1644 ,ὁ
896 1581 958 1644 ΓΔ
975 1575 1088 1662 τετρά·

76 1709 186 1770 γωνος
213 1686 341 1770 μοιρῶν
369 1685 433 1768 μθ,
467 1679 485 1748 ὁ
515 1681 552 1749 δὲ
575 1689 645 1750 ΔΕ
670 1687 799 1768 μοιρῶν
826 1688 881 1768 ίξ,
915 1684 998 1750 ῶστε
1025 1684 1088 1768 τὴν

77 1787 247 1876 ὑπεροχὴν
270 1787 330 1855 τὸν
353 1792 418 1855 ΓΕ
439 1785 526 1855 εἶναι
551 1793 680 1873 μοιρῶν
704 1792 747 1874 ιγ.
782 1788 837 1855 καὶ
861 1788 1023 1874 γεγονέτω
1044 1786 1089 1865 ὥς

78 1892 96 1963 ὁ
120 1886 183 1984 pff
197 1894 281 1983 πρὸς
305 1889 353 1980 ι’γῗ,
387 1892 493 1973 οὕτως
519 1893 557 1962 τὸ
586 1892 652 1962 ἀπὸ
680 1899 738 1980 τῆς
760 1902 826 1962 AB
855 1892 927 1979 ἤτοι
955 1897 992 1961 τὸ
1021 1890 1085 1960 ιἰπό
1108 1917 1141 1966 15

76 2007 179 2070 τοῦῑι
206 2000 280 2086 ἤτοι
307 1999 345 2068 τὸ
368 2011 392 2068 p
418 2003 501 2088 πρὸς
528 1999 590 2086 τὴν
614 2008 686 2068 ΑΖ.
737 2001 1088 2080 πολυπίασιασθέντος

77 2112 139 2176 τοῦ
162 2114 196 2192 ιγ
221 2105 304 2192 πρὸς
327 2109 387 2173 τὸν
410 2117 433 2172 fi
460 2107 516 2174 καὶ
538 2108 813 2194 παραβίηθέντος
838 2106 923 2194 πρὸς
944 2105 1005 2174 τὸν
1026 2112 1088 2193 μθ,

77 2214 132 2279 ναὶ
159 2212 332 2297 γενήσεται
359 2210 397 2278 τὸ
426 2210 491 2279 τἰπὸ
514 2217 573 2299 τῆς
596 2219 660 2279 ΑΖ
689 2217 817 2298 μοιρῶν
840 2217 882 2300 p}
900 2205 920 2293 ξ
932 2218 952 2279 {c
971 2218 1017 2299 μῆ
1034 2216 1088 2300 ιῶγ,

79 2316 99 2402 ἡ
133 2316 171 2384 δὲ
201 2315 328 2402 πλευρὰ
349 2320 421 2385 τοῦ
453 2324 495 2405 ρ“ς
519 2310 540 2399 ξ
555 2324 576 2386 ῖι
599 2325 644 2405 ᾖ
666 2325 711 2405 νῇ
742 2317 816 2406 ἤτοι
849 2318 868 2406 ἡ
897 2327 964 2387 ΑΖ
997 2325 1088 2389 ἔσται

153 2529 178 2596 1)
204 2527 237 2581 In
255 2527 445 2584 PFBVat.V0
464 2546 521 2599 seq.
541 2532 689 2599 lemmap.
705 2535 757 2586 388
776 2547 840 2617 app.
857 2537 890 2586 10
909 2532 962 2601 (εἰς
980 2530 1012 2587 τὸ
1031 2533 1086 2588 ια’

78 2596 181 2662 FVat„
200 2602 240 2653 κθ
254 2604 284 2654 eb
297 2602 428 2670 κείμενον
442 2601 473 2665 Β,
491 2602 587 2671 λῆμμα
605 2599 659 2669 πρὸ
680 2602 730 2656 τοῦ
745 2606 786 2656 αθ
813 2609 940 2670 m.rec.).
968 2603 1074 2658 ’ἰδέαν

80 2669 147 2722 δέον
163 2666 230 2722 ἔστω
245 2669 274 2736 F,
294 2668 360 2724 δέον
376 2665 438 2725 ἐστί
448 2670 608 2726 PBVat.V.
647 2679 670 2726 8.
691 2669 740 2742 ὡς]
760 2688 813 2726 om.
830 2671 988 2727 PFVat-.V.
1025 2674 1074 2727 τόν

78 2739 143 2808 (pr.)
159 2754 227 2793 corr.
243 2755 277 2793 ex
290 2738 323 2794 τὸ
337 2744 524 2810 προκείμενον
543 2743 572 2795 F.
611 2749 635 2796 9.
655 2740 699 2812 τό]
715 2758 769 2796 om.
784 2740 871 2796 PFV.
910 2739 967 2797 ἀπό
983 2760 1088 2798 omnes.

81 2817 122 2863 11.
147 2808 216 2863 ἔστω
237 2827 340 2865 omnes,
384 2819 424 2867 12.
447 2809 514 2882 τόν]
539 2810 570 2865 τό
590 2812 708 2866 PFVat.
751 2813 789 2883 B]
815 2817 836 2865 B
856 2806 944 2874 οὕτως
968 2812 1087 2867 FBVat.

82 2886 122 2934 16.
143 2875 192 2951 ὡς]
212 2880 260 2933 καί
279 2875 315 2941 ῶς
334 2897 437 2936 omnes.
477 2888 516 2936 17.
537 2880 598 2952 τόν]
619 2878 651 2936 τό
669 2883 701 2937 V.
740 2883 771 2936 In
789 2881 844 2936 fine
864 2882 925 2936 add.
945 2879 1013 2951 ὅπερ
1030 2881 1089 2937 ἔδει

80 2951 172 3016 δεῖξαι
192 2949 321 3016 FBVat.,
340 2943 409 3021 ὅπερ
429 2950 488 3005 ἔδει
507 2953 622 3020 ποιῆσαι
641 2951 701 3006 PV.

152 3150 213 3200 νον.
233 3145 341 3214 Βρω).
415 3152 475 3201 νον.
495 3143 543 3201 Vb.

153 3336 407 3412 1.ὁΑΒ]ἡΑΒ
426 3343 459 3399 V.
534 3338 647 3426 5]0m.
667 3360 692 3412 q.
765 3343 833 3415 τῶν]
860 3340 988 3398 ενατόν.
1063 3349 1088 3400 5.

80 3407 124 3483 ἐν]
145 3406 192 3466 ἕνί
207 3413 236 3466 Β.
329 3419 370 3468 16.
393 3414 458 3486 τήν]
478 3431 527 3469 sor.
547 3432 578 3467 το
598 3410 655 3468 ἀπὸ
676 3414 732 3482 τῆς.
824 3418 958 3470 ποίίνπί.
974 3414 1021 3479 V„
1040 3417 1101 3465 mk

81 3517 150 3554 corr.
226 3506 265 3555 18.
285 3488 345 3574 Ei]
366 3519 381 3558 ε
400 3520 468 3560 corr.
489 3502 523 3558 V.
