2362 3796
243 144 399 197 scnom
416 147 456 199 m
473 147 749 198 οτοκευεοιιυιι
766 150 905 201 mmm
918 150 940 204 1.
1028 145 1094 211 203

75 283 121 353 δὲ
138 284 251 353 ἐκεῖνα
268 288 337 353 τῶν
350 284 706 374 παραλληλογράμμων
722 289 797 374 περὶ
815 287 878 374 τὴν
898 284 1004 376 αὐτὴν
1024 287 1093 355 διά-

74 414 215 479 μετρον,
238 387 301 459 ὅσα
324 393 424 478 μέρος
445 394 504 477 τῆς
527 388 607 476 ὅλης
625 392 805 479 διαμέτρου
822 394 878 461 καὶ
896 391 1008 462 αὑτῶν
1028 399 1093 481 ἔχει

74 498 271 586 διάμετρον,
295 492 359 564 ὅσα
382 495 420 564 δέ
442 495 498 584 μή,
523 494 573 566 οὕ.
611 494 693 566 ὅταν
716 496 781 586 γὰρ
799 495 820 585 ἡ
838 502 900 567 τοῦ
919 497 1002 567 ὅλου
1022 499 1092 567 διά·

72 626 199 691 μετρος
219 606 289 672 τῶν
305 607 460 692 πλευρῶν
478 628 556 671 τινα
573 605 675 692 τέμνη
694 608 756 671 τοῦ
775 603 870 683 ἐντὸς
888 612 1093 692 παραλληλο-

550 781 629 837 1¹..
609 712 777 797 γράμμου,
787 709 862 778 τότε
873 709 935 777 οὐκ
946 715 1091 802 έστιντῷ
1129 741 1144 790 5

76 792 112 850 Α
278 827 537 988 ⁷
609 814 677 906 ὅλῳ
701 821 801 885 τοῦτο
823 815 862 885 τὸ
886 816 1094 905 παραλληλό-

383 835 631 1039 Aer
609 948 774 1053 γραμμον
800 924 876 1011 περὶ
912 922 1093 1010 διάμετρον

550 982 671 1115 Θτὴν
690 1027 806 1115 αὐτήν.
839 1023 957 1096 οἷον
934 1056 979 1109 υς
996 1031 1091 1096 έν
1046 1055 1091 1118 τῳ

548 1141 675 1260 BAB
706 1134 1040 1225 παραλληλογράμμῳ
1069 1132 1090 1221 ἡ

548 1205 641 1308 Ι
638 1250 671 1307 Δ
697 1244 809 1328 τέμνει
836 1245 897 1309 τοῦ
919 1247 984 1309 ΓΕ
1009 1266 1090 1329 παρ·
1111 1271 1145 1321 10

72 1345 415 1435 αλληλογράμμου
381 1372 443 1432 την
462 1353 526 1413 ΕΘ
544 1346 702 1434 πλευράν.
738 1345 776 1415 τὸ
797 1341 859 1416 οὖν
879 1354 947 1415 ΕΓ
963 1358 1009 1438 τῷ
1029 1352 1091 1414 ΓΛ

71 1451 153 1540 περὶ
175 1450 238 1538 τὴν
261 1449 431 1538 αὐτὴν’
392 1478 455 1521 ουκ
478 1457 569 1520 έοτιν
593 1452 782 1540 διάμετρον.

147 1560 219 1626 137.
252 1565 331 1627 Εἴτε
353 1555 394 1625 τά
417 1556 746 1645 παραλληλόγραμμα
770 1558 948 1645 ἐφάπτεται
970 1558 1089 1645 μόνον,

74 1659 124 1742 ὡς
146 1666 271 1744 ἔδειξεν
294 1661 313 1732 ὁ
338 1663 563 1750 στοιχειωτές,
590 1672 654 1732 εἴτε
676 1663 732 1731 καὶ
755 1666 927 1749 διέστηκεν
950 1661 1006 1729 ἀπ’
1034 1660 1089 1731 ἄλ-

74 1768 204 1855 λήλυν,
237 1776 303 1836 εἴτε
334 1770 390 1838 καὶ
417 1772 527 1856 τέμνει
555 1767 697 1854 άλληλα,
730 1765 767 1835 τὸ
800 1765 881 1836 αὐτὸ
911 1772 1089 1836 δείκνυται.
1109 1798 1142 1847 15

73 1870 114 1941 τὸ
146 1873 185 1942 δὲ
218 1872 327 1961 ὄνομα
357 1879 426 1944 τῶν
458 1872 778 1961 παραπληρωμάτωυ
810 1872 867 1940 ἀπ’
893 1872 999 1940 αὐτοῦ
1028 1877 1090 1940 τοῦ

72 1980 268 2069 πράγματος
290 1986 408 2069 ἔλαβεν
433 1980 451 2050 ὁ
476 1978 686 2068 στοιχειωτης
710 1977 755 2059 ὡς
777 1978 980 2047 καὶτούτων
1000 1978 1089 2066 παρά

73 2085 124 2155 τά·
141 2086 205 2155 δύο
228 2089 556 2175 παραλληλόγραμμα
580 2084 868 2174 συμπληροάντων
891 2081 929 2153 τὸ
954 2085 1044 2154 ὅλον.

86 1196 118 1257 Δ

423 2356 479 2421 Ad
501 2376 606 2439 prop.
629 2354 744 2421 XLIV.

148 2477 218 2544 138.
244 2473 324 2544 Ὑπὸ
348 2481 417 2545 τῶν
441 2480 593 2544 παλαιῶν
616 2473 771 2565 εὑρόντες
795 2479 830 2543 οἱ
849 2475 1006 2563 νεώτεροι
1024 2473 1087 2561 τὴν
1106 2500 1140 2550 20

75 2579 272 2667 παραβολὴν
285 2582 341 2649 καὶ
354 2579 416 2668 τὴν
431 2587 579 2664 ἔλλειψιν
594 2583 824 2668 έκτεθειμένας
834 2579 897 2649 άπὸ
907 2581 1037 2650 τούτων
1046 2577 1087 2647 τά

73 2682 225 2771 ὀνόματα
242 2687 430 2774 μετήγαγον
445 2687 498 2756 ἐπὶ
511 2685 570 2767 τάς
585 2684 729 2766 κωνικάς
742 2688 922 2772 λεγομένας
934 2683 1087 2772 γραμμὰς

71 2791 130 2859 καὶ
147 2789 209 2878 τὴν
229 2790 291 2879 μὲν
308 2790 517 2879 παραβολήν,
540 2789 602 2876 τὴν
621 2791 659 2859 δέ
679 2789 882 2877 ὑπερβολήν,
900 2787 962 2875 τὴν
982 2789 1019 2856 δὲ
1038 2794 1087 2856 ἔλ-

71 2904 186 2978 λειψιν
201 2897 372 2966 ἐκάλεσαν.
399 2898 558 2984 ὅτανγὰρ
574 2895 709 2975 εὐθείας
723 2897 911 2982 ἐκκειμένης
927 2892 964 2961 τὸ
980 2893 1087 2963 δοθὲν

71 3007 200 3091 χωρίον
222 3003 311 3092 πάση
334 3015 374 3094 τῇ
399 3002 517 3093 εὐθείᾳ
541 3008 859 3088 συμπαρατείνηται,
885 3001 960 3068 τότε
982 3023 1086 3086 παρα-
1105 3027 1139 3076 25

71 3108 212 3195 βάλλειν
231 3113 338 3179 ἐκεῖνο
357 3109 395 3178 τὸ
413 3114 539 3198 χωρίον
558 3109 679 3195 φαμέν,
700 3105 754 3174 ὅτε
773 3104 810 3174 δὲ
829 3112 940 3193 μεῖζον
953 3111 1086 3191 γίνηται

147 3309 207 3358 137.
226 3302 388 3370 ΡΒΠελη
409 3298 497 3366 εἰςτὸ
517 3323 553 3373 μγ
561 3299 679 3358 ’.Πολ
752 3306 811 3357 138.
830 3300 871 3355 V⁵
885 3301 949 3372 (fq)

104 3518 108 3525 ·
147 3485 188 3536 15.
208 3477 358 3535 δεικνύναι
376 3478 467 3534 Πολ.
