2362 3796
206 155 364 207 SOHOLIA
382 157 421 207 IN
439 156 715 208 ELEMENTORUM
732 154 873 206 LIBRUM
886 156 947 210 XII.
1021 152 1086 217 629

73 293 289 379 πολύγωνον,
316 294 404 374 ὕψος
427 293 464 361 δὲ
486 293 524 362 τὸ
548 291 630 362 αὐτὸ
653 297 699 384 τῷ
723 293 836 384 κώνῳ,
860 292 973 379 μεῖζόν
997 297 1087 361 ἐστιν

73 397 94 486 ἢ
112 399 310 488 τριπλάσιον
328 403 389 468 τοῦ
407 398 520 467 κώνου
533 403 595 467 τοῦ
609 399 711 485 βάσιν
726 404 860 486 ἔχοντος
877 398 937 468 τὸν
952 404 1088 468 ΑΒΓΔ

72 505 213 591 κύκλον,
236 503 323 586 ὕψος
347 506 384 574 δὲ
409 513 499 591 ἴσον,
529 503 614 575 άλλδι
637 503 674 574 τὸ
698 512 839 592 πρίσμα,
864 497 906 573 οὕ
929 504 1027 591 βάσις
1048 531 1086 573 το

72 617 351 680 ΑΕΒΖΓΗΔΘ
377 613 594 699 πολύγωνον,
625 609 712 695 ὕψος
740 613 778 680 δὲ
805 620 881 680 ίσον
908 616 954 703 τῷ
978 611 1087 702 κώνῳ,

72 715 271 804 τριπλάσιόν
285 720 355 786 ἐστι
368 723 555 808 πυραμίδος
568 722 628 804 τῆς
640 716 703 805 τὴν
718 716 824 804 αὐτὴν
834 717 936 804 βάσιν
949 719 1088 804 ἐχούσης
1124 738 1140 788 5

72 827 118 915 τῷ
143 828 314 912 πρίσματι·
338 829 437 894 τοῦτο
456 826 522 913 γὰρ
542 826 707 893 δέδεικται
730 828 830 916 ἐντῷ
852 824 879 906 ζ’
894 825 1088 911 θεωρήματι

73 933 135 998 τοῦ
159 928 263 998 αύτοῦ
286 937 433 1018 βιβλίον·
466 933 521 1001 καὶ
545 930 566 1019 ἡ
589 931 736 1020 πυραμὶς
758 928 840 1019 άρα,
868 923 907 1018 ἦς
929 932 1028 1017 βάσις
1049 943 1087 997 το

74 1042 353 1106 ΑΕΒΖΓΗΔΘ
380 1037 596 1124 πολύγωνον,
624 1037 711 1119 ὕψος
739 1037 776 1105 δὲ
804 1047 879 1105 ἴσον
907 1047 952 1127 τῳ
978 1035 1088 1127 κώνῳ,

74 1141 186 1229 μεῖζόν
211 1144 279 1210 ἐστι
302 1147 364 1212 τοῦ
385 1143 499 1212 κώνου
520 1147 582 1213 τοῦ
604 1142 706 1229 βάσιν
725 1147 860 1229 ἔχοντος
877 1142 937 1211 τὸν
955 1148 1089 1210 ΑΒΓΔ

72 1247 199 1316 κύκλον
222 1249 277 1315 καὶ
300 1250 388 1330 ὕψος
405 1247 442 1318 τὸ
462 1247 558 1318 αύτύ·
583 1249 664 1337 ὅπερ
684 1249 774 1317 ἐστὶν
794 1247 976 1317 ἀδύνατον·
1000 1272 1088 1336 περι·
1108 1268 1141 1317 10

76 1357 183 1441 ε’χεται
206 1354 271 1440 γὰρ
295 1352 360 1423 ὕπὸ
384 1364 445 1423 τοῦ
469 1354 590 1423 κώνου.

141 1465 194 1529 40.
228 1457 361 1547 Ἐπειδὴ
384 1458 423 1529 τὸ
446 1458 639 1529 ἀνασταθὲν
666 1465 792 1549 πρίσμα
822 1458 887 1527 άπὸ
916 1461 977 1526 τοῦ
999 1482 1089 1546 περι-

76 1569 264 1654 γραφέντος
285 1568 497 1654 τετραγώνου
525 1568 601 1655 περλ
623 1565 683 1635 τὸν
705 1566 830 1635 κύκλον
853 1567 996 1633 διπλοῦν
1020 1567 1090 1632 ἐστι

77 1682 139 1739 τοῦ
160 1677 345 1758 πρίσματος
362 1675 422 1739 τοῦ
442 1671 692 1752 ἀνασταθέντος
710 1671 777 1740 άπὸ
791 1675 852 1740 τοῦ
866 1672 1090 1758 ἐγγραφέντος

77 1777 289 1866 τετραγώνου
312 1779 350 1845 ἐν
372 1781 417 1868 τῷ
441 1777 562 1869 κύκλῳ,
587 1782 657 1847 ἔστι
676 1778 714 1846 δὲ
733 1775 751 1847 ὁ
770 1778 951 1865 κύλινδρος
968 1772 1089 1862 μεταξύ
1108 1801 1142 1852 15

74 1887 143 1963 τών
170 1884 333 1951 τοιούτων
363 1885 425 1952 δύο
452 1886 663 1972 πρισμάτων,
696 1888 765 1951 ἔστι
794 1884 834 1951 δέ
836 1935 846 1970 ,
880 1881 925 1962 ὡς
952 1889 1089 1970 είρηται,

79 1988 117 2059 τὸ
151 1995 276 2078 πρίσμα
308 1988 347 2057 τὸ
379 1986 572 2058 ἀνασταθὲν
605 1988 670 2058 ἀπὸ
703 1994 765 2059 τοῦ
791 1987 1002 2075 τετραγώνου
1029 1990 1090 2055 τοῦ

76 2097 302 2183 ἐγγραφέντος
315 2097 353 2163 ἐν
370 2099 416 2186 τῳ
435 2097 546 2186 κύκλῳ
565 2094 669 2183 ἥμισυ
687 2097 749 2163 τοῦ
763 2102 885 2163 λοιποῦ
898 2098 1090 2182 πρίσματος,

76 2199 139 2271 ούκ
168 2198 212 2268 ὕν
240 2210 290 2287 είη
318 2202 375 2269 καλ
402 2206 464 2270 τοῦ
486 2206 670 2290 κυλίνδρου
692 2198 812 2288 ἥμισυ,
846 2197 883 2280 ὃς
908 2199 1090 2286 κύλινδρος

77 2306 222 2375 ἐλάττων
247 2308 315 2374 ἐστὶ
338 2311 400 2375 τοῦ
423 2313 607 2396 πρίσματος
631 2305 675 2387 ώς
697 2304 940 2396 περιεχόμενος.
977 2310 1008 2373 εί
1023 2304 1088 2393 γάρ
1108 2327 1142 2376 20

76 2414 145 2481 ἐστι
168 2413 223 2480 καὶ
246 2416 308 2480 τοῦ
330 2418 515 2501 κυλίνδρου
537 2413 641 2502 ἥμισυ
664 2415 720 2481 καὶ
742 2417 803 2480 τοῦ
821 2419 1014 2501 πρίσματος,
1038 2419 1089 2497 είη

75 2515 119 2586 άν
146 2520 202 2586 καὶ
231 2515 248 2586 ὁ
277 2518 457 2608 κύλινδρος
483 2524 529 2612 τῷ
557 2526 717 2610 πρίσματι
746 2527 826 2600 ίσος.
875 2523 1023 2587 ἔστωσαν
1052 2516 1090 2584 δὲ

75 2624 176 2712 χάριν
198 2627 259 2694 τοῦ
282 2629 414 2713 σαφοῦς
437 2624 501 2694 δύο
524 2632 708 2713 πρίσματα,
730 2625 768 2695 τὸ
793 2625 854 2713 μὲν
878 2628 914 2694 ἓν
938 2626 1053 2693 ποδῶν
1072 2627 1091 2689 ῖ

75 2731 134 2797 καὶ
153 2736 183 2816 ξ,
207 2729 244 2799 τὸ
270 2731 307 2798 δὲ
330 2731 449 2800 λοιπὸν
468 2738 501 2819 ἦ,
524 2733 580 2800 καὶ
604 2733 706 2819 μέσον
730 2730 843 2800 αὐτῶν
868 2728 885 2799 ὁ
909 2729 1091 2814 κύλινδρος

76 2841 194 2905 ποδῶν
212 2837 300 2905 ῖκαὶ
314 2825 349 2923 β
376 2842 492 2923 δῆλον,
516 2834 568 2906 ὅτι
586 2835 623 2906 τὸ
643 2835 811 2906 ὀκτάπουν
831 2841 957 2924 πρίσμα
976 2831 1088 2922 μεῖζόν
1108 2859 1145 2910 25

77 2947 147 3012 ἐστι
175 2947 237 3011 τοῦ
265 2940 402 3030 ἡμίσεος
428 2948 489 3011 τοῦ
517 2948 713 3031 κυλίνδρου·
751 2942 788 3012 τὸ
815 2941 879 3030 γάρ
903 2940 1006 3029 ἥμισυ
1028 2942 1089 3008 τοῦ

74 3053 260 3135 κυλίνδρου
284 3048 428 3131 ἑξάπουν
452 3051 551 3117 ἐστίν.

148 3252 191 3300 ιο.
211 3245 275 3314 τις
289 3243 360 3314 (P¹);
380 3244 416 3299 ad
434 3249 595 3314 p.188‚13.

152 3429 193 3477 16.
214 3420 260 3493 δι’]
278 3419 310 3476 δὲ
330 3423 383 3475 καί
396 3419 430 3475 V.
495 3426 538 3475 20.
556 3419 607 3475 τού
625 3419 792 3491 πρίσματος]
812 3436 866 3474 om.
885 3418 918 3474 V.
981 3422 1025 3472 25.
1044 3413 1098 3484 τύλ

75 3512 131 3550 om.
151 3511 177 3562 q.
