2362 3796
226 128 382 180 οοωοτιι
400 130 439 183 m
456 131 732 183 ωωωωιιατοεωω
749 133 890 184 mmm
904 133 940 184 11.
1027 129 1091 192 241

143 271 196 338 52.
219 266 328 337 Ἔστω
351 267 372 356 ή
393 278 458 338 ΑΒ
482 270 643 356 μονάδων
666 276 691 336 ῐ·
716 270 845 357 ἐτμήθη
870 275 917 351 είς
940 276 960 342 ξ
981 270 1037 338 καὶ
1062 261 1091 337 ὅ.

72 385 134 463 τῆς
152 372 233 462 ὅλης
250 375 462 462 τετράγωνον
476 380 509 463 ρ·
532 379 594 443 τοῦ
612 375 781 462 τμήματος
798 381 844 461 ι’ς,
862 382 922 443 καί
937 380 1024 444 εἰσιν
1038 382 1093 463 (W

73 479 172 568 ὁμοῦ.
216 481 272 548 καὶ
299 481 402 549 πάλιν
424 488 443 548 ῖ
466 482 520 550 ἐπὶ
544 473 611 568 ὅμ
638 474 738 549 καὶὸ
767 481 818 547 ἐπὶ
842 486 913 568 ῖμ·
950 478 1037 568 ὁμοῦ
1055 487 1091 549 i.

72 585 191 656 καὶτὸ
218 584 282 655 άπὸ
311 592 374 656 τοῦ
403 592 524 656 λοιποῦ
550 586 719 674 τμήματος
745 589 956 675 τετράγωνον
983 585 1092 672 ήγουν

73 693 144 761 τών
159 699 179 765 ξ
196 698 349 779 γίνονται
363 700 412 765 λξ.
444 695 500 761 καί
520 691 607 781 ὁμοῦ
625 693 665 761 τά
686 699 714 760 αῖ
727 695 783 761 καὶ
802 698 843 766 λξ
861 700 1012 779 γίνονται
1028 698 1091 778 ριξ.
1128 718 1143 767 fi

143 803 195 869 53.
240 800 348 869 Τοῦτό
381 804 450 868 ἐστι
482 800 520 868 τὸ
556 800 774 887 ζητούμενον,
808 800 860 868 ὅτι
892 796 1010 867 εὐθεῖά
1041 798 1094 879 τις

74 915 252 992 τμηθεῖσα,
277 905 322 986 ὡς
345 912 472 993 ἔτυχεν,
498 903 518 992 ή
543 911 589 993 μή
612 911 659 986 είς
680 913 815 985 πλείους
838 905 941 992 τομὰς
964 901 985 992 ἢ
1008 910 1091 992 μίαν

74 1013 141 1092 ἕξει
168 1011 302 1092 πάντως
328 1013 481 1101 τμήματα
507 1011 579 1080 δύο.
624 1014 710 1097 λέγω
737 1016 839 1098 γοῦν,
873 1009 924 1080 ὅτι
956 1010 996 1079 τά
1027 1010 1090 1080 δύο

74 1116 228 1204 τμήματα
266 1120 377 1186 ἐκεῖνα
414 1118 594 1205 ποιήσουσι
630 1117 764 1197 πάντως
803 1120 998 1209 βουλομένῳ
1035 1136 1090 1186 σοι

73 1224 265 1311 τετράγωνα
298 1224 361 1292 δύο
389 1223 627 1311 άναγραφέντα
654 1222 716 1311 ἀφ’
746 1222 824 1304 ἑνὸς
850 1222 994 1294 ἑκάστου
1020 1228 1090 1294 τών
1110 1246 1143 1297 10

73 1329 266 1416 τμημάτων,
291 1330 471 1416 ποιήσουσι
495 1329 532 1397 δὲ
555 1329 688 1409 πάντως
712 1329 927 1416 ὀρθογώνιον
950 1334 988 1398 ἓν
1011 1335 1090 1418 ἔχον

72 1432 136 1520 τήν
163 1441 245 1523 μίαν
272 1435 421 1522 πλευράν
447 1435 485 1504 τὸ
514 1440 551 1504 ἓν
573 1441 685 1524 τμῆμα
707 1442 766 1523 τής
789 1434 925 1517 εὐθείας
947 1436 1003 1503 καὶ
1026 1434 1089 1523 τήν

73 1539 191 1628 ἑτέραν
214 1542 371 1628 θάτερον.
416 1543 504 1628 λέγει
527 1547 628 1628 γοῦν,
656 1541 708 1610 ὅτι
735 1542 775 1609 τὰ
799 1544 861 1610 δύο
885 1539 1088 1627 τετράγωνα,

74 1640 96 1711 ὅ
118 1644 320 1732 ποιήσουσιν
342 1643 363 1732 ή
388 1643 449 1731 ὅλη
474 1642 591 1712 εὐθεῖα
617 1646 673 1712 καὶ
697 1646 735 1713 τὸ
758 1646 880 1733 ταύτης
904 1644 1088 1714 ὁποιονοῦν

72 1754 200 1838 τμήμα,
230 1760 286 1819 ίσα
314 1757 448 1821 ἔσονται
476 1755 558 1818 δυσί
580 1771 669 1818 τισιν
698 1748 922 1839 ὀρθογωνίοις
944 1751 1087 1841 άναγρα-
1107 1775 1141 1827 15

72 1869 187 1943 φεῑσιν
219 1857 284 1925 άπὸ
317 1863 375 1945 τῆς
409 1857 488 1943 ὅλης
520 1857 655 1937 εὐθείας
687 1858 743 1924 καὶ
774 1861 836 1926 τοῦ
872 1854 949 1938 ἓνός
985 1855 1089 1945 αὐτῆς

71 1961 241 2050 τμήματος
270 1967 332 2032 τοῦ
359 1965 575 2050 πεποιηκότος
601 1963 639 2031 τὸ
665 1967 702 2031 ἓν
725 1963 935 2052 τετράγωνον
963 1964 1016 2032 καὶ
1040 1968 1087 2059 τῷ

72 2069 270 2161 τετραγώνῳ
297 2074 343 2162 τῷ
372 2069 539 2163 γινομένω
567 2069 657 2154 παρὰ
684 2074 746 2138 τοιῖ
774 2074 893 2139 λοιποῦ
920 2073 1088 2158 τμήματος

73 2184 134 2261 τῆς
157 2171 300 2256 εὐθείας.

140 2283 191 2349 54
219 2279 264 2349 ‘H
285 2280 346 2369 ὅλη
369 2287 398 2367 ῖ,
421 2281 459 2349 τὸ
484 2279 548 2350 ἀπὸ
571 2287 630 2368 τής
653 2279 732 2368 ὅλης
756 2287 791 2370 ρ,
813 2285 882 2350 τών
904 2283 1085 2372 τμημάτων
1104 2310 1139 2359 20

71 2386 110 2454 τὸ
135 2394 247 2473 μεῖζον
272 2394 301 2474 ξ,
323 2386 361 2456 τὸ
386 2393 522 2456 ἔλαττον
546 2380 576 2474 ὅ,
599 2387 637 2456 τὸ
661 2385 727 2456 άπὸ
749 2399 811 2456 τοῦ
833 2395 982 2475 μείζονος
1003 2391 1085 2478 τμή-

75 2517 176 2577 ματος
199 2499 254 2581 λξ,
281 2493 320 2563 τὸ
345 2491 495 2564 ἀπὸτοῦ
523 2493 698 2573 ἐλάττονος
721 2500 769 2580 ι’ἐ,
796 2494 829 2562 τί
863 2495 915 2574 θὶς
938 2493 1002 2564 ὑπὸ
1026 2497 1085 2583 τής

76 2590 154 2678 ὅλης
175 2599 231 2663 καὶ
253 2604 314 2668 τοῦ
338 2599 513 2678 ἐλάττονος
530 2599 697 2686 τμήματος
719 2604 754 2665 π·
792 2596 950 2687 ἑκάτερον
968 2600 1033 2690 γὰρ
1052 2608 1084 2689 μ.

74 2697 113 2766 τὸ
132 2704 249 2770 τοίνυν
264 2704 316 2784 δὶς
333 2702 398 2773 ὑπὸ
412 2709 471 2791 τής
490 2703 570 2791 ὅλης
583 2704 638 2771 καὶ
651 2708 713 2772 τοῦ
727 2705 903 2783 ἐλάττονος
916 2707 1085 2791 τμήματος

148 2882 189 2930 52.
210 2879 250 2945 q¹.
322 2886 364 2935 53.
382 2881 422 2937 θ’.
495 2887 537 2937 54.
557 2881 582 2935 A
601 2880 702 2949 Goisl.;
722 2880 770 2934 cfr.
791 2880 877 2935 schol.
897 2885 939 2935 52.

146 3061 170 3110 1.
189 3056 250 3127 AB]
271 3060 405 3112 Becorr.
417 3075 444 3125 q.
498 3063 572 3128 Ἆρ’
591 3064 641 3114 τοῦ
660 3054 802 3128 τμήματος
820 3056 861 3127 ι’ς]
881 3058 1110 3129 ῑιῑοοοετ.ρ,“

109 3132 134 3181 4.
154 3123 198 3198 τό]
218 3126 271 3182 τοῦ
289 3144 316 3196 q.
370 3125 545 3199 τετραγώνου
564 3147 591 3219 (2.
664 3136 705 3185 10.
724 3124 784 3212 οἶμ’
805 3161 837 3170 -
858 3133 899 3182 11.
918 3128 1082 3204 τμημάτων]

72 3215 229 3267 suprascr.
248 3216 285 3254 m.
305 3198 366 3254 ead.
385 3200 411 3254 b.
504 3205 545 3256 14.
565 3200 601 3273 α]
621 3201 692 3256 duae
710 3201 765 3255 htt.
786 3216 865 3255 enan.
884 3198 920 3265 b;
939 3201 1005 3268 post
1021 3219 1082 3258 τοι·

71 3283 188 3355 ήσουσιν
207 3305 311 3358 magna
330 3290 374 3343 est
391 3282 526 3344 rasuras
578 3295 620 3345 20.
641 3291 664 3361 ῑ]
683 3281 801 3356 ξΟοὶιΙ.
886 3289 916 3361 ρ]
936 3293 980 3360 Ῑιθ
998 3291 1083 3349 Ooisl.

107 3382 150 3430 21.
169 3377 199 3448 ξ]
219 3368 333 3433 ὅΟοὶεΙ.
388 3369 547 3450 τῆγῦοὶελ
602 3385 645 3434 22.
663 3378 850 3450 λξ]ῖξοοὶι1.
903 3370 1083 3452 ΕΠΟοὶιΙ.

107 3470 150 3520 23.
168 3467 202 3538 τι]
221 3459 259 3540 ‘Ty
277 3466 358 3524 eoisl.
431 3468 463 3541 μ]
482 3475 520 3523 aa
539 3467 623 3525 Coisl.

119 3564 266 3618 Euclides,
285 3568 336 3611 odd.
350 3569 459 3623 Heiberg
474 3573 498 3614 et
511 3571 607 3624 Menae.
630 3572 661 3616 V.
914 3562 957 3613 &Q
