2362 3796
84 158 148 224 706
347 157 530 209 APPnme
548 153 785 207 scflomomm
802 153 839 204 11.

386 925 404 980 ι
644 960 646 964 ·
709 931 730 980 ι
874 930 912 970 ‘u

353 1001 414 1089 ὅλη
438 1003 459 1089 ἡ
482 1008 521 1088 βε
545 1009 590 1091 lq.
680 1002 742 1090 ὅλη
764 1004 785 1091 ἡ
811 1012 853 1090 ηλ
875 1027 910 1074 Λ.

150 1108 246 1196 Ἀφὲς
273 1112 390 1177 ταῦτα·
428 1109 491 1196 ὅρα
519 1111 599 1189 τοὺς
626 1111 664 1177 ἐν
690 1114 736 1200 τῷ
761 1109 905 1198 σχήματι
927 1109 1106 1196 κειμένους

85 1213 254 1305 ἀριθμοὺς
277 1216 351 1302 ἐμοὶ
373 1214 480 1283 πολλὰ
503 1217 644 1301 καμόντι
668 1217 921 1303 έφενρεθέντας.

155 1327 205 1392 14.
243 1329 339 1390 Μετα
367 1319 406 1389 τὸ
435 1318 547 1408 εὑρεῖν
574 1324 641 1388 τῶν
665 1330 697 1389 A
725 1322 780 1389 καὶ
804 1329 831 1389 Β
859 1323 916 1390 καλ
941 1329 978 1390 Γ
1003 1326 1105 1410 τριῶν

51 1453 67 1502 σ
86 1427 245 1516 ἀριθμῶν
266 1426 304 1496 τὸ
328 1429 484 1513 μέγιστον
503 1424 621 1495 κοινὸν
640 1427 764 1514 μέτρον
781 1426 819 1497 τὸ
841 1438 873 1496 Δ
897 1429 1029 1515 δηλαὺὑ
1052 1427 1104 1496 καὶ

85 1535 260 1615 ἀποδείξαι
277 1536 377 1600 τοῦτο
397 1534 431 1613 ἐξ
450 1530 586 1612 εὐθείας
609 1533 665 1599 καὶ
684 1532 741 1601 διὰ
763 1531 935 1603 ἀδύνατον
951 1538 1028 1604 λύει
1047 1533 1106 1621 τὴν

85 1643 185 1710 θέσιν
208 1639 334 1726 ταύτην
362 1638 418 1706 καὶ
442 1645 532 1725 ζητεῖ
552 1639 587 1705 ἐκ
610 1644 805 1725 περιουσίας
826 1638 940 1728 εὑρεῖν
966 1643 1026 1710 καὶ
1049 1643 1108 1710 τοῦ

86 1750 206 1816 κοινοῦ
228 1747 286 1814 καὶ
305 1751 463 1833 μεγίστου
482 1745 605 1833 μέτρου
624 1742 730 1814 αὐτοῦ
747 1771 783 1814 τε
800 1747 857 1814 καλ
876 1747 1022 1816 ἐκείνων
1042 1751 1108 1817 τῶν

86 1858 190 1941 τριῶν
213 1854 329 1943 ἕτερον
351 1851 471 1921 κοινὸν
497 1853 554 1920 καὶ
575 1856 733 1940 μέγιστον
755 1853 878 1940 μέτρον
904 1852 965 1921 διὰ
988 1853 1031 1924 τὸ
1056 1855 1109 1923 πό-

35 1984 68 2033 10
87 1980 190 2047 ρισμα
212 1962 274 2026 τοῦ
293 1956 358 2044 πρὸ
378 1955 483 2025 αὑτοῦ
502 1959 735 2046 προβλήματος
752 1959 808 2027 καὶ
827 1956 978 2045 εὑρίσκει
997 1961 1067 2032 τὸν
1084 1968 1111 2029 Ε

88 2065 133 2134 δι’
154 2064 355 2145 ἀποδείξεως
379 2063 497 2151 ὁμοίας
518 2068 564 2155 τῷ
589 2062 755 2151 ἀνωτέρω.

158 2173 207 2238 15.
240 2169 330 2237 Ἐπεὶ
357 2168 421 2256 γὰρ
450 2169 658 2256 τετράγωνος
689 2167 834 2257 ἀριθμός
862 2172 957 2237 ἐστιν
993 2170 1015 2241 ὁ
1047 2173 1111 2242 ὑπὸ

87 2276 151 2345 δύο
163 2285 247 2345 ίσων
261 2274 419 2361 ἀριθμῶν
433 2275 679 2364 περιεχόμενος,
694 2276 764 2344 εἰπὲ
779 2276 897 2355 οὑτως·
918 2280 1112 2362 δωδεκάκις

87 2382 228 2466 δώδεκα,
251 2381 307 2448 καὶ
330 2386 483 2467 γίνονται
505 2386 582 2469 ρμδ.

34 2511 68 2561 15
156 2491 206 2555 16.
243 2490 288 2553 Ei
314 2485 431 2572 βούλει
459 2484 599 2575 εὑρῆσαι
626 2488 688 2556 τὸν
712 2490 814 2575 μέσον
837 2485 1021 2577 ἀνάλογον
1047 2498 1114 2563 τῶν

86 2603 129 2680 Α,
149 2601 188 2679 Β,
212 2592 294 2679 λαβὲ
317 2592 375 2673 τὰς
397 2593 542 2679 πλευρὰς
564 2592 732 2681 ἀλλήλων,
755 2600 814 2662 καί
829 2598 893 2661 είσι
912 2607 979 2696 τοῦ
1001 2600 1070 2686 μὲν
1083 2608 1115 2668 A

86 2701 227 2787 πλευραὶ
250 2704 289 2768 τὰ
314 2706 334 2787 ᾦ
357 2702 412 2768 καί
436 2708 466 2786 ξ,
489 2712 551 2769 τοῦ
575 2701 612 2769 δὲ
635 2706 657 2787 β
679 2700 719 2768 τὰ
745 2701 806 2768 δύο
830 2701 886 2767 καὶ
911 2706 942 2768 ὃ.
984 2715 1112 2776 πολλα-

87 2812 274 2876 πλασίασον
306 2810 369 2894 τὴν
402 2807 562 2876 ἐλάττονα
594 2806 742 2894 πλευρὰν
774 2809 835 2874 τοῦ
866 2815 899 2872 A
932 2810 1024 2894 μετὰ
1057 2818 1114 2901 τῆς

88 2920 239 3000 μείζονος
261 2918 407 3002 πλευρᾶς
428 2925 489 2982 τοῦ
508 2921 548 2998 Β,
570 2915 626 2981 καὶ
650 2911 802 2999 εὑρήσεις
819 2912 879 2980 τὸν
898 2916 1014 3000 μέσον
1035 2918 1112 2988 ἀνί-

35 3042 69 3092 20
89 3028 201 3105 λογον.
247 3020 317 3088 εἰπὲ
340 3021 417 3106 γάρ·
449 3021 521 3108 τρὶς
544 3009 577 3088 ὑ·
608 3020 814 3106 καὶγίνεται
838 3006 885 3104 εἷ·
919 3022 980 3088 καὶ
1004 3026 1112 3095 πάλιν

88 3127 141 3205 ἃλς
164 3132 195 3197 ξ·
223 3128 279 3193 καὶ
301 3132 429 3212 γίνεται
451 3126 491 3195 τὰ
517 3124 611 3194 αὐτοί.

161 3293 203 3348 13.
222 3285 258 3343 P²
278 3286 327 3361 (ad
334 3286 383 3356 VI,
392 3291 425 3340 20
441 3303 525 3355 upra
534 3285 612 3340 aliud
627 3284 699 3340 alius
712 3301 811 3339 manus
826 3281 969 3339 scholium
987 3291 1109 3345 eandem

78 3383 167 3441 prop.
178 3383 230 3440 per
245 3378 381 3422 numeros
392 3357 559 3427 mmmm
609 3362 654 3411 Ἃ,
669 3375 684 3409 t
702 3356 750 3424 (ad
764 3354 823 3422 VH,
838 3360 854 3408 3
869 3359 937 3423 post
951 3359 1048 3414 schol.
1059 3360 1110 3415 VH

75 3462 120 3505 nr.
139 3444 201 3518 22).
274 3447 317 3499 15.
336 3437 375 3494 1³2
395 3431 555 3510 ρεαλλψ,
569 3424 874 3489 οἳοεεοοὶῖεωωχ,
937 3432 983 3483 16.
1004 3431 1044 3485 p²
1063 3431 1111 3501 (ad

36 3534 54 3567 ι
74 3518 127 3594 IX,
152 3521 195 3594 1).
