2362 3796
208 147 365 199 SGHOLIA
382 148 421 199 IN
439 146 714 199 ELEMENTORUM
731 148 871 199 LIBRUM
884 147 945 199 XII.
1020 143 1084 207 641

71 275 286 374 παράλληλος
309 287 374 375 ἄρα
393 285 489 355 ἐστὶν
511 283 531 372 ἡ
557 284 619 372 μὲν
642 293 712 353 ΑΕ
730 288 771 374 τῇ
795 291 884 371 ΗΜ,
907 283 929 372 ή
954 286 991 353 δὲ
1014 292 1091 352 ΑΗ

71 405 112 482 τῇ
133 400 215 462 ΕΜ.
255 391 603 478 παραλληλόγραμμον
626 390 691 475 άρα
715 391 784 458 ἐστὶ
805 390 844 459 τὸ
863 399 947 459 ΑΜ.
984 391 1086 459 πάλιν

74 499 144 567 ἐπεὶ
168 495 231 566 δύο
255 499 396 565 ἐπίπεδα
413 496 609 582 παράλληλα
626 496 664 563 τό
684 521 720 563 τε
735 505 765 563 Α
771 503 799 562 Β
821 495 933 565 καὶτὸ
954 495 1010 564 διὰ
1028 501 1087 583 τῆς

74 611 148 672 ΗΚ
153 610 218 672 ΘΛ
250 604 393 694 ἐπιπέδῳ
430 603 498 671 τινὶ
528 604 682 689 τέτμηται
717 602 917 693 παραλλήλῳ
945 606 989 694 τῷ
1019 609 1089 670 ΕΚ

73 709 148 779 ὄντι
172 707 228 776 διά
249 711 312 775 τοῦ
336 706 466 792 ἄξονος,
490 711 528 775 αι’
543 708 654 775 κοιναὶ
673 705 738 795 ἄρα
757 705 870 776 αὐτῶν
888 709 987 794 τομαὶ
1006 732 1086 794 παρ·
1123 726 1141 777 5

72 816 216 902 άλληλοί
237 818 332 882 εἰσιν.
373 813 584 903 παράλληλος
606 812 672 900 άρα
696 813 785 881 ἐστὶν
808 811 829 900 ή
852 821 926 882 ΕΝ
942 817 983 901 τῇ
1001 820 1087 883 ΚΜ.

73 919 159 988 ἀλλὰ
173 919 229 987 καὶ
245 916 265 1006 ή
277 927 316 987 Ν
316 927 351 986 Κ
362 923 403 1008 τῇ
413 925 499 988 ΕΜ·
519 921 868 1008 παραλληλόγραμμον
882 917 949 1007 ἄρα
962 945 1000 989 το
1011 927 1089 988 ΕΚ.

75 1035 131 1113 ἴση
146 1025 212 1112 άρα
227 1024 317 1092 ἐστὶν
330 1022 352 1111 ή
367 1031 441 1092 ΕΝ
453 1027 493 1114 τῇ
509 1030 593 1095 ΚΜ.
621 1025 690 1092 ἐπεὶ
705 1017 769 1093 οὖν
782 1028 821 1092 αι’
832 1033 910 1112 ΑΕ,
925 1033 1005 1111 ΕΝ,
1022 1033 1087 1093 ΕΒ

76 1141 148 1199 ἴσαι
172 1128 329 1217 ἀλλήλαις
352 1135 453 1198 εἰσίν·
486 1132 522 1198 ἐκ
544 1130 610 1219 γάρ
633 1135 694 1198 τού
718 1137 750 1197 Ε
775 1131 928 1217 κέντρου·
966 1127 1040 1199 ἄλλ’
1065 1129 1087 1217 ἡ

76 1237 138 1323 μὲν
157 1245 228 1304 ΑΕ
249 1241 288 1326 τῇ
304 1244 393 1322 ΗΜ,
416 1234 437 1324 ή
458 1236 496 1304 δὲ
513 1243 587 1304 ΝΕ
601 1240 643 1325 τῇ
662 1242 749 1323 ΜΚ,
772 1235 793 1324 ή
813 1236 851 1305 δὲ
865 1243 928 1305 ΕΒ
946 1239 987 1325 τῇ
1004 1243 1088 1323 ΜΘ,
1109 1256 1143 1306 10

75 1343 132 1408 καὶ
147 1345 184 1409 αλ
198 1355 286 1432 τρεῖς
304 1342 371 1429 άρα
390 1351 460 1411 λσαι
478 1341 639 1430 ἀλλήλαις
657 1346 755 1411 εἰσίν·
773 1342 894 1423 κύκλος
913 1341 979 1429 άρα
997 1343 1089 1411 ἐστὶν

75 1445 254 1533 ήΗΘΚΛ
272 1447 416 1537 γραμμή.
452 1447 508 1515 καλ
523 1445 684 1535 φανερόν,
703 1446 755 1515 ὅτι
774 1445 950 1515 ὁΗΘΚΛ
967 1447 1090 1528 κύκλος

77 1557 121 1643 τῳ
142 1562 207 1622 ΑΒ
231 1564 304 1634 λ’σος
322 1557 425 1623 ἐστίν·
450 1557 488 1620 αί
506 1553 572 1640 γάρ
597 1555 718 1621 ἐκτῶν
737 1553 885 1642 κέντρων
904 1561 974 1622 ἴσαι
993 1558 1089 1623 εἰσίν.

446 1783 502 1848 Ad
526 1806 629 1868 prop.
653 1783 725 1850 XV.

145 1908 196 1973 66.
230 1901 528 1972 Ἀντιπεπονθέναι
550 1902 615 1990 γάρ
638 1904 778 1990 λέγεται,
802 1902 883 1974 ὅταν
907 1907 944 1973 ἐν
962 1904 1088 1999 ἑκάστῳ
1109 1925 1143 1975 15

76 2014 147 2081 τάν
171 2009 349 2098 σχημάτων
371 2007 557 2096 ἡγούμενοί
576 2034 611 2077 τε
637 2010 694 2076 καὶ
717 2009 874 2096 ἑπόμενοι
898 2009 972 2100 ὅροι
995 2016 1090 2082 εἰσίν.

146 2121 199 2185 67.
235 2116 390 2201 Ληπτέον
412 2113 538 2204 άκρονς
560 2114 621 2201 μὲν
644 2112 745 2202 ὅρους
768 2115 826 2196 τδις
844 2116 959 2203 βάσεις
974 2118 1031 2186 καὶ
1049 2116 1090 2186 τά

77 2220 163 2307 ύψη,
191 2223 295 2307 μέσον
324 2219 362 2287 δδ
384 2219 462 2300 τοὺς
485 2225 687 2308 κυλίνδρονς
713 2222 769 2289 καὶ
792 2224 1030 2309 σολλονιστέον
1054 2226 1090 2293 ἐν

78 2325 197 2417 πρώτῳ
222 2324 362 2413 σχήματι
387 2323 504 2406 οὕτως·
535 2324 581 2406 ὥς
603 2324 624 2413 ή
647 2333 782 2395 ΑΒΓΔ
804 2327 901 2414 βάσις
922 2329 1006 2416 πρὸς
1028 2328 1091 2417 τήν

82 2435 219 2500 ΕΖΗΘ
241 2430 357 2519 βάσιν,
382 2429 488 2513 οὕτως
511 2433 529 2500 ὅ
553 2435 621 2510 ΛΞ
640 2435 818 2521 κύλινδρος
839 2433 924 2524 πρὸς
945 2434 1006 2504 τὸν
1024 2441 1095 2503 ΕΣ
1110 2456 1147 2505 20

79 2537 276 2626 κύλινδρον·
300 2535 373 2607 ἀλλ’
396 2536 440 2617 ὡς
463 2536 480 2607 ὁ
505 2539 685 2627 κύλινδρος
707 2538 791 2625 πρὸς
813 2539 874 2608 τὸν
895 2539 1091 2628 κύλινδρον,

80 2641 186 2722 οὕτως
208 2641 246 2712 τὸ
270 2651 354 2711 ΜΝ
371 2642 458 2726 ύψος
480 2643 564 2733 πρὸς
585 2645 624 2713 τὸ
648 2652 727 2712 ΠΝ
744 2643 839 2727 ὕψος.
878 2646 934 2713 καὶ
958 2643 1003 2726 οδς
1025 2645 1093 2731 άρα

80 2746 100 2834 ή
125 2748 222 2835 βάσις
244 2748 328 2837 πρὸς
349 2749 413 2836 τήν
437 2749 552 2836 βάσιν,
579 2776 617 2818 το
641 2757 721 2818 ΜΝ
743 2748 829 2831 ύύος
850 2751 935 2838 πρὸς
956 2750 994 2818 τὸ
1018 2757 1098 2818 ΠΝ

78 2852 173 2934 ὕψος.
220 2851 291 2921 εἶτα
314 2854 416 2923 πάλιν
440 2857 582 2942 ληπτέον
610 2854 733 2941 άκροος
756 2856 817 2944 μὲν
844 2853 922 2936 τοὺς
944 2857 1012 2933 ΑΞ
1036 2856 1093 2923 καλ

78 2983 293 2992 ---.-—-———

152 3038 195 3087 οο.
214 3032 287 3100 Bql.
361 3036 404 3085 ιτ.
423 3030 521 3100 qun).

154 3198 177 3244 1.
207 3189 299 3261 ἐστίν]
325 3207 379 3245 om.
398 3208 425 3259 p.
516 3197 542 3244 2.
572 3186 646 3261 ἐστί]
671 3189 706 3260 Ρ,
733 3207 788 3246 om.
814 3191 866 3262 Bp.
958 3195 983 3246 3.
1012 3185 1079 3246 ἐπεί

80 3257 181 3329 ἐπειδή
200 3260 231 3315 Ρ.
322 3267 347 3314 4.
368 3263 487 3315 ΗΘΚΛ
503 3280 532 3384 Β.
619 3267 643 3315 6.
664 3257 750 3332 ἐστίν]
771 3279 826 3317 om.
844 3279 873 3332 p.
959 3268 984 3317 8.
1004 3256 1079 3316 ἐστίν

79 3349 134 3386 om.
154 3349 181 3400 p.
238 3337 280 3386 10.
299 3331 379 3402 MK]
401 3333 498 3385 HKP
529 3333 624 3397 ,ΜΝ
638 3349 666 3400 p.
723 3337 764 3385 11.
784 3329 873 3404 ἐστίν]
894 3349 948 3388 om.
966 3350 994 3403 p.
1052 3338 1092 3387 12.

81 3402 218 3472 ΗΘΚΛ]
239 3402 311 3471 (alt.)
336 3403 455 3456 ΗΚΛΘ
473 3401 505 3456 Β.
578 3399 695 3473 κύκλος]
721 3419 775 3458 om.
794 3421 821 3474 p.
896 3408 937 3458 13.
961 3402 1012 3458 τοῦ
1030 3403 1094 3456 κάν-

79 3491 148 3540 τρον
167 3491 194 3542 p.
268 3478 311 3526 22.
331 3473 409 3543 HN]
430 3489 445 3526 ο
464 3487 533 3527 corr.
553 3491 580 3542 q.

130 3569 344 3621 pu011aea‚edd.
360 3571 465 3624 Ηαοος
480 3575 505 3614 ιι
517 3573 614 3625 mongo.
637 3575 672 3616 v.
935 3555 976 3600 ὓ
