2362 3796
234 147 389 200 scnom
406 149 446 228 ιω
463 132 737 199 ωιωωιωιυοιιυα
755 149 894 199 mmm
907 148 940 199 x.
1017 112 1082 206 459

70 285 231 375 ὁμόλογοι
256 278 319 355 οὖν
343 291 429 356 εἰσιν
452 286 565 356 αὐτῶν
588 289 627 354 αἱ
646 292 799 375 πλευραί
838 283 994 373 ἡμιόλιον
1016 286 1081 372 γὰρ

69 395 173 480 λόγον
196 398 339 481 ἔχουσιν.
386 385 480 462 οὗτοι
507 392 573 482 γὰρ
602 397 637 462 οί
664 391 805 481 ἀριθμοὶ
833 389 898 479 δῇ
924 393 980 460 καὶ
1004 390 1083 478 δὴ

69 499 176 586 λόγον
195 504 340 587 ἔχουσιν,
360 497 401 568 ὃν
415 499 624 587 τετράγωνος
638 498 783 589 ἀριθμὸς
797 496 814 567 ὁ
830 487 851 566 δ
869 496 952 587 πρὸς
970 497 1080 584 τετρί-

70 631 184 691 νωνου
206 603 357 694 ἀριθμὸν
379 607 440 675 τὸν
461 601 489 675 θ
512 607 868 694 δικλασιεκιτίταρτον.

137 716 189 780 83.
230 717 336 782 Τοῦτο
364 711 593 803 ἀντίστροφόν
620 715 688 781 ἐστι
715 716 776 780 τοῦ
798 713 854 798 κη’
877 714 938 779 τοῦ
961 709 1003 797 q'·
1026 709 1082 777 καὶ
1118 737 1134 787 5

72 822 243 887 δείκνυται
266 821 323 887 διὰ
345 823 406 888 τοῦ
430 819 477 906 ιη’
500 823 562 888 τοῦ
583 819 619 906 η’
647 819 703 887 καὶ
732 815 788 886 διὰ
810 820 872 886 τοῦ
894 816 929 903 η’
953 820 1014 884 τοῦ
1038 814 1083 902 η’.

244 1015 301 1082 Ad
324 1017 527 1083 demonstr.
551 1018 616 1084 alt.
638 1017 688 1082 III
711 1039 743 1101 p.
766 1017 840 1101 378,
865 1017 915 1081 12.

137 1140 189 1206 84.
226 1143 274 1203 Εί
291 1163 341 1216 τις
363 1138 465 1225 λέγοι,
489 1136 597 1207 κόθεν
621 1141 738 1225 δῆλον,
762 1135 814 1205 ὅτι
837 1132 883 1217 ὡς
905 1133 925 1222 ἡ
945 1144 977 1202 Α
1000 1131 1083 1222 πρὸς

67 1239 131 1328 τὴν
154 1249 194 1329 Β,
218 1239 325 1323 οὕτως
346 1241 384 1312 τὸ
407 1243 473 1312 ἀπὸ
496 1248 554 1331 τῆς
576 1253 609 1312 Α
631 1241 715 1332 πρὸς
737 1241 775 1312 τὸ
797 1240 864 1310 ὑπὸ
888 1251 956 1310 τιόν
979 1251 1022 1326 Α,
1041 1247 1103 1335 Β,Ι

69 1349 222 1437 φήσομεν
241 1348 361 1432 οὕτως·
384 1356 576 1419 κείσθωσαν
595 1353 633 1418 αί
645 1361 687 1438 Α,
701 1358 731 1419 Β
750 1348 881 1418 εὐθεῖαι
896 1346 979 1418 ὥστε
994 1345 1081 1416 εἶναι
1101 1377 1135 1427 10

70 1453 121 1522 ἐπ’
134 1452 278 1541 εὐθείας,
297 1457 353 1524 καὶ
368 1461 517 1548 ἔστωσριν
532 1460 570 1525 αἱ
581 1467 613 1525 Α
618 1465 657 1543 Β,
673 1462 747 1542 ΒΓ,
759 1457 816 1524 καὶ
830 1454 1081 1541 ἀναγεγράφθω

70 1557 135 1627 ίικδ
153 1564 213 1647 τῆς
231 1568 297 1628 ΑΒ
314 1561 527 1649 τετράγωνον
545 1561 583 1630 τὸ
603 1572 634 1629 Α
640 1570 684 1648 Δ,
707 1562 763 1629 καὶ
783 1559 1087 1648 συμπεπληρώσθω

265 1708 290 1756 A
395 1668 480 1757 Ζτὸ
513 1677 579 1736 ΑΖ
610 1667 966 1757 παραλληλόγραμμον.
1025 1667 1081 1734 καὶ

86 1774 407 1871 “f—“—
445 1775 514 1844 ἐπεὶ
537 1773 575 1844 τὸ
599 1783 661 1843 ΒΖ
683 1773 721 1844 τὸ
744 1773 810 1842 ὑπὸ
834 1777 902 1842 τῶν
924 1781 1000 1860 ΑΒ,
1019 1777 1087 1840 ΒΓ

445 1885 549 1950 ἐστιν·
573 1891 628 1967 ἴση
647 1879 711 1967 γὰρ
735 1879 756 1967 ἡ
776 1886 843 1947 ΒΔ
865 1883 905 1968 τῇ
924 1887 1004 1947 ΑΒ·
1026 1883 1086 1947 καί
1101 1905 1135 1956 15

446 1989 514 2056 ἐστι
546 1986 665 2056 κοινὸν
696 1984 782 2068 ὕψος
813 1995 882 2056 τῶν
911 1994 997 2072 ΑΔ,
1020 1993 1082 2053 ΒΖ

278 2154 422 2217 ...Γ
446 2090 466 2180 ἡ
491 2101 569 2180 ΒΔ,
596 2091 732 2161 ἕστιν”
710 2119 775 2182 αρα
799 2091 844 2173 ὡς
866 2089 887 2178 ἡ
911 2099 977 2159 ΑΒ
999 2090 1083 2179 πρὸς

69 2168 92 2223 '⁴
271 2168 293 2216 B
394 2166 508 2286 Γτὴν
536 2205 613 2284 ΒΓ,
641 2197 747 2280 οὕτως
774 2196 812 2266 τὸ
840 2195 905 2266 ἀπὸ
934 2202 992 2284 τῆς
1016 2205 1082 2265 ΑΒ

70 2302 153 2388 πρὸς
179 2303 217 2371 τὸ
245 2301 311 2372 ὑπὸ
339 2329 408 2373 των
431 2312 512 2390 ΑΒ,
535 2309 612 2393 ΒΓ,
646 2333 690 2385 ως
716 2305 771 2372 καὶ
800 2302 901 2385 αὐτὸς
925 2303 980 2372 διὰ
1005 2304 1083 2392 λήμ-

72 2433 173 2492 ματος
195 2411 233 2477 ἐυ
255 2414 301 2503 τῷ
324 2411 380 2477 κα’
405 2413 513 2492 δείξει.
1100 2435 1135 2485 20

139 2517 190 2582 85.
229 2514 298 2583 Διδι
325 2514 390 2604 γὰρ
418 2516 542 2585 τούτου
568 2521 630 2586 τοῦ
657 2515 876 2603 θεωρήματος
902 2521 1082 2603 δείκνυται,

72 2615 139 2711 ὅτι,
168 2618 228 2687 ἐὰν
252 2612 314 2688 ὦσι
338 2621 401 2691 δύο
426 2619 572 2708 εὐθεῖαι,
601 2626 691 2691 ἔστιν
719 2618 765 2701 ὥς
791 2618 811 2708 ἡ
836 2623 932 2708 ἑτίρα
953 2621 1083 2692 τούτων

71 2722 155 2810 πρὸς
185 2722 247 2810 τὴν
279 2726 414 2814 λοιπήν,
448 2724 537 2796 οὕτω
564 2728 602 2794 τὸ
631 2726 687 2794 ἄνι’
713 2732 840 2814 ἐκείνης
871 2727 1083 2816 τετράγωνον

143 2910 185 2958 83.
204 2903 252 2959 V·
326 2909 368 2960 ει
387 2899 452 2972 qu
466 2903 531 2974 (P2).
605 2908 647 2959 ει.
667 2923 688 2959 r

146 3070 169 3118 1.
189 3061 296 3135 αυτῶν]
315 3061 372 3130 ΒΡ,
392 3080 523 3131 αυταιᾳ.
603 3059 669 3135 γαρ]
691 3080 744 3119 om.
764 3081 790 3132 q
877 3069 901 3119 2.
922 3060 1082 3151 ἔχουσαιμ.

108 3154 186 3189 ουτοι
209 3152 250 3221 qq
269 3133 417 3202 usquead
441 3133 526 3188 finem
548 3133 614 3188 hab.
632 3133 668 3200 P,
697 3150 750 3190 om.
769 3133 875 3221 Bqu.
966 3138 992 3187 ὅ.
1019 3135 1082 3206 κη]

71 3203 234 3264 immons.
308 3201 475 3290 θέλγειΡ.
549 3173 727 3276 3u]om.q.
790 3199 939 3276 ὴΑ]δμ
957 3223 984 3273 q.
1058 3211 1082 3261 9.

71 3277 142 3349 τῶν]
160 3271 237 3364 vdq.
320 3281 363 3331 10.
383 3268 511 3362 είθειαι]
532 3291 586 3330 om.
606 3274 639 3331 V.
723 3280 764 3331 12.
784 3274 846 3345 ΑΒ]
866 3281 888 3328 Α
905 3274 939 3329 V.
1017 3292 1084 3345 συμ-

71 3344 288 3418 πληροίσθωρ.
376 3351 417 3400 18
440 3341 487 3416 τό]
506 3350 601 3415 τῆςᾳ.
686 3344 750 3417 καί]
770 3362 824 3401 om.
846 3363 872 3414 q.
959 3352 1001 3402 16.
1009 3346 1083 3437 ΒΖ]

72 3435 143 3474 corr.
158 3435 192 3473 ex
207 3417 310 3473 ΔΖΓ
375 3422 417 3473 19.
436 3414 480 3488 τό]
499 3417 582 3490 τῷο.
638 3418 705 3485 τῶν]
725 3433 780 3473 om.
795 3433 821 3484 q.
878 3422 920 3471 19.
941 3412 971 3471 ἐν
984 3437 1081 3486 mu

71 3490 159 3555 δείξει
177 3486 226 3544 διὰ
245 3485 386 3559 λήμματος
403 3488 438 3544 V.
