2362 3796
125 142 192 207 442
278 144 434 196 scnom
451 145 491 196 IN
508 142 782 195 ELEMENTORUM
799 142 941 195 LIBRUM
953 144 991 195 Χ.

126 282 192 353 ἀπὸ
211 288 272 353 τοῦ
289 296 319 369 ε,
341 284 397 351 καὶ
416 284 506 370 μένει
525 283 642 372 μονάς,
665 281 737 369 ήτις
756 283 797 352 οὐ
815 294 929 370 μετρεῖ
943 280 1008 351 τὸν
1024 293 1055 351 ε.
1089 281 1146 351 διὰ

125 394 230 459 ταῦτα
252 391 307 458 καί
329 387 372 458 τά
395 393 436 457 ῖδ
458 388 514 458 καὶ
536 387 577 457 τά
599 382 633 458 θ
649 387 853 478 ἀσύμμετρα.

499 586 556 651 Ad
578 608 683 671 prop.
706 585 765 652 ΠΙ.

191 714 244 778 41.
287 706 343 777 Ἐν
370 718 415 800 τῷ
444 707 479 793 γ’
506 708 562 776 καὶ
591 707 624 775 δ’
656 711 881 794 παραδίδωσι,
907 712 987 775 τίνα
1015 705 1148 793 τρόπον

91 832 108 881 ο
126 816 270 901 ληπτέον
291 813 332 883 τά
356 813 454 882 κοινά
478 815 581 904 μέτρα
602 818 672 883 τῶν
695 811 807 895 ἁπλοῖς
827 815 866 883 ἐν
884 818 1088 904 συμμετρίᾳ,
1112 816 1147 883 έν

127 921 164 989 δὲ
187 932 232 1013 τῷ
255 921 294 988 θ’
316 920 456 1007 ζητήσει,
478 925 554 990 τίνα
578 922 690 989 ἕπεται
714 917 825 989 οάκέτι
841 928 913 1000 τοίς
930 914 1047 999 ἁπλῶς
1068 938 1147 1007 συμ·

126 1028 271 1115 μέτροις,
299 1025 384 1095 ἀλλὰ
407 1041 479 1108 τοῖς
500 1024 574 1096 κατ’
595 1025 700 1112 εἶδος,
729 1020 803 1094 οἷον
831 1039 903 1106 τοῖς
928 1023 1016 1093 κατὰ
1039 1029 1146 1113 μῆκος

127 1135 325 1221 συμμέτροις
347 1128 367 1220 ή
391 1146 461 1213 τοῖς
483 1131 566 1201 κατά
593 1131 748 1220 δύναμιν.

191 1244 243 1307 42.
276 1236 335 1319 Ὡς
362 1238 460 1319 ὄντος
488 1238 608 1325 δήλου,
637 1239 688 1307 ὅτι
712 1243 781 1307 ἔστι
804 1238 974 1325 σύμμετρα
1004 1237 1143 1324 μεγέθη,

74 1361 107 1409 10
129 1346 268 1426 ἐπέξεισι
281 1344 388 1435 τούτῳ
401 1348 448 1437 τῷ
462 1344 655 1432 θεωρήματι
673 1345 728 1412 καί
744 1344 785 1413 οὐ
800 1347 1019 1431 προδείκνυσι
1032 1347 1145 1414 τοῦτον

125 1450 233 1537 ὥσπερ
254 1451 306 1518 ἐπὶ
325 1454 393 1519 τῶν
411 1449 642 1538 ἀσυμμέτρων.
679 1449 829 1538 φανερὸν
848 1448 925 1537 γάρ,
949 1448 1003 1517 ὅτι
1021 1449 1143 1529 πάντες

125 1559 160 1624 οί
187 1555 433 1626 πολλαπλάσιοί
457 1583 549 1637 τινος
578 1558 764 1644 σύμμετροί
790 1560 857 1625 είσι
889 1552 972 1641 πρὸς
996 1558 1141 1642 ἐκείνου,

124 1653 166 1731 οὗ
190 1667 254 1731 είσι
277 1662 528 1732 πολλαπλάσιοι.

189 1774 243 1839 43.
285 1767 329 1838 Τὸ
355 1769 393 1837 δέ
410 1778 476 1838 ΑΖ
498 1767 536 1839 τδ
556 1776 622 1839 ΓΕ
642 1774 799 1858 μετρείτω
823 1795 853 1856 p.
875 1771 1003 1856 1910]
1029 1772 1061 1837 εί
1079 1767 1143 1856 γὰρ

73 1895 106 1944 1ο
126 1874 167 1944 οὐ
195 1876 349 1964 μετρήσει
376 1877 414 1946 τὸ
438 1884 503 1945 ΑΖ
529 1874 567 1946 τὸ
599 1882 677 1961 ΓΕ,
705 1872 897 1963 ἀσύμμετροί
924 1877 990 1942 είσι
1019 1871 1080 1942 διὰ
1108 1872 1143 1960 β’

123 1987 183 2051 τοῦ
207 1982 243 2050 ι’·
276 1982 335 2050 έάν
360 1983 423 2051 δύο
448 1986 605 2069 μεγεθῶν
627 1983 758 2050 ἀνίσων
782 1981 981 2067 ἐκκειμένων
1006 1977 1144 2068 ἀνθυφ-

124 2091 328 2177 αιρουμένου
351 2086 403 2156 ἀεὶ
429 2092 491 2156 τοῦ
520 2087 702 2168 ἐλάσσονος
732 2085 888 2185 ἀπὸτοῦ
915 2091 1071 2174 μείζονος
1104 2085 1141 2157 τὸ

123 2194 407 2281 καταλειπόμενον
435 2195 598 2280 μηδέποτε
628 2199 812 2283 καταμετρῇ
841 2192 878 2262 τὸ
906 2190 972 2282 πρὸ
1002 2190 1143 2281 ἑαυτοῦ,

124 2298 315 2387 ἀσύμμετρα
337 2299 377 2367 τά
401 2301 541 2386 μεγέθη·
570 2297 642 2368 ἀλλ’
664 2299 772 2386 έδόθη
797 2300 976 2388 σύμμετρα.

70 2506 104 2556 20
501 2496 557 2560 Ad
579 2518 683 2582 prop.
706 2495 761 2562 IV.

188 2621 241 2685 44.
275 2614 330 2683 Ἐκ
351 2621 410 2703 τῆς
433 2621 480 2696 είς
504 2613 677 2686 ἀδύνατον
701 2615 888 2705 ἀπαγωγής.

188 2727 241 2792 45.
276 2719 408 2810 Ἐπειδὴ
431 2736 502 2804 τοῖς
525 2721 752 2812 ἀσυμμέτροις
774 2725 884 2793 ἕπεται
907 2723 944 2792 τὸ
969 2722 1075 2810 λόγον
1094 2723 1143 2812 μή

72 2887 73 2890 .
124 2834 222 2917 ἔχειν,
247 2825 287 2898 δν
307 2827 453 2917 ἀριθμὸς
475 2828 559 2917 πρὸς
583 2828 744 2919 ἀριθμόν,
766 2831 822 2897 καὶ
844 2827 883 2898 τὸ
906 2827 1142 2918 ἀντίστροφον

193 2995 235 3043 41
265 2990 336 3058 Vq.
427 2995 469 3044 49
498 2985 817 3059 PBFVat.V⁰(Vbqy
835 3007 891 3058 mg.
911 2988 962 3055 V⁰;
991 2987 1032 3052 είς
1056 3009 1089 3044 το

123 3059 262 3194 δίξεζξ)δ
283 3008 419 3200 Εὲδπξθ.
492 3066 535 3116 44.
555 3061 608 3128 Fq
677 3065 720 3115 45
739 2991 984 3129 PB(VVat.⁰Vq(
986 3058 1015 3114 δ’
974 3061 1089 3131 (mg
1107 3012 1143 3129 5⁷⁷,

193 3280 218 3329 9.
239 3272 314 3327 ἔστιν
332 3272 398 3327 vat.
378 3275 516 3342 t,comp.
536 3270 568 3325 Β.
625 3278 666 3326 10.
685 3291 722 3340 πρ
724 3271 936 3327 οδείκνυοινΒ.
992 3278 1032 3326 11.
1053 3281 1146 3330 ποιεῖ·

123 3340 314 3432 φανεριμνλίῑ)
372 3349 414 3397 12.
435 3343 501 3414 είσι]
519 3359 572 3397 om.
583 3339 632 3398 Vb.
689 3348 730 3398 19
749 3337 926 3430 ἀσύμμετρα]
943 3337 1143 3414 σάμμετραδί.

158 3421 200 3470 21.
220 3411 423 3503 ἀναγωγήςρ.
477 3420 520 3469 22
539 3409 738 3484 ἀσυμμέτροις]
759 3410 856 3476 αὐτοῖς
874 3410 1031 3483 μίτροιςᾳ.
1095 3421 1142 3472 23.

122 3479 156 3538 ἲν
173 3480 348 3558 ἀριθμος]“
334 3504 386 3540 ενα
405 3480 532 3556 ἀριθμόν
552 3502 579 3554 q.
