2362 3796
96 135 158 200 120
244 137 401 190 SCHOLIA
418 139 457 189 IN
475 137 750 191 ELEMENTORUM
768 136 907 188 LIBRUM
919 137 941 189 1.

91 294 236 381 ἀλλήλας
258 297 422 381 τέμυοιεν,
445 291 466 380 η’
491 299 538 373 είς
561 303 616 363 ίσα
639 294 815 381 τέμνονται
833 291 890 362 ὑπ’
907 292 1106 384 άλλήλωνῆ

92 406 140 481 είς
162 400 263 469 άνισα
286 397 306 488 ἢ
330 399 351 488 ἡ
375 401 437 488 μὲν
459 405 507 482 είς
530 409 597 487 ίσα,
620 398 640 487 ἡ
665 401 702 469 δέ
725 404 772 481 είς
793 399 906 487 άνισα,
929 402 1106 471 καὶτοῦτο

93 510 201 594 διχώς.
228 512 332 575 ταῦτα
346 507 410 594 γὰρ
429 507 538 576 πάντα
556 513 724 576 ποικιλίαν
739 506 819 595 ἡμῖν
833 508 889 575 καὶ
902 507 1108 595 θαυμαστὴν

91 614 264 702 παρέχεται
288 620 487 701 γυμνασίαν.

56 838 72 887 5
466 815 522 880 Ad
545 837 650 900 prop.
673 815 729 880 IV.

158 941 210 1005 27.
240 934 409 1004 Ἐνταῦθα
433 936 496 1004 δύο
520 939 582 1023 μέν
605 941 669 1004 είσι
691 934 732 1004 τά
757 938 937 1023 δεδομένα,
966 938 1104 1023 τρίαδέ

91 1042 130 1110 τά
156 1045 347 1129 ζητούμενα.
394 1044 527 1110 δέδοται
555 1043 616 1130 μὲν
646 1042 708 1111 δύο
731 1047 886 1128 πλευρῶν
910 1042 1024 1130 ίσότης
1047 1045 1104 1112 καὶ

91 1154 216 1234 γωνίας
238 1149 322 1235 πρὸς
344 1156 471 1235 γωνίαν
496 1149 620 1235 ίσότης,
645 1155 784 1234 ζητειται
804 1146 876 1216 δ
859 1177 879 1235 η
898 1176 957 1235 της
975 1147 1103 1234 βάσεως

90 1253 175 1342 πρὸς
197 1281 259 1370 την
282 1254 421 1340 βάσιυί
421 1253 530 1341 σότης,
553 1282 574 1342 η
593 1282 654 1323 του
676 1254 845 1384 τριγώνου
867 1254 951 1341 πρὸς
973 1253 1010 1323 τὸ
1031 1260 1098 1341 τρι-

40 1386 72 1435 10
90 1387 215 1447 γωνον,
239 1359 259 1447 η
283 1365 351 1429 τών
374 1365 502 1430 λοιπῶν
524 1366 660 1448 γωνιών
683 1361 766 1448 πρὸς
787 1361 846 1441 τάς
869 1363 997 1441 λοιπάς.

157 1471 209 1536 28
233 1465 304 1536 Ὅτι
326 1466 490 1555 πρότερόν
515 1466 635 1536 ἐστι
601 1494 639 1536 το
657 1473 725 1537 τών
744 1466 988 1556 προβλημάτων
1006 1467 1103 1554 γένος

90 1575 152 1642 τοῦ
183 1578 250 1643 τών
282 1573 527 1662 θεωρημάτων,
560 1574 646 1642 διότι
676 1573 733 1642 διδι
761 1578 830 1642 τών
858 1571 1102 1660 προβλημάτων

90 1680 346 1768 άνευρίσιιουται
364 1680 405 1750 τά
425 1680 606 1768 ζητούμενα
625 1679 759 1769 περὶτὰ
778 1679 1003 1767 συμπτώματα
1020 1676 1103 1747 ὑπο-

90 1791 239 1873 κείμενα,
269 1788 323 1855 καὶ
348 1786 457 1867 άλλως
481 1785 531 1855 ὅτι
553 1792 615 1856 τοῦ
638 1787 700 1874 μὲν
722 1785 956 1872 προβλήματος
978 1781 999 1872 ἡ
1023 1783 1103 1872 πρό·

39 1917 72 1965 15
91 1911 184 1973 τασις
207 1892 294 1981 διπλῆ
321 1895 467 1961 ἐστικαὶ
490 1893 597 1979 πάσης
616 1894 773 1978 ἐντέχνου
796 1894 962 1971 συνέσεως
979 1887 1104 1978 άπροσ-

92 1998 178 2085 δεης,
201 2004 261 2067 τοῦ
284 1999 321 2067 δέ
339 1999 557 2086 θεωρήματος
575 1998 725 2084 ἐργώδης
742 1998 798 2064 καὶ
816 2001 941 2083 πολλῆς
960 1998 1103 2084 δεομένη

90 2103 268 2193 ἀκριβείας.

159 2214 210 2276 29.
234 2207 273 2275 Ὃ
300 2211 402 2296 λέγει,
434 2212 590 2278 τοιοῦτόν
619 2213 723 2278 ἐστιν·
759 2215 791 2277 εί
816 2208 880 2298 γάρ
908 2207 948 2277 τά
976 2209 1102 2296 πέρατα

91 2313 283 2487 ἐφαρμόσαι
296 2320 365 2382 τών
387 2315 520 2401 βάσεων
543 2315 709 2402 άλληλοις,
735 2316 965 2403 ἐφαρμόσουσι
987 2316 1043 2383 καὶ
1068 2319 1105 2384 αί

37 2446 72 2495 20
91 2421 267 2506 βάσεις,ε
252 2419 346 2488 είδε
374 2420 434 2508 μή,
468 2421 530 2489 δύο
562 2420 693 2490 εὐθεῖαι
726 2429 849 2509 χωρίον
880 2424 1102 2509 περιέξουσιν

91 2526 172 2611 ὅπερ
197 2524 374 2594 άδύνατου

157 2637 208 2702 30
254 2637 361 2702 Τοῦτο
393 2638 526 2719 πρώτον
559 2633 721 2723 θεώρημα
752 2637 1023 2723 παρειλήφαμεν,
1059 2633 1101 2703 τά

91 2739 129 2808 δὲ
150 2739 215 2825 πρὸ
239 2741 362 2809 τούτου
385 2735 677 2830 προβληματιαδι
657 2769 712 2829 ην,
734 2770 772 2810 το
760 2741 853 2830 μὲν
873 2747 1007 2831 πρώτον
1024 2732 1102 2829 περὶ

89 2873 152 2932 την
178 2851 245 2915 τών
274 2847 447 2936 τριγώνων
474 2850 607 2935 γένεσιν
634 2850 967 2937 πραγματευόμενον,
999 2849 1037 2915 τὸ
1066 2847 1104 2915 δὲ

39 2974 73 3025 25
94 2952 252 3042 δεύτερον
279 2956 335 3022 καὶ
362 2961 475 3043 τρίτον
507 2963 585 3041 ίσην
618 2953 757 3022 εὐθεῖαν
789 2953 893 3040 άλλην
928 2953 1011 3042 άλλη
1043 2977 1103 3022 πο-

91 3065 253 3147 ρίσασθαι
266 3063 499 3149 προτιθέμενα.
524 3063 577 3130 ἐπὶ
590 3060 713 3129 τούτου
728 3060 765 3128 δὲ
780 3060 942 3147 άνέλαβεν
957 3057 1105 3146 πλευρὰς

90 3172 165 3244 ίσας
195 3174 355 3250 πλευραῖς
385 3168 441 3234 καί
474 3166 609 3247 εὐθείας
641 3176 715 3247 ίσας
743 3164 891 3247 εὐθείαις
918 3167 975 3234 καὶ
1002 3169 1102 3234 τοῦτο

161 3323 258 3380 2⁷.st
331 3326 429 3379 28.st
502 3331 545 3381 29.
564 3325 600 3381 f¹.
674 3332 717 3381 30.
735 3327 765 3380 Ρ.

163 3471 188 3521 1,
208 3463 347 3537 τίμνοιεν]
367 3465 548 3537 τεμτὲμνοιεν
567 3467 597 3522 Ρ.
672 3475 696 3524 2.
715 3463 732 3539 ἢ
752 3463 770 3537 ἡ
792 3501 824 3508 -
844 3464 875 3540 ἡ]
896 3466 923 3523 εί
939 3466 970 3523 Ρ.
