2362 3796
98 131 164 195 162
250 130 407 184 soflomA
424 132 463 183 m
480 130 757 182 ωτωωωαποωυω
774 130 913 181 LIBRUM
923 130 951 184 .1.

99 273 137 341 δὲ
154 272 323 340 καὶτοῦτο
344 275 472 358 ίστορεί
488 269 617 357 εὕρημα
636 267 724 338 εἶναι
739 273 936 354 Οἰνοπίδου,
954 267 992 337 τὸ
1008 269 1048 337 δὲ
1062 269 1120 340 κς’

99 381 212 446 Θαλοῦ
236 375 364 468 εὕρημα
388 374 406 444 ὁ
430 374 530 456 αὐτὸς
553 379 688 464 ίστορεϊ.

167 487 219 552 89.
251 483 320 551 Διά
343 488 379 552 τί
399 482 441 570 δὴ
466 475 531 551 οὖν
554 479 633 568 οὐχ,
662 481 773 570 ὥσπερ
802 482 855 549 ἐπὶ
882 485 944 549 τοῦ
972 481 1006 548 δ’
1030 491 1121 550 θεω-

100 589 247 676 ρήματος
274 589 549 677 προσαπέδειξεν,
582 585 633 655 ὅτι
660 587 716 654 καί
741 585 781 654 τά
806 586 933 674 έμβαδά
956 591 1026 655 τῶν
1050 613 1120 676 τρι-

64 693 221 782 εγιόνων
244 703 301 762 ίσα
325 699 426 780 ἐστίν,
450 692 538 762 οὕτω
561 693 617 761 καὶ
637 695 673 760 έν
692 693 799 784 τούτῳ
818 694 1041 779 προσέθηκεν,
1065 691 1120 762 ὅτι

99 798 183 888 πρὸς
205 806 245 889 τῇ
270 800 444 888 ἀνισότητι
466 811 534 869 τῶν
558 799 691 886 βάσεων
714 800 770 865 καὶ
792 798 833 867 τά
858 798 1002 886 έμβαδά;
1032 799 1121 888 πρὸς

80 906 139 997 ,δὲ
161 906 287 993 ταύτην
314 906 376 993 τὴν
405 904 550 993 ἀπορίαν
578 905 744 991 λεγέσθω,
778 902 828 971 ὅτι
861 902 936 991 οὐχὶ
968 901 986 972 ὁ
1015 904 1121 985 αὐτὸς

100 1012 202 1098 λόγος
230 1013 287 1080 έπί
306 1037 341 1079 τε
369 1015 438 1080 τῶν
467 1019 551 1079 ίσων
578 1014 713 1097 γωνιῶν
735 1010 790 1077 καὶ
814 1008 945 1096 βάσεων
968 1011 1119 1080 καὶτῶν

101 1117 242 1185 ἀνίσων·
282 1125 371 1195 ίσαις
393 1116 456 1204 μὲν
478 1114 542 1204 γάρ
566 1115 683 1196 οὔσαις
709 1129 780 1196 ταῖς
802 1120 941 1202 γωνίαις
966 1117 1023 1183 καί
1044 1128 1120 1196 ταῖς

48 1248 83 1298 10
101 1223 243 1309 βάσεσιν
273 1224 382 1290 ἕπεται
412 1220 432 1308 ἡ
463 1226 531 1290 τῶν
561 1222 737 1308 τριγώνων
765 1221 893 1308 ἰσότης,
926 1219 1055 1301 ἀνίσοις
1077 1221 1118 1290 δὲ

101 1326 169 1416 ἀρα
193 1325 312 1408 οὔσαις
335 1326 398 1395 οάκ
420 1325 549 1414 ἀνάγκη
573 1327 636 1414 τὴν
660 1326 841 1414 ἀνισότητα
868 1331 937 1396 των
960 1329 1117 1413 ἐμβαδοῖν

102 1431 324 1519 ἀκολουθεῖν,
352 1433 438 1501 ἀλλα
466 1432 531 1520 γάρ
556 1432 698 1501 δύναται
720 1434 775 1502 καλ
800 1442 855 1502 ίσα
879 1431 966 1502 εἶναι
986 1429 1027 1504 τά
1049 1436 1119 1518 τρί

101 1565 196 1624 γωνα
214 1538 269 1605 καὶ
288 1535 389 1606 ἀνισα
408 1540 464 1606 καὶ
483 1545 595 1625 μεῖζον
614 1537 651 1607 τὸ
666 1544 743 1626 ἔχον
757 1538 820 1626 τὴν
835 1545 970 1627 μείζονα
988 1542 1119 1625 γωνίαν

101 1644 158 1712 καὶ
181 1637 225 1711 αά
249 1648 402 1714 ἔλασσον.
447 1644 504 1713 διά
533 1650 632 1714 τοῦτο
665 1637 728 1713 οὖν
757 1643 775 1713 ὁ
804 1645 1013 1733 στοιχειωτὴς
1037 1668 1119 1733 παρ

48 1775 83 1824 15
103 1752 233 1819 ἔλειπεν
256 1749 318 1836 τὴν
337 1755 405 1818 τῶν
424 1751 600 1840 τριγώνων
619 1750 806 1839 σύγκρισιν,
830 1749 899 1839 ἀμα
920 1751 958 1819 δὲ
975 1755 1043 1836 καί,
1068 1748 1120 1819 ὅτι

102 1854 123 1942 ἡ
151 1856 227 1940 περὶ
255 1857 384 1925 τούτων
416 1863 546 1947 θεωρία
578 1861 637 1944 τῆς
665 1861 733 1924 τῶν
760 1855 984 1944 παραλλήλων
1012 1861 1121 1926 δεῖται

102 1967 333 2049 πραγματείας.

170 2071 223 2134 90.
257 2071 453 2137 Οίνοπίδου.

171 2173 240 2239 Καὶ
253 2170 286 2239 τί
305 2171 360 2258 κγ’
371 2172 549 2261 πρόβλημά
561 2178 630 2243 ἐστι
644 2174 805 2243 σύστασιν
820 2172 985 2243 ἀπαιτοῦν
994 2179 1122 2260 γωνίας

50 2303 85 2354 20
105 2284 180 2362 ίσης
198 2275 281 2364 ἀλλη
298 2280 437 2367 δοθείση
452 2285 559 2370 γωνία
574 2278 802 2371 εάθυγράμμω
821 2279 904 2367 πρὸς
916 2284 956 2369 τῇ
977 2283 1120 2368 δοθείση

104 2379 224 2470 εὐθείᾳ
246 2382 300 2448 καί
323 2387 370 2475 τῷ
394 2387 477 2473 πρὸς
501 2383 584 2474 αὐτῇ
609 2386 748 2454 δοθέντι
771 2391 904 2476 σημείῳ.

173 2492 254 2555 ἔστω
278 2485 293 2555 ι’
321 2497 542 2578 συλλογισμος
559 2495 621 2560 τοῦ
639 2491 695 2578 κγ’
713 2491 947 2579 προβλήματος
966 2493 1003 2559 έν
1022 2495 1069 2583 τῷ
1084 2490 1120 2562 δ’

103 2592 215 2686 τρόπω
244 2598 311 2662 τῶν
340 2592 552 2665 ὑποθετικῶν
585 2594 603 2665 ὁ
637 2601 676 2686 τῇ
708 2599 803 2666 θέσει
834 2608 895 2666 τοῦ
926 2596 1122 2685 ἡγουμένου

105 2699 239 2779 δεικνὺς
261 2699 299 2768 vo*
324 2701 499 2789 ἑπόμενον,
524 2696 599 2771 οἷον
619 2707 649 2770 εί
667 2705 704 2769 αί
721 2709 793 2789 ΔΓ,
808 2710 869 2772 ΓΕ
888 2704 1030 2792 πλευραί
1049 2712 1121 2773 ίσαι

50 2833 85 2882 25
106 2813 181 2893 είσί,
204 2807 259 2874 καὶ
283 2809 320 2873 αί
340 2813 460 2893 γωνίαι
483 2807 548 2896 ἀρα
572 2817 642 2876 ίσαι
665 2814 760 2877 είσίν.

451 2951 508 3016 Ad
531 2975 635 3038 prop.
657 2952 776 3019 XXIV.

172 3059 224 3123 91.
260 3054 304 3123 Τὸ
325 3055 381 3122 κδ’
395 3055 556 3142 θεώρημά
576 3059 679 3124 ἐστιν·
710 3058 910 3145 μεταβέβηκε
933 3055 998 3146 γάρ
1016 3059 1123 3127 πάλιν

105 3161 159 3228 ἐπὶ
181 3187 221 3227 τα
244 3161 447 3248 θεωρήματα
476 3159 494 3228 ὁ
519 3162 745 3248 στοιχειωτής,
777 3163 833 3231 καὶ
861 3168 1034 3232 δείκνυσιν
1062 3162 1123 3233 ἀν-

106 3262 319 3340 ’Ῑαῖ
343 3290 385 3339 ω.
405 3285 445 3340 τε
464 3285 510 3356 <fq
529 3287 559 3340 et
575 3286 672 3355 pauno
691 3285 775 3341 anter
792 3287 848 3357 ω).
917 3293 960 3343 91.
979 3287 1095 3359 ωας).

103 3367 319 3378 ——--.-.-....

179 3395 200 3441 1.
221 3390 385 3461 καὶτοῦτο]
406 3406 459 3447 om.
479 3390 544 3448 Vat.
609 3389 717 3464 ἱστορεῖ
731 3394 815 3449 τοῦτο
832 3394 898 3449 Vat.
962 3389 1071 3467 εὕρεμα
1088 3394 1124 3450 Ρ.

61 3542 90 3590 1
141 3461 174 3512 τί
188 3466 260 3514 -2,
280 3458 401 3533 ίστορεί]
421 3462 514 3531 BVat,
533 3479 586 3518 om.
606 3461 635 3520 P.
708 3470 733 3519 2.
754 3458 859 3536 εὕρεμα
877 3463 942 3521 Vat.
