2362 3796
238 131 397 185 scnom
413 134 453 185 m
470 134 746 187 EIAEMEN'PORUM
763 137 903 188 LIBRUM
915 138 937 189 I.
1026 134 1090 199 153

74 272 115 342 δὲ
136 272 194 340 καὶ
215 285 290 353 ταῖς
311 269 488 359 ἀνισότησι
509 277 578 342 τών
601 281 755 362 πλευρῶν
777 273 798 362 ἡ
826 280 894 343 τών
920 274 1090 345 ὑποτεινο-

74 382 189 468 μίνων
212 381 348 466 γωνιών
369 376 528 465 ἀνισότης
550 379 737 450 ἀκολουθεῖ
757 383 812 450 καὶ
831 381 1009 469 ἀνάπαλιν,
1034 381 1090 451 διὰ

72 488 138 554 τοῦ
160 483 208 571 ιη’
230 484 288 552 καὶ
311 485 364 553 ιθ’
386 487 604 574 θεωρήματος
626 488 866 573 διδασκόμεθα.
905 494 1004 556 τοῦτο
1028 488 1091 576 μὲν

74 593 142 682 γὰρ
170 595 321 661 δείκνυσι
346 589 409 678 τήν
436 598 571 680 μείζονα
597 592 747 682 πλευρὰν
773 592 840 661 ὑπὸ
868 593 931 679 τήν
957 601 1090 680 μείζονα

75 704 219 788 γωνίαν,
235 698 275 768 τό
294 697 333 767 δὲ
351 696 404 766 ιδ’
421 696 488 767 δπδ
507 697 569 786 τήν
588 704 722 786 μείζονα
736 705 865 785 γωνίαν
878 698 942 786 τήν
957 705 1091 785 μείζονα
1127 726 1144 774 5

76 804 240 892 πλευράν,
263 801 492 891 ἀντιστρόφως
510 804 574 891 μὲν
591 802 760 891 ἀλλήλοις,
784 805 837 873 ἐπὶ
857 805 895 872 δὲ
912 809 981 873 τών
996 807 1091 874 ἐναν-

76 918 161 981 τίων
183 908 386 997 πραγμάτων
407 908 448 978 τά
473 907 558 978 αότά
581 915 779 999 θεωροῦντα
803 910 1027 998 συμπτώματα
1046 915 1091 1002 τῷ

77 1043 114 1085 τε
137 1015 166 1085 ε’
183 1015 241 1084 καί
260 1019 307 1106 τῷ
330 1013 363 1090 ς’
381 1014 585 1105 θεωρήματι.
623 1017 734 1084 ίστέον
754 1017 802 1103 δέ,
826 1014 878 1085 ὅτι
896 1016 936 1084 τά
955 1018 1017 1104 μὲν
1034 1021 1092 1104 τῆς

77 1121 231 1210 ἰσότητος
255 1127 324 1191 τών
350 1125 486 1208 γωνιῶν
514 1117 536 1207 ή
563 1125 717 1207 πλευρόν
745 1122 889 1191 δεικτικά
921 1138 991 1205 τοῖς
1024 1129 1090 1192 ίσο-

74 1229 232 1319 πίεόροις
257 1228 316 1296 καί
340 1228 547 1297 ίσοσκείέσιν
571 1226 792 1316 ἐφήρμοσται,
820 1230 860 1299 τά
884 1230 922 1299 δὲ
948 1235 1006 1317 τής
1034 1228 1088 1298 ἀν·
1110 1254 1141 1303 10

73 1335 228 1424 ισότητος
249 1348 322 1415 τοῖς
339 1342 519 1421 σααίηνοῑς
535 1333 592 1401 καὶ
612 1338 826 1405 ίοοσκελέσιν.
864 1336 936 1405 ἀλλ’
957 1338 1009 1405 ἐπὶ
1028 1334 1090 1423 μὲν

70 1446 140 1512 τών
164 1449 344 1528 σκαληνῶν
367 1444 565 1526 διαιροῦμεν
587 1439 649 1527 τήν
672 1447 830 1529 μεγίστην
858 1443 1007 1531 πλευρὰν
1035 1445 1090 1510 καὶ

75 1551 181 1636 μέσην
202 1547 261 1616 καί
283 1549 460 1634 ἐλαχίστην
481 1547 538 1614 καὶ
560 1546 620 1626 τὰς
641 1553 767 1633 γωνίας
790 1546 958 1631 ὡσαύτως,
982 1549 1035 1616 ἐπὶ
1052 1548 1090 1615 δὲ

74 1658 145 1722 τών
173 1656 357 1722 ίσοσιιελών
387 1651 484 1740 ἀρκεῖ
507 1652 545 1721 τὸ
573 1660 684 1739 μεῖζον
712 1651 825 1731 ἁπλῶς
852 1655 907 1721 καὶ
939 1658 1089 1720 ἔλαττον·

74 1760 118 1829 τὰ
137 1759 199 1847 μὲν
216 1758 281 1846 γὰρ
299 1762 368 1826 τών
387 1757 561 1847 τριγώνων
581 1757 732 1844 ίσότητός
752 1760 819 1825 ἐστι
838 1757 944 1843 μόνης
958 1763 1090 1843 ἔκγονα,
1111 1783 1144 1830 15

75 1866 118 1935 τά
137 1865 175 1935 δὲ
193 1863 391 1952 ἀνισότητος
409 1864 524 1952 μόνης,
543 1863 583 1934 τὰ
599 1864 636 1932 δὲ
650 1863 861 1951 ἀμφοτέρων,
881 1860 943 1930 ὡδὶ
958 1862 1019 1948 μὲν
1035 1861 1090 1930 διὰ

75 1974 136 2062 τῆς
158 1971 326 2059 ίοότητος,
351 1968 414 2039 ώδί
437 1970 475 2039 δὲ
499 1968 556 2038 διὰ
576 1974 636 2057 τής
658 1968 856 2055 ἀνισότητος
879 1968 1091 2055 ἐφιστάμενα.

143 2085 198 2148 74.
225 2077 296 2145 Ὅτι
323 2076 385 2164 μὲν
412 2074 434 2164 ή
461 2087 530 2144 τών
553 2080 707 2163 πλευρῶν
731 2076 843 2162 ίσότης
871 2073 923 2162 ἐφ’
951 2075 1092 2143 ἑκάστου

74 2189 146 2254 τών
177 2182 353 2272 τριγώνων
385 2192 459 2263 ίσας
489 2180 645 2251 ἀποτελεῖ
673 2180 732 2263 τάς
758 2180 824 2252 ὑπὸ
851 2183 981 2252 τούτων
1010 2179 1090 2252 ὑπο-

75 2291 272 2377 τεινομόνας
294 2296 427 2377 γωνίας,
450 2287 471 2376 ή
496 2288 534 2357 δὲ
556 2294 624 2357 τών
647 2294 781 2376 γωνιών
801 2289 914 2377 ἰσότης
932 2289 1090 2371 ὡσαύτως
1109 2314 1144 2363 20

74 2393 137 2476 τάς
159 2391 399 2476 δποτεινοάσας
422 2392 526 2474 αότάς
548 2395 694 2484 πλευρὰς
717 2405 791 2476 ίσας
814 2395 1012 2483 ἀποφαίνει,
1037 2422 1091 2482 με-

76 2498 277 2589 μαθήκαμεν
300 2500 357 2569 διά
380 2527 416 2569 τε
437 2504 501 2569 τοῦ
523 2501 562 2568 θ’
586 2502 642 2568 καὶ
666 2504 698 2580 ς’
720 2502 953 2590 θεωρήματος,
978 2502 1029 2571 ὅτι
1053 2500 1091 2569 δὲ

76 2607 133 2674 καί
151 2620 224 2686 ταῖς
242 2604 438 2694 ἀνισότησιν
451 2610 520 2674 τών
534 2605 723 2696 πλευρώνή
737 2611 806 2675 τών
820 2605 1090 2692 ὑποτεινομένων

76 2716 212 2800 γωνιών
229 2711 389 2800 ἀνισότης
406 2710 592 2781 ἀκολουθεῖ
608 2713 663 2780 καί
682 2712 862 2795 ἀνάπαλιν,
887 2709 943 2777 διά
961 2709 1091 2777 τούτων

76 2817 307 2905 διδασκόμεθα
325 2821 393 2886 τών
411 2819 653 2905 θεωρημάτων,
672 2820 734 2885 τοῦ
752 2842 787 2882 τε
806 2811 1092 2882 ὀκτωκαιδεκάτου
1109 2839 1144 2888 25

75 2925 162 3011 λέγω
184 2924 323 2993 καὶτοῦ
347 2921 408 2991 ιδ’.
454 2921 492 2992 τό
520 2921 582 3010 μὲν
610 2919 674 3007 γὰρ
699 2923 849 2986 δείκνυσι
872 2917 933 3005 τήν
957 2922 1091 3005 μείζονα

72 3029 224 3121 πίευράν
246 3027 315 3098 ὑπὸ
339 3026 402 3115 τήν
426 3035 559 3115 μείζονα
582 3032 722 3115 γωνίαν,
747 3026 785 3093 τὸ
808 3024 845 3092 δὲ
867 3022 933 3093 ὑπὸ
957 3029 1092 3111 μείζονα

145 3231 188 3280 74.
205 3224 237 3278 P.

71 3346 289 3355 ——-—-

148 3408 191 3456 11.
216 3401 307 3471 Supra
332 3397 504 3483 ίοοοκείίοιγ
530 3401 593 3455 αδδ.
614 3396 663 3455 άν·
685 3418 722 3457 m.
743 3405 758 3453 2
777 3399 811 3488 Y.
856 3467 862 3486 Ι
901 3406 944 3454 20.
967 3398 1090 3523 γωνίαῼ

77 3486 115 3544 γω
134 3473 166 3527 Ρ.
239 3468 310 3539 ἡδὲ
328 3490 383 3525 των
401 3470 523 3543 γωνιων]
545 3488 599 3528 om.
617 3471 648 3528 P.
721 3475 765 3528 24.
784 3467 1052 3545 wmmfflssssm
1093 3508 1102 3523 .
