2362 3796
237 139 395 192 οοΗοτΙι
412 140 451 191 m
468 139 744 191 υτυντυτοαυυ
763 139 902 190 τουτον
915 138 938 190 1.
1027 133 1091 197 115

71 279 230 368 πόρισμα,
254 284 408 358 ἔνστασις
425 278 481 344 καὶ
499 275 675 363 άπαγωγή·
708 279 763 344 καλ
781 281 894 364 λῆμμα
911 276 972 363 μέν
988 279 1088 361 ἐστιν,

73 383 155 453 ὅταν
174 388 332 470 ζητῶμεν,
352 387 384 451 εἰ
401 389 470 450 ἔστι
484 408 515 449 τι
534 381 573 450 τὸ
588 381 831 462 κατασκευάζον
845 380 883 450 τὸ
898 381 1087 469 πρόβλημα,

74 489 157 573 ὅπερ
181 487 198 558 ὁ
224 488 428 569 διδάσκαλος
452 493 499 569 εἰς
521 486 732 574 κατασκευήν
756 491 886 574 δίδωσι,
909 493 1031 567 πτῶσις
1050 486 1087 555 δὲ

73 593 158 681 αὐτή
183 592 204 682 ή
228 599 287 682 τής
303 606 510 682 κατασκευῆς
527 592 678 682 άφορμή·
703 599 773 662 ἔστι
792 597 840 679 δέ,
865 592 919 662 ὅτε
937 595 993 661 καὶ
1011 618 1091 680 προ-

74 700 227 788 βλήματα
251 701 462 789 εὑρίσκονται
491 699 641 784 άπτωτα,
675 698 835 786 δηλονότι
862 698 907 785 μή
936 697 1091 786 ἀφορμῆς
1125 718 1143 769 ο

73 814 121 887 εἰς
135 806 344 893 κατασκευήν
359 806 510 894 δεόμενα.
546 806 706 893 πόρισμα,
726 803 808 873 ὅταν
824 808 982 892 ζητῶμεν,
1001 813 1091 890 εἴπερ

76 913 130 981 ἐπὶ
166 916 228 980 τοῦ
268 917 450 1000 προφανῶς
482 913 519 979 έν
556 916 602 1003 τῷ
640 911 849 998 προβλήματι
882 911 1092 997 φαινομένου

75 1024 144 1087 ἔστι
167 1018 223 1086 καὶ
246 1017 361 1104 ἔτερόν
383 1045 415 1086 τι
438 1016 616 1100 άνακῦφαι.
663 1024 830 1102 ἔνστασις,
855 1015 910 1086 ὅτε
935 1023 1091 1104 ζητῶμεν,

80 1133 171 1209 εἴπερ
194 1123 263 1192 ἐστὶ
290 1122 442 1193 δεκτικὸν
471 1122 663 1211 ἀνατροπῆς
688 1127 805 1208 τοῦτο,
833 1125 888 1192 καὶ
917 1120 1090 1222 άπαγοιγή,

75 1231 131 1300 ὅτε
151 1233 307 1317 ζητῶμεν,
325 1235 359 1298 εἰ
376 1236 467 1299 ἔστιν
486 1227 672 1318 ἀπαγαγεῖν
690 1229 728 1298 τδ
743 1234 899 1299 τοιοῦτον
913 1229 1090 1317 πρόβλημα
1111 1249 1144 1299 10

71 1341 119 1417 εἰς
141 1335 351 1423 κατασκευήν
374 1333 480 1403 άλλου
502 1336 746 1424 προβλήματος.

139 1448 191 1512 22.
224 1441 414 1531 Πρόβλημα
438 1443 494 1508 καὶ
516 1442 679 1528 θεώρημα
704 1444 867 1528 διαφέρει,
892 1438 1004 1510 ὅτιτὸ
1028 1441 1090 1529 μὲν

71 1549 248 1637 πρόβλημα
276 1549 332 1614 καὶ
360 1561 451 1614 ποιεῖ
479 1548 534 1613 καὶ
567 1546 770 1634 προστάσσει
802 1547 858 1614 καὶ
890 1546 952 1633 τήν
986 1550 1089 1628 δεῖξιν

71 1654 186 1738 ἐπάγει
213 1658 275 1720 τοῦ
303 1652 520 1736 ποιηθέντος·
557 1651 595 1718 τὸ
625 1651 663 1718 δὲ
686 1651 848 1736 θεώρημα
875 1650 915 1718 τά
944 1648 1033 1737 παρά
1051 1650 1090 1718 τὸ

72 1756 295 1844 ὑποκείμενον
320 1761 430 1842 σχῆμα
454 1755 680 1842 συμπτώματα
704 1754 953 1824 ἀποδείκνυσιν.
1111 1777 1143 1827 15

140 1867 193 1932 23.
239 1867 340 1929 Πᾶσα
376 1862 535 1946 πρότασις
571 1859 774 1948 γεωμετρικὴ
807 1859 882 1946 ήτοι
915 1860 1090 1949 πρόβλημα

72 1967 93 2057 ή
113 1967 276 2057 δεῶρημά
296 1970 398 2052 ἐστιν,
423 1967 479 2034 καὶ
493 1965 671 2054 πρόβλημά
688 1968 789 2052 ἐστιν,
814 1964 894 2034 όταν
913 1971 1090 2056 προβληθή

72 2075 112 2143 τά
133 2075 177 2163 μή
198 2074 280 2144 ὄντα
298 2098 349 2141 πω
367 2080 574 2161 πορίσασθαι
593 2074 648 2140 καὶ
664 2077 711 2153 εἰς
726 2071 872 2161 ἐμφανὲς
884 2087 1089 2159 παραγαγεῖν

73 2183 129 2248 καὶ
144 2179 501 2267 προσμηχανήσασθαι,
520 2181 682 2267 θεώρημα
697 2181 745 2266 δέ,
766 2181 803 2247 έν
819 2175 869 2259 οἷς
882 2178 920 2248 τδ
936 2177 1088 2267 ὑπάρχον

74 2282 95 2372 ή
124 2285 169 2374 μή
196 2283 347 2373 ὑπάρχου
376 2291 461 2355 ἰδεῖν
489 2287 544 2354 καὶ
570 2290 699 2372 γνῶναι
727 2288 782 2354 καὶ
810 2282 984 2368 άποδεῑξαι
1010 2312 1088 2372 προ·
1107 2312 1142 2362 20

75 2406 223 2477 αιρεῐται.
260 2404 327 2461 πᾶν
346 2393 383 2461 δὲ
401 2391 578 2481 πρόβλημα
597 2395 652 2461 καὶ
672 2397 739 2461 πάν
758 2391 918 2481 θεώρημα
932 2392 1088 2479 βούλεται

73 2502 175 2566 ταῦτα
197 2498 306 2567 πάντα
329 2504 417 2586 ἔχειν
441 2502 478 2567 έν
507 2501 612 2591 ἑαυτῷ
640 2498 822 2585 πρότασιν,
855 2505 1007 2584 ἔκθεσιν,
1041 2503 1087 2567 δι-

73 2605 226 2693 ορισμόν,
249 2604 469 2691 κατασκευήν,
488 2602 674 2690 ἀπόδειξιν,
695 2607 920 2693 συμπέρασμα.
958 2605 1088 2673 τούτων

73 2709 111 2778 δὲ
134 2708 154 2796 ή
179 2711 240 2797 μὲν
267 2711 426 2797 πρότασις
454 2712 556 2796 λέγει,
589 2717 681 2791 τίνος
709 2713 895 2797 δεδομένου
917 2716 953 2776 τί
972 2708 1012 2776 τὸ
1037 2715 1087 2794 ζη-

71 2816 240 2904 τούμενόν
263 2820 365 2885 ἐστιν·
393 2815 414 2903 ή
438 2815 504 2904 γάρ
527 2824 635 2884 τελεία
658 2818 817 2903 πρότασις
837 2817 869 2895 ἐξ
889 2813 1088 2901 ἀμφοτέρων
1107 2834 1141 2883 25

72 2925 173 2991 ἐστίν.
218 2920 239 3009 ἡ
268 2921 305 2991 δὲ
334 2927 466 3001 ἔνδοσις
493 2920 575 2989 αὐτὸ
607 2920 688 2990 καθ’
715 2920 797 2990 αὑτὸ
830 2920 867 2987 τὸ
902 2919 1087 3005 δεδομένον

71 3027 349 3113 άποδιαλαβοῦσα
364 3033 659 3116 προευτρεπίζειτῇ
676 3027 813 3114 ζητήσει.
834 3023 900 3093 όδὲ
912 3024 1087 3111 διορισμὸς

71 3136 173 3222 χωρὶς
190 3133 227 3201 τὸ
249 3133 463 3220 ζητούμενον,
487 3133 517 3218 ὅ,
536 3160 568 3200 τι
586 3133 667 3201 ποτέ
684 3135 785 3217 ἐστιν,
809 3135 976 3216 διασαφεῖ.
1008 3127 1029 3217 ἡ
1049 3130 1087 3199 δὲ

72 3263 286 3272 ——-———-

143 3317 186 3366 22.
205 3331 241 3365 m.
314 3317 356 3364 23.
376 3311 407 3364 P.

147 3477 187 3526 14.
207 3469 297 3540 παρά]
317 3466 398 3522 scrib.
418 3469 491 3536 περί.
565 3472 606 3521 15.
627 3464 781 3537 σύμπτωμα
800 3486 836 3521 m.

888 3554 925 3613 8*
1087 3506 1126 3560 Ι
