2362 3796
366 120 639 177 montiacum
657 124 810 177 cnmca
1064 126 1100 181 cl

75 264 156 335 (nee.
165 262 234 335 m)
243 262 435 335 interpretem
444 280 515 333 enee,
530 262 704 338 Campanum
714 266 916 323 Nouarienerm
926 272 1009 337 (suec.
1021 268 1096 339 lilii)

75 342 376 413 comentatorm·)
411 342 464 399 aed
480 342 516 399 de
534 344 589 401 bac
606 360 638 401 re
655 346 778 402 nondum
797 348 867 403 satis
884 348 1032 419 exploratu
1049 350 1096 406 bic

73 422 451 495 pluribnadiapntareuolo.
470 422 631 495 Campanus
640 426 729 497 igitur
738 426 798 482 sinc
806 427 984 485 Adclbardus
998 432 1096 487 multia

73 502 141 561 lon'e
154 520 227 559 cum
239 500 527 573 interpretationibus
539 504 669 559 Arabicis
682 508 831 573 consentit,
850 508 900 563 aod
914 512 987 565 testo
1002 510 1097 566 iilum·

72 582 165 641 rabin
182 582 304 639 nullum
322 598 434 652 aarum,
457 598 528 653 qnae
546 582 633 641 bodie
650 582 792 653 nouimus,
812 586 935 641 lidolitcr
953 588 1094 657 exprimit.

72 678 135 721 auru
151 664 315 735 pneteraa
331 658 444 717 codices
460 678 519 718 non
538 662 642 719 leniter
660 664 697 720 ab
715 664 840 721 editione
860 666 999 734 (Uenetiis
1019 674 1097 737 1⁴82,

71 744 198 815 repetita
214 740 389 797 Uinaantiae
407 742 489 811 1491)
507 741 678 799 dissentiat
695 745 816 801 necdum
836 745 935 801 collati
952 747 1021 815 sint,
1040 766 1097 803 non

71 824 146 881 inb·
164 838 235 879 eene
252 822 355 893 putaui
372 820 530 878 editionem
546 821 628 877 illam
645 840 709 879 cnm
726 826 808 881 codd.
827 824 943 881 Graecis
962 826 1097 883 conferre.

71 902 126 961 bon
146 904 270 959 tantum
293 901 533 971 commemorabo,
560 902 734 973 Campanum
757 906 878 961 multum
902 908 931 960 et
949 905 979 960 iu
998 906 1096 963 ordine

71 982 307 1057 propositionum
324 984 355 1037 et
370 980 402 1037 iu
419 982 708 1039 denominationibus
727 1000 745 1039 a
762 986 842 1041 codd.
861 985 965 1041 uostris
984 984 1097 1041 differre

73 1065 104 1121 rs
123 1062 259 1137 plurima
279 1061 477 1119 additamenta
498 1063 613 1119 babere.
657 1064 708 1118 sad
729 1065 840 1119 restant
861 1064 986 1135 uestigia
1008 1066 1096 1123 fontis

72 1142 211 1217 purioris,
223 1142 309 1199 nalnt
319 1142 396 1212 qnod
409 1140 635 1199 additamentum
643 1142 765 1199 Theonis
779 1144 809 1199 in
818 1144 865 1213 VI,
875 1150 910 1201 88
923 1162 980 1201 non
994 1145 1094 1216 habet3

73 1224 133 1281 alia
150 1222 300 1295 quaedam
318 1222 376 1277 anis
393 1222 465 1279 locis
482 1222 590 1291 notaui,
610 1222 670 1291 sed,
687 1226 720 1279 ut
737 1240 811 1279 nunc
830 1228 883 1294 est,
900 1225 931 1281 in
947 1229 1029 1283 rebus
1044 1227 1097 1282 cri-

72 1300 140 1359 ticis
157 1320 265 1375 parum
281 1300 362 1357 utilis
380 1304 433 1357 est.

144 1380 194 1437 nx
219 1382 277 1437 bec
303 1379 393 1453 igitur
418 1380 655 1453 interpretatione
682 1385 804 1440 medium
838 1403 940 1443 aeuum
968 1388 1095 1444 Euclidis

73 1460 383 1531 fundamentornmqua
404 1462 621 1520 mathematicos
643 1463 776 1520 notitiam
802 1484 853 1535 pro
881 1484 931 1523 sua
957 1467 1095 1523 facultate

74 1542 209 1613 patebat3
227 1556 316 1610 quare
334 1543 364 1597 et
382 1540 494 1597 codices
511 1541 628 1613 plurimi
641 1544 701 1598 eius
715 1545 829 1598 enatant
845 1546 937 1614 (uelut
949 1546 979 1599 in
993 1546 1095 1601 biblio-

75 1620 162 1677 mesu
179 1619 371 1692 Amploniana
388 1620 554 1691 Erfurtensi,
573 1640 644 1692 quae
664 1638 711 1679 eos
731 1623 858 1677 continet
875 1623 972 1690 libros,
992 1624 1094 1691 quibua

76 1698 240 1757 mmmm
257 1700 377 1757 studiosi
395 1717 468 1757 saec.
484 1701 535 1757 XV
548 1701 579 1756 iu
593 1703 695 1758 studiis
708 1700 869 1766 utebantur,
889 1702 944 1755 duo
964 1704 1093 1771 exstant),

78 1781 108 1837 ὓ
129 1782 227 1853 prima
247 1779 375 1836 omnium
398 1780 534 1837 librorum
557 1779 824 1839 matbematicorum
851 1780 930 1848 prelo
958 1780 1095 1848 impressa

78 1862 131 1917 ssa
167 1860 278 1931 primun
296 1861 373 1930 apud
391 1860 581 1917 occidentales
600 1861 749 1917 Elementa
763 1859 868 1916 Graece
887 1859 997 1912 exstare
1014 1859 1096 1915 nouit

76 1936 380 1997 IobnnnesBoccatius
394 1940 512 2012 (Comm.
522 1959 607 2013 sopra
617 1943 645 1998 la
654 1939 813 1996 commedio
823 1937 852 1992 di
862 1936 953 1992 Dante
963 1937 975 1989 Ι
984 1955 1011 2007 p.
1019 1942 1094 2009 404),

77 2018 139 2077 aine
157 2020 246 2077 dubio
265 2038 284 2077 a
299 2020 450 2077 Barleamo
467 2022 604 2091 magistro
624 2037 688 2089 suo,
712 2020 760 2088 qui
784 2020 819 2073 da
838 2015 953 2072 Euclide
973 2016 1094 2087 scripsit,

151 2178 254 2237 deinde
285 2179 424 2235 Iohannes
451 2179 704 2249 Regiomontunus,
733 2180 811 2236 cuius
838 2177 982 2248 exemplar
1009 2176 1094 2232 iuter-

77 2258 250 2331 pretntiouie
266 2258 422 2314 Adelhardi
444 2259 567 2314 nuncin
589 2260 764 2316 bibliotheca
787 2258 912 2314 ciuitatis
932 2256 1093 2313 Norimber·

77 2338 176 2413 gennis
191 2340 365 2407 adseruntur,
381 2340 411 2394 et
424 2339 544 2408 quieam
554 2341 637 2396 edere
651 2340 743 2396 uoluit
752 2341 929 2395 emendatam
943 2337 1095 2409 (Gaseendi

77 2438 125 2491 op.
134 2419 162 2476 V
173 2438 201 2491 p.
213 2425 265 2476 580
278 2417 405 2474 Euolidis
424 2419 567 2476 clementa
585 2421 708 2476 editione
722 2419 858 2490 Campani
877 2419 981 2475 auulsis
995 2421 1092 2475 tumen

79 2498 224 2571 plerisque
246 2499 370 2567 mendis,
396 2515 467 2568 quaa
489 2500 604 2570 proprio
627 2500 713 2556 etism
736 2501 935 2556 iudicabuntur
953 2518 1093 2557 commen-

77 2578 251 2651 tariolo)“),
277 2581 307 2635 in
332 2579 429 2648 Italia,
458 2578 518 2634 siue
542 2578 628 2634 dubio
652 2579 727 2649 apud
745 2578 940 2634 Bessariouem
963 2581 1092 2644 amicum,

84 2659 206 2716 Graecos
224 2660 336 2716 codices
350 2658 423 2714 uidit
441 2659 471 2713 et
484 2656 690 2728 animaduertit,
709 2662 844 2726 quantum
858 2676 876 2713 a
889 2656 998 2712 Latinis
1013 2657 1093 2710 Cam·

150 2818 462 2888 murmurationem
481 2817 599 2872 Gerardi
617 2816 811 2873 Cremonensis
832 2821 914 2887 (saec.
934 2815 998 2883 Xll;
1018 2812 1092 2868 liber

80 2888 208 2945 Euclidia
221 2890 361 2944 mactatm
374 2889 435 2957 XV,
454 2906 481 2943 u.
496 2889 708 2959 Boucompagui
721 2891 782 2945 vita
796 2890 831 2944 ed
843 2905 888 2959 op.
905 2887 934 2942 di
948 2884 1093 2942 Gberardo

81 2960 208 3017 cronon.
232 2978 260 3030 p.
281 2962 314 3029 5)
338 2976 395 3015 uon
417 2961 561 3016 babemus.
608 2960 695 3014 etiam
721 2958 884 3016 Leonardus
906 2958 1025 3013 Pisanus
1054 2954 1092 3009 ab

78 3030 220 3087 trabibus
239 3031 343 3100 pendet
361 3029 571 3099 (Weissenborn
588 3029 691 3087 Philol.
708 3030 776 3087 Aua.
795 3031 847 3085 XV
865 3051 893 3102 p.
912 3031 966 3100 44).

137 3101 181 3172 ⁴¹⁸)
204 3100 299 3156 Editio
327 3099 471 3156 rarissima
497 3101 595 3156 Uenet.
622 3107 689 3156 1509
719 3102 891 3172 Campanum
920 3098 1047 3157 continet
1074 3114 1092 3152 a

79 3172 157 3229 Luca
178 3171 292 3227 Paciolo
316 3173 507 3242 emendatum,
536 3191 562 3226 u.
585 3173 786 3230 Weissenborn
813 3172 866 3229 Dic
884 3173 1044 3228 Uebersstz.
1064 3169 1090 3224 d.

77 3242 161 3300 EnlrL
181 3244 270 3298 durch
289 3242 431 3313 Campano
450 3263 476 3298 u.
497 3243 646 3298 Zamberto
664 3262 691 3313 p.
711 3251 746 3299 30
761 3261 816 3313 sq.;
834 3245 872 3300 ib.
892 3263 919 3315 p.
939 3251 1023 3313 bdsq.
1043 3242 1092 3295 de-

78 3313 212 3369 scribitur
226 3312 314 3369 editio
324 3313 453 3370 Parisino
466 3332 491 3369 a.
507 3321 585 3382 1516,
600 3330 671 3382 quae
682 3314 855 3383 Campanum
870 3319 898 3370 et
912 3314 1092 3370 Zambertum

81 3382 230 3523 cgniungit
243 3386 376 3455 (repetita
389 3403 454 3440 oum
467 3383 670 3440 mutationibus
684 3385 781 3454 paucis
796 3385 880 3441 Basil.
898 3391 976 3454 1637,
989 3385 1092 3440 iterum

76 3451 117 3511 i.
139 3458 225 3510 1546.
