2362 3796
367 146 638 198 PROLEGOMENA
657 146 808 198 CRITIOA.
1049 142 1099 196 LV

80 291 113 342 et
129 287 248 341 Studien
265 305 292 356 p.
310 290 380 355 186),
399 286 442 340 166
460 288 492 339 66
510 284 625 339 difficile
644 285 681 339 sit
699 284 863 353 diiudicetu,
883 285 952 353 quid
966 285 1098 341 Euclides

82 365 241 437 scripserit;
259 366 273 419 I
290 386 317 436 p.
338 373 380 434 36,
400 372 435 420 24
454 364 542 420 etium
560 365 582 418 P
602 359 765 420 6661666.

153 447 205 501 His
224 447 296 501 locis
314 445 403 515 igitur
421 461 526 500 errores
545 442 753 512 deprehendere
768 443 822 499 sibi
837 444 915 498 uisus
931 444 1096 509 666Τ116611,

81 526 152 581 alibi
171 525 306 582 cretionis
326 526 446 578 formem
465 523 612 578 meliorem
630 523 747 577 reddere
761 525 894 579 mutando
908 541 937 578 se
951 542 1031 594 posse
1046 543 1097 594 pu-

81 605 167 661 tauit.
205 607 234 660 et
250 604 373 673 primum
391 603 614 669 emendationes,
641 602 665 655 si
684 602 727 655 dis
744 602 853 672 placet,
878 602 1028 672 ampliores
1046 604 1097 658 hes

83 684 200 752 collegi:

99 782 101 790 ·
155 762 230 832 VIII,
249 768 265 815 3
282 781 309 832 p.
329 767 389 828 278,
411 767 488 827 1-7,
508 759 557 814 ubi
574 759 711 815 breuitati
729 759 848 815 studuit.

155 842 206 910 IX,
225 848 241 896 2
265 861 293 911 p.
313 847 377 909 342,
397 845 490 905 6-6,
516 839 565 894 ubi
583 840 619 894 ed
641 838 762 897 formem
785 840 989 910 propositionis
1010 841 1098 911 ipsius

81 922 212 993 respexit.

150 1002 199 1070 IX,
220 1008 253 1056 16
272 1020 300 1071 p.
321 1006 381 1069 376,
401 1006 485 1068 3sq.,
509 998 559 1053 ubi
577 999 617 1053 sio
637 997 750 1069 scripsit
766 1000 897 1056 Euclides
917 1000 978 1069 (cfr.
997 1018 1025 1070 p.
1045 1006 1096 1056 377

81 1084 165 1153 not.):
187 1078 239 1136 ἐὰν
258 1080 290 1135 dt
311 1079 364 1135 δύο
382 1075 503 1149 eipedpol
521 1077 594 1147 πρός
611 1097 675 1131 τινα
692 1075 818 1150 ἀριθμὸν
831 1081 938 1149 πρῶτον
952 1070 1029 1149 ὦσιν,
1048 1079 1098 1134 καλ

79 1156 95 1215 ὁ
118 1156 147 1226 ἐξ
168 1156 267 1214 αὐτῶν
286 1156 436 1231 γενόμενος
457 1154 530 1226 πρὸς
547 1155 598 1211 τὸν
616 1156 716 1211 λοιπὸν
739 1157 851 1227 πρῶτός
870 1155 958 1214 ἐστιν·
987 1154 1095 1215 oi'otsd

81 1237 114 1296 ἐκ
132 1242 189 1295 τῶν
208 1245 277 1307 ΖΔ,
296 1241 353 1293 ΔΕ
375 1235 447 1307 πρὸς
468 1235 520 1290 τὸν
538 1239 591 1290 ΕΖ
614 1234 724 1305 πρῶτός
744 1232 832 1293 iores·
860 1232 930 1295 ὥστε
953 1239 1003 1294 ναὶ
1026 1236 1042 1294 ὁ
1063 1235 1095 1294 iu

77 1321 134 1374 τῶν
154 1324 217 1386 ΖΔ,
237 1322 294 1373 ΔΕ
316 1311 530 1388 potestpotest
551 1316 601 1369 τοῦ
621 1319 673 1369 ΕΖ
690 1315 802 1385 πρῶτός
822 1314 904 1373 ἐστιν.
943 1315 1005 1374 ἄλλ’
1022 1324 1094 1386 κτλ,

79 1400 179 1454 Theon
197 1403 292 1456 eutem
311 1398 413 1453 omissa
432 1396 496 1464 VII,
515 1402 550 1450 24
574 1396 611 1449 ab
629 1397 747 1452 Euclide
770 1400 870 1452 contre
886 1416 993 1454 morem
1013 1417 1094 1454 suum

86 1479 214 1533 omnibus
228 1477 322 1535 uerbis
336 1477 436 1533 citato:
455 1474 505 1530 καὶ
525 1471 539 1530 ὁ
555 1471 587 1530 ἐκ
601 1475 657 1530 τῶν
671 1480 731 1545 ΖΔ,
748 1481 805 1532 ΔΕ
822 1473 880 1547 ἄρα
893 1478 963 1547 πρὸς
976 1478 1026 1534 τὸν
1041 1482 1094 1533 ΕΖ

79 1555 191 1628 πρῶτός
209 1554 295 1614 ἔστιν.
325 1554 378 1614 ἐὰν
392 1555 425 1612 δὲ
440 1555 493 1611 duic
512 1550 633 1624 ἅρνθμολ
650 1557 757 1624 πρῶτον
774 1556 844 1626 πρὸς
862 1554 998 1626 ἀλλήλους
1016 1550 1093 1625 ὦσιν,

77 1632 93 1692 ὃ
115 1634 173 1690 ἀπὸ
193 1639 243 1691 τοῦ
262 1633 328 1697 ἑνὸς
342 1631 437 1688 αὐτῶν
450 1629 604 1703 γενόμενος
618 1633 689 1700 πρὸς
701 1634 751 1689 τὸν
766 1635 866 1690 λοιπὸν
879 1635 991 1706 πρῶτός
1005 1633 1095 1691 ἐστιν·

78 1712 151 1770 ὥστε
167 1711 182 1769 ὁ
200 1711 232 1768 ἒν
246 1715 304 1767 τῶν
320 1718 381 1779 ΖΔ,
396 1715 452 1764 ΔΕ
468 1711 516 1764 καὶ
530 1708 601 1777 πρὸς
614 1709 663 1763 τὸν
678 1708 735 1766 ἀπὸ
750 1716 801 1768 cod
815 1718 868 1768 ΕΖ
885 1712 995 1782 πρῶτός
1009 1712 1093 1770 ἐστιν.

78 1790 151 1848 ἀλλά
163 1797 218 1847 κτλ.
233 1793 333 1859 itaque
344 1789 426 1857 quusi
439 1789 476 1842 ed
490 1788 727 1857 compensandum
735 1792 957 1859 propositionem
965 1795 1095 1848 omissam

81 1873 171 1929 aliam
189 1870 250 1939 VII,
270 1874 305 1924 25
324 1868 431 1929 citauit.
469 1865 526 1922 sliu
545 1866 674 1935 exempla
690 1885 717 1922 u.
736 1869 792 1924 uol.
811 1868 850 1922 III
872 1888 900 1938 p.
920 1877 981 1938 224,
1001 1877 1034 1925 18
1045 1890 1094 1942 sq.,

79 1951 121 2007 IV
135 1971 162 2022 p.
174 1956 235 2018 140,
246 1955 281 2004 24
291 1967 340 2018 sq.,
358 1965 386 2017 p.
398 1952 458 2014 160,
470 1953 502 2002 13
514 1963 554 2015 sq.
576 1949 692 2016 (uepp.
706 1947 727 2016 Ι,
742 1952 760 2001 4
773 1965 801 2018 p.
813 1951 885 2019 366),
903 1968 930 2019 p.
948 1957 1006 2017 170,
1018 1958 1033 2006 6
1044 1970 1094 2020 sq.,

78 2053 106 2104 p.
122 2037 185 2101 216,
201 2036 233 2085 13
245 2045 286 2096 sq.
314 2028 470 2085 6611116616
488 2045 552 2083 cum
571 2027 772 2083 additamentis
792 2031 829 2097 (u.
844 2027 927 2097 infra)
947 2031 1095 2088 coniuncte

77 2111 119 2166 III
138 2129 165 2179 p.
186 2116 230 2177 62,
252 2115 284 2162 14
294 2125 342 2179 sq.,
361 2126 388 2179 p.
410 2114 469 2176 166,
490 2113 524 2162 14
534 2126 584 2176 sq.,
603 2108 643 2162 IV
660 2127 687 2177 p.
704 2113 763 2176 172,
783 2115 864 2178 3sq.;
883 2109 932 2164 cfr.
953 2110 1039 2164 etium
1054 2111 1093 2167 III

78 2210 109 2261 p.
130 2195 190 2256 112,
210 2195 234 2243 0.
263 2190 358 2244 contre
375 2188 415 2242 IV
433 2207 460 2258 p.
481 2193 541 2258 266,
563 2194 596 2241 14
606 2206 646 2257 sq.
674 2189 762 2242 uerba
780 2189 906 2244 Euclidis
926 2189 1092 2246 informem

80 2270 237 2324 breuiorem
255 2267 376 2337 redegit3
396 2269 444 2326 cfr.
463 2267 502 2321 IV
521 2286 548 2337 p.
570 2272 629 2336 188,
649 2272 715 2336 tsq.

149 2349 316 2416 Plerumque
333 2349 430 2402 temen
448 2347 619 2402 mutationes
636 2347 705 2402 11166
724 2348 760 2402 ud
774 2365 865 2418 peuce
877 2351 989 2406 tentum
1002 2353 1089 2408 uerba

76 2429 251 2497 minoresque
265 2428 467 2490 sententiarum
481 2428 575 2494 partes
589 2426 740 2496 pertinent,
761 2445 832 2496 quoe
847 2428 943 2498 ulique
958 2432 993 2488 de
1003 2449 1090 2488 cause

74 2507 162 2565 uliter
180 2509 355 2566 conformare
374 2506 401 2560 ei
418 2504 511 2573 libuit,
530 2507 610 2561 uelut

144 2589 201 2646 uol.
220 2589 233 2641 Ι
250 2607 279 2656 p.
299 2592 342 2654 68,
362 2593 377 2640 3
396 2602 448 2655 pro
466 2581 484 2654 ἡ
504 2583 536 2640 δὲ
555 2585 627 2655 πρὸς
644 2589 682 2658 τῷ
702 2595 724 2642 Α
742 2593 832 2658 γωνία
850 2592 901 2658 τῆς
919 2592 989 2661 πρὸς
1008 2595 1046 2666 τῷ
1063 2599 1088 2646 Δ

75 2671 181 2738 γωνίας
201 2667 341 2737 reposuit,
369 2667 443 2734 quod
461 2665 593 2722 usitatius
615 2671 671 2737 est,
699 2672 789 2738 γωνία
817 2669 849 2726 cl
877 2669 895 2740 ἡ
924 2669 980 2728 ὑπὸ
1006 2677 1092 2726 ΒΑΓ

75 2749 180 2816 γωνίας
198 2748 247 2815 τῆς
265 2743 322 2800 ὑπὸ
342 2748 437 2812 ΕΔΖ,
464 2745 541 2800 idem
557 2745 627 2800 fecie
644 2749 669 2800 Il
687 2766 715 2817 p.
735 2755 777 2818 88,
797 2756 844 2819 22,
864 2751 903 2806 IV
920 2770 947 2819 p.
963 2757 1024 2818 278,
1047 2756 1087 2818 12,

78 2828 129 2882 cfr.
147 2827 352 2895 111p.ee,11;
371 2828 468 2880 contre
487 2824 513 2878 II
527 2844 554 2895 p.
570 2832 612 2896 04,
628 2833 698 2881 3-4
717 2828 797 2884 illem
814 2830 935 2885 formem
953 2829 1088 2898 restituit,

76 2907 137 2960 sine
157 2905 241 2959 dubio
259 2907 294 2959 ed
313 2904 525 2960 similitudinem
544 2924 571 2974 p.
591 2911 634 2975 92,
655 2913 687 2961 16
707 2910 737 2962 66
753 2927 780 2977 p.
802 2914 846 2978 04,
866 2916 890 2963 7.

146 2984 159 3038 Ι
177 3003 204 3054 p.
225 2990 267 3053 88,
286 2989 320 3039 22
343 3002 395 3055 pro
418 2983 490 3040 εἰσιν
514 2986 560 3039 loo
582 2986 780 3055 perspicuitati
802 2987 950 3040 consulens
975 2986 1089 3057 scripsit

72 3068 136 3121 λ’σον
155 3062 187 3119 τὸ
206 3067 312 3118 ΕΒΓΑ
329 3070 368 3138 τῷ
389 3069 514 3131 ΔΒΓΖ,
543 3065 641 3119 eodem
660 3066 745 3119 modo
762 3065 803 3119 ΙΙΙ
821 3084 847 3134 p.
868 3071 911 3132 22,
930 3071 963 3119 21
989 3064 1017 3122 εί
1033 3067 1087 3139 γὰρ

72 3143 153 3201 ἔσται
171 3140 316 3214 σύμμετρα
338 3145 462 3200 mutauit
484 3142 514 3196 in
538 3141 565 3197 εί
582 3141 635 3213 γὰρ
650 3141 810 3213 σύμμετρόν
829 3141 887 3198 ἐστι
904 3143 936 3200 τὸ
956 3153 977 3200 Α
998 3148 1035 3220 τῷ
1056 3154 1087 3204 Β.

73 3223 200 3280 eiusdem
218 3223 276 3278 fere
294 3223 406 3293 generis
419 3225 471 3291 est,
491 3223 565 3291 quod
579 3222 605 3275 II
619 3240 646 3291 p.
661 3229 723 3290 234,
740 3226 773 3275 18
792 3239 842 3290 pro
858 3216 962 3288 αὐτούς
976 3227 1088 3296 scripsit

73 3302 140 3367 τοὺς
157 3308 189 3371 Α,
208 3307 244 3369 Β,
273 3302 576 3370 cfr.111p.1se,11;
604 3319 631 3370 p.
651 3307 716 3368 208,
736 3306 783 3366 21,
811 3319 839 3370 p.
859 3306 920 3373 300,
943 3311 984 3361 16.
1022 3322 1087 3360 con-

73 3383 194 3438 trarium
220 3383 329 3436 lactum
356 3381 483 3434 uidemus
510 3380 549 3433 IV
568 3399 594 3448 p.
615 3385 676 3445 206,
695 3385 743 3444 23,
768 3376 816 3433 cfr.
836 3379 849 3431 I
868 3398 895 3448 p.
910 3387 971 3452 234,
990 3389 1038 3449 22,
1060 3381 1087 3436 Π

70 3481 99 3532 p.
112 3468 155 3530 84,
168 3468 209 3516 11.
230 3456 351 3514 conferri
358 3460 458 3526 potest
471 3460 557 3513 etiem
570 3460 583 3512 I
597 3477 624 3527 p.
635 3464 696 3527 318,
711 3464 736 3525 4,
750 3457 802 3512 ubi
813 3475 866 3532 pro
879 3461 939 3518 6616
954 3458 1104 3519 6666.-
