2362 3796
500 777 545 849 In
572 775 711 848 librum
739 777 767 849 Ι.

199 953 226 1014 1.
264 941 351 1032 [Τὴν
378 953 581 1036 γεωμετρίαν
609 951 816 1034 ὃιαιροῦσ]ιν
844 954 892 1026 είς
918 972 953 1014 τε
980 944 1042 1032 τὴν
1076 946 1143 1013 ἐπί-

128 1057 231 1122 πεδον
249 1053 305 1121 καὶ
322 1053 386 1140 τὴν
404 1059 667 1142 στερεομετρίαν,
686 1053 742 1120 καὶ
756 1050 821 1121 ὑπὸ
836 1051 958 1132 ταύτας
976 1049 1144 1138 ἀνάγουσι

128 1158 234 1241 πάσας
252 1158 311 1241 τάς
328 1159 393 1249 ὕλῃ
412 1161 594 1249 χρωμένας,
609 1153 684 1228 οἷον
699 1158 937 1248 ἀστρονομίαν,
957 1163 1142 1247 νεωὸεσίαν

127 1265 265 1346 καὶτὰς
288 1265 400 1350 άλλας,
424 1263 501 1335 ὅσαι
523 1262 589 1334 ὑπὸ
614 1265 802 1354 μηχανικὴν
824 1269 966 1335 τελοῦσι.
1012 1263 1078 1335 ὑπὸ
1105 1263 1144 1333 δὲ

126 1370 352 1461 ἀριθμητικὴν
375 1371 496 1458 άγουσι
524 1374 704 1459 μουσικήν,
728 1371 930 1458 λογιστικήν.
978 1373 1048 1440 ἐπεὶ
1078 1363 1143 1440 οὖν

126 1479 202 1564 περὶ
230 1481 267 1546 τὸ
298 1475 434 1563 συνεχὲς
461 1481 526 1563 ἔχει
553 1482 751 1564 γεωμετρία,
782 1479 907 1563 δῆλον,
934 1475 986 1545 ὅτι
1014 1487 1144 1562 γνῶσιν

129 1580 234 1669 αὐτὴν
267 1585 321 1648 δεῖ
350 1582 469 1666 λέγειν.
524 1581 684 1666 γνάσειον
721 1581 759 1648 δὲ
791 1579 905 1649 οὐσῶν
943 1581 1144 1668 αἰσθήσεως,

25 1744 28 1749 ,
129 1691 332 1775 φαντασίας,
360 1690 490 1772 πείρας,
519 1688 703 1773 ἐμπειρίας,
725 1687 857 1773 τέχνης,
886 1686 1066 1773 ἐπιστήμης
1089 1687 1145 1754 καὶ

131 1797 190 1880 τῆς
212 1791 274 1879 μὲν
298 1790 489 1877 αἰσθήσεως
515 1789 556 1860 τά
585 1791 677 1872 ἐκτὸς
705 1789 837 1878 ὁρώσης
864 1791 1011 1879 αἰσθητά
1018 1845 1028 1878 ,
1061 1819 1145 1880 φαν·

129 1903 245 1977 τασίας
269 1896 308 1963 δὲ
329 1893 370 1964 τά
400 1895 507 1984 ἐντός,
541 1897 687 1983 αἰσθητά
716 1900 845 1986 μέντοι,
874 1897 994 1967 λοιπὸν
1022 1899 1060 1968 δὲ
1086 1909 1177 1986 τῆςι

130 2008 246 2091 πείρας
265 2002 318 2069 ἐπὶ
335 2005 403 2070 τῶν
418 2002 578 2090 πρακτῶν
597 2005 828 2090 γινωσκοάσης
845 2003 882 2072 τὸ
903 2007 1049 2093 πρᾶγμα,
1070 1998 1144 2075 οἷον

133 2109 185 2176 ἐπὶ
204 2112 351 2196 ἰατρικῆς
370 2105 451 2176 ὅταν
468 2106 693 2197 προσαγαγὼν
710 2108 788 2178 τόδε
806 2107 843 2177 τὸ
864 2109 1044 2198 φάρμακον
1062 2122 1143 2204 γνῷ,

32 2214 36 2219 ’
133 2212 184 2283 ὅτι
207 2211 371 2301 ὠφελήσει
397 2212 476 2282 τόδε
502 2212 540 2283 τὸ
568 2213 680 2295 πάθος
702 2216 758 2284 καλ
781 2216 883 2284 πάλιν
904 2216 982 2285 τόδε
1005 2217 1043 2287 τὸ
1068 2227 1143 2286 κολ·

132 2320 265 2410 λύριον,
298 2322 437 2389 ἕκαστον
470 2322 590 2406 μέντοι
611 2320 694 2389 κατά
722 2327 802 2410 μίαν
834 2334 969 2412 χρῆσιν,
1006 2322 1077 2393 εἶτα
1108 2327 1143 2392 ἐκ

129 2435 262 2496 πολλῶν
285 2431 411 2513 πειρῶν
434 2429 595 2514 λαμβάνει
618 2427 722 2514 λόγον
745 2427 821 2497 τινὰ
844 2429 924 2498 καθ’
950 2429 1049 2517 ὅλον,
1078 2429 1140 2515 ὅτι,
1161 2454 1174 2502 1

129 2533 241 2620 ἐπειδὴ
260 2533 316 2600 καὶ
334 2533 413 2600 τόδε
431 2531 470 2600 τὸ
484 2532 596 2613 πάθος
610 2531 782 2621 ὠφέλησεν
796 2534 874 2604 τόδε
893 2534 930 2606 τὸ
950 2539 1141 2625 φάρμακον,

129 2645 237 2708 ἔοικεν
255 2636 336 2708 καθ’
354 2637 437 2707 ὅλον
455 2639 537 2726 πρὸς
554 2638 633 2707 τόδε
650 2638 688 2708 τὸ
707 2640 819 2721 πάθος
838 2642 1027 2729 ἐπιτήδειον
1046 2637 1144 2739 εἶναι,

128 2748 183 2814 καὶ
208 2745 314 2826 οὕτως
341 2741 421 2812 καθ’
449 2742 532 2812 ὅλον
554 2748 712 2832 γινώσκει
733 2747 789 2813 καὶ
819 2752 906 2835 ἔχειν
935 2748 1064 2831 λέγεται
1091 2748 1143 2833 ἐμ·

203 2929 226 2978 1,
254 2922 349 2976 Habet
366 2920 389 2975 P
407 2937 479 2976 man.
501 2928 515 2976 1
535 2922 583 2977 fol.
603 2927 712 2988 3-133
740 2923 852 2978 initium
876 2923 968 2990 deest,
992 2920 1059 2992 quia
1082 2923 1141 2979 sine

129 2994 215 3049 dubio
230 3009 326 3059 unum,
345 2992 464 3047 fortasse
477 2992 560 3062 plura
574 2993 659 3047 etiam
674 2993 742 3048 folia
756 2994 965 3049 interciderunt.
985 3010 1050 3063 pars
1064 2995 1142 3064 prior

129 3063 253 3119 difficilis
277 3064 320 3117 est
342 3063 431 3129 lectu3
460 3080 515 3132 qua
538 3064 573 3117 de
597 3081 680 3119 eausa
702 3082 801 3119 manus
820 3065 1011 3120 recentissima
1029 3082 1092 3120 eam
1110 3068 1141 3122 in

127 3135 178 3191 fol.
199 3140 277 3189 1-2
296 3134 431 3202 repetiuit
448 3151 505 3190 non
523 3134 581 3189 sine
605 3135 752 3191 erroribus.
789 3136 819 3190 in
837 3135 893 3190 fine
910 3138 1001 3192 multa
1019 3138 1141 3193 euanida

129 3222 214 3261 manu
232 3204 389 3260 recentiore
408 3207 543 3261 renouata
561 3208 634 3260 sunu
671 3205 792 3261 euanida
809 3207 888 3261 uncis
908 3207 941 3278 []
960 3207 1068 3266 inclusi.

201 3371 225 3420 3.
245 3365 401 3433 μεοσιοίαν.

1117 3396 1148 3479 [λ
