2362 3796
124 144 188 208 138
275 146 432 198 SOHOLIA
449 150 489 201 m
506 146 781 200 mmmmm
798 146 973 200 Imm

122 284 206 373 πρός
227 311 263 354 τε
286 283 351 374 γὰρ
379 286 520 356 εὐθεῖάν
546 291 638 357 ἐστιν
664 285 686 375 ή
714 285 841 375 ἀγωγή,
868 282 912 373 ἣν
938 290 1131 372 προτίθεται

122 388 274 479 ἀγαγεῖν,
296 395 353 461 καλ
377 391 422 473 ὡς
445 397 482 462 ἐν
504 395 556 463 ἑνλ
580 395 722 486 ἐπιπέδῳ
743 393 881 462 πάνταν
902 390 1132 479 ὑποκειμένων

122 495 141 566 ὁ
166 497 266 584 λόγος
288 501 448 585 πρόεισιν.
490 501 545 568 ἐπὶ
573 502 635 587 μέν
659 492 722 568 οὐν
744 502 806 568 τού
830 498 878 567 ια’
900 497 1132 587 προβλήματος

122 604 175 671 έπλ
202 610 261 691 τῆς
289 605 424 686 εὐθείας
451 610 509 693 τῆς
531 605 614 694 πρὸς
640 604 753 691 όρθάς
778 611 918 692 γωνίας,
950 602 1070 692 ἐπειδὴ
1100 602 1134 673 τὸ

87 736 104 786 5
123 725 262 798 σημεῖον
286 712 336 779 ἐπ’
357 710 462 798 αὐτῆς
484 721 618 800 είληπτο
640 717 699 799 τῆς
717 711 863 799 εὐθείας,
884 710 990 781 ούδλν
1010 711 1132 798 ἐδεήθη

121 821 179 903 τῆς
197 814 359 905 ἀπειρίας,
377 821 527 887 ἐνταῦθα
543 819 582 887 δὲ
596 820 649 887 έπλ
661 830 721 906 τῆς
733 820 881 887 καθέτου
893 815 956 905 τήν
970 821 1133 886 δοθελσαν

121 922 262 1012 ἄπειρον
285 923 493 1011 ὑποτίθεται,
516 925 629 1012 ἐπειδὴ
653 923 691 993 τὸ
714 938 866 1012 σημείου,
887 921 949 1012 ἀφ’
970 915 1015 992 οὐ
1038 921 1132 1011 ἡνιό-

122 1038 221 1109 θετος
243 1029 438 1117 ἀχθήσεται,
463 1033 523 1112 ἔξω
545 1056 613 1099 που
635 1045 740 1099 κεῖται
763 1036 822 1119 τῆς
845 1030 991 1109 εὐθείας.
1026 1030 1086 1098 καλ
1105 1033 1134 1097 εί

123 1133 168 1220 μή
191 1128 234 1221 ἦν
258 1133 407 1221 ἀπειρος,
436 1138 513 1222 ἐξῆν
537 1134 644 1215 οὕτως
666 1134 703 1203 τὸ
728 1149 868 1222 σημεῖον
890 1140 1024 1221 λαβεῖν,
1052 1132 1133 1203 ὥστε

71 1266 105 1316 10
124 1241 185 1319 ἔξω
209 1240 270 1325 μὲν
293 1238 380 1308 εἶναι
401 1246 460 1328 τῆς
489 1246 648 1328 δοθείσης
674 1242 824 1326 εὐθείας,
857 1239 906 1309 ἐπ’
934 1238 1070 1319 εὐθείας
1094 1239 1132 1306 δέ

122 1343 226 1432 ταύτῃ
254 1356 403 1431 κεῖσθαι,
434 1347 519 1416 ὥστε
551 1348 798 1435 έιιβαλλομένην
824 1346 887 1434 τήν
914 1344 1051 1415 εὐθεῖαν
1077 1342 1125 1412 ἐπ’

123 1448 205 1518 αὐτὸ
233 1458 381 1538 πίπτειν,
412 1454 468 1521 καλ
500 1452 542 1522 οὐ
568 1454 751 1543 προεχόρει
778 1453 815 1522 τὸ
843 1455 1029 1540 πρόβλημα.
1075 1449 1132 1519 διὰ

123 1562 222 1627 τοῦτο
247 1557 386 1645 ἀπειρον
410 1565 506 1629 ἔθετο
529 1559 591 1647 τὴν
614 1559 761 1629 εὐθεῖαν.
803 1559 916 1646 ἐπειδὴ
940 1560 980 1628 δὲ
1001 1557 1135 1640 εὐθείας

124 1663 265 1752 ἀπείρου
284 1662 387 1751 οὐσης
404 1665 534 1754 ἀνάγκη
553 1668 609 1735 καλ
628 1669 786 1735 ἐπίπεδον
804 1664 945 1755 ἀπειρον
957 1664 1058 1752 εἶναι,
1082 1662 1132 1753 ἐφ’

70 1797 105 1846 15
125 1763 167 1839 οὐ
188 1772 209 1858 ἡ
234 1769 351 1840 εὐθεῖα
374 1770 572 1859 ἀχθήσεται,
605 1775 641 1842 ἐν
671 1773 709 1842 δὲ
736 1787 806 1853 τοῖς
833 1777 1010 1859 αἰσθητοῖς
1033 1772 1134 1842 οὐδέν

124 1880 193 1945 ἐστι
215 1880 357 1965 μέγεθος
379 1877 520 1966 ἀπειρον
538 1877 610 1947 κατ’
632 1877 794 1966 οὐδεμίαν
813 1878 1001 1965 διάστασιν,
1024 1878 1134 1966 ὥσπερ

124 1982 142 2051 ὁ
167 1985 341 2071 δαιμόνιος
361 1968 586 2072 Ἀριστοτέλης
608 1986 664 2053 καλ
688 1989 723 2054 οί
743 1982 800 2053 ἀπ’
827 1983 932 2053 αὐτοῦ
954 1984 1018 2072 τήν
1043 1994 1135 2073 φιλο

125 2097 248 2176 σοφίαν
277 2091 449 2179 δεξόμενοι
483 2091 711 2159 δεικνύουσιν·
754 2089 831 2159 οὐτε
857 2089 922 2179 γὰρ
953 2090 992 2159 τὸ
1024 2093 1134 2182 ιιύιιλφ

123 2196 325 2282 κινούμενον
353 2196 493 2286 ἀπειρον
520 2195 608 2265 εἶναι
637 2200 804 2284 ἐνδέχεται
832 2197 910 2266 οὐτε
932 2205 1001 2266 τῶν
1024 2198 1136 2266 ἄλλων

70 2326 106 2375 20
125 2300 287 2386 σωμάτων
310 2311 377 2369 τῶν
400 2300 515 2370 ἁπλῶν
534 2301 649 2371 οὐδέν·
673 2309 742 2371 ἐστι
765 2302 830 2390 γὰρ
854 2303 1014 2389 ἑκατέρου
1035 2305 1136 2381 τόπος

124 2403 320 2492 ὡρισμένος·
357 2412 501 2475 λείπεται
529 2401 593 2477 οὐν
621 2412 657 2477 ἐν
679 2414 719 2498 τῇ
743 2415 913 2499 φαντασίᾳ
932 2406 972 2476 τὸ
996 2407 1136 2505 ἀπειρον

124 2510 334 2598 ὑφίστασθαι
357 2510 399 2578 οὐ
421 2513 567 2600 νοούσης
586 2512 669 2583 αὐτό
675 2537 682 2551 ·
706 2513 775 2601 ἅμα
790 2515 858 2603 νάρ
876 2519 922 2607 τῷ
940 2524 1065 2602 νοῆσαι
1083 2516 1136 2583 ααλ

124 2619 259 2706 μορφὴν
283 2618 397 2704 έπάνει
419 2623 464 2710 τῷ
488 2622 661 2712 νοουμένῳ
684 2622 741 2688 καλ
764 2622 865 2706 πέρας
887 2622 1002 2710 καλιῇ
1021 2618 1137 2709 νοήσει

123 2726 185 2813 τὴν
211 2730 273 2795 τοῦ
303 2724 538 2813 φαντάσματος
570 2731 680 2813 ἵστησι
709 2728 863 2807 διέξοδον
894 2727 951 2795 καλ
979 2729 1136 2809 διέξεισιν

70 2854 106 2905 25
124 2831 207 2901 αὐτὸ
230 2833 286 2900 καὶ
313 2831 568 2919 περιλαμβάνει,
603 2831 621 2902 ὁ
650 2838 731 2913 νούς
760 2834 801 2900 δέ
826 2836 895 2901 ἐστι
921 2832 960 2901 τὸ
988 2831 1136 2921 ἀπειρον.

124 2937 168 3025 μή
188 2939 336 3025 νοούσης
353 2945 471 3008 τοίνυν
490 2950 549 3026 τῆς
567 2946 752 3026 φαντασίας
769 2937 807 3006 τὸ
825 2938 1028 3026 νοούμενον,
1052 2938 1137 3009 ἀλλά

124 3040 405 3131 ἀορισταινούσης
427 3050 555 3132 μᾶλλον
578 3052 649 3131 καί,
679 3043 761 3113 ὅσον
790 3044 1060 3133 ἀναταμέτρητον
1083 3046 1136 3114 καλ

196 3211 221 3257 3.
241 3195 306 3274 οὐν]
327 3205 361 3271 Ρ,
381 3220 434 3259 om.
454 3204 503 3260 Vf.
562 3210 587 3259 4.
608 3205 668 3276 τῆς]
688 3203 760 3274 (alt.)
780 3196 801 3259 ἀ
821 3205 859 3273 V,
883 3197 901 3275 ἦ
921 3205 950 3260 Ρ.
1026 3211 1050 3261 7.
1071 3206 1138 3261 Post

125 3279 241 3397 ἶλμύἷὲν
269 3275 332 3398 ἣάἀ
358 3270 655 3416 λῖὐιαέτίλίῖὐηπω
680 3274 776 3401 ἀίει
797 3274 996 3418 ιάὐιηζήῦἰύἐ
1022 3275 1136 3403 ὐλὲἀὲ

124 3432 152 3483 p.
171 3417 237 3479 285,
257 3419 281 3469 6.
371 3421 414 3471 25.
440 3411 454 3469 ὁ
478 3422 547 3479 νοῦς
571 3421 600 3472 ελ
622 3433 694 3486 quae
718 3418 886 3486 sequuntur,
912 3420 1059 3489 αοιιυφλας
1088 3419 1136 3474 cfr.

124 3483 473 3557 fflmpmmw
