2362 3796
117 147 161 211 22
485 151 686 205 Στοιατιαα
703 147 753 206 ιε’.

118 300 186 362 ΗΘ
207 303 266 378 τῆς
289 296 360 378 ΘΓ,
383 289 421 359 τὸ
445 287 510 360 ὑπὸ
535 299 611 378 ΑΖ,
629 299 698 360 ΗΘ
721 297 864 361 διπλοῦν
887 295 956 361 ἐστι
978 294 1039 361 τοῦ
1062 290 1123 361 ύπέ

121 407 196 485 ΑΖ,
215 404 285 466 ΘΓ.
322 397 385 466 δύο
409 397 476 487 άρα
498 396 538 464 τὰ
561 395 628 467 ὑπὸ
647 406 723 482 ΑΖ,
742 405 809 466 ΘΓ
826 407 883 466 ἰσα
906 399 975 466 ἐστὶ
996 397 1130 490 τῷ-ὑπὸ

119 513 195 593 ΑΖ,
220 512 297 573 ΗΘ.
342 505 397 572 καὶ
425 505 505 572 δέκα
533 503 598 593 άρα
625 507 665 572 τὰ
693 502 760 573 ὑπὸ
786 513 865 592 ΑΖ,
889 512 954 574 ΘΓ
977 514 1034 573 ἰσα
1061 509 1132 575 ἐστὶ

120 613 219 680 πέντε
241 624 311 692 τοῖς
334 609 400 680 ὑπὸ
423 619 505 696 ΑΖ,
528 617 610 697 ΗΘ,
639 614 787 679 τουτέστι
811 612 875 681 δύο
898 613 1133 699 πενταγώνοις.

85 741 101 789 5
123 719 206 789 ώστε
223 719 322 788 πέντε
339 718 379 787 τά
399 716 465 788 ύπδ
485 728 518 787 Α
524 725 561 804 Ζ,
576 722 642 785 ΘΓ
656 726 712 785 ἰσα
732 718 823 786 ἐστὶν
846 718 898 786 ένί
920 718 1132 810 πενταγώυφ.

122 825 278 906 πεντάκις
296 825 334 894 δὲ
352 826 392 893 τὰ
411 821 477 894 ὑπὸ
491 832 567 910 ΑΖ,
582 831 647 893 ΘΓ
667 834 723 892 ἰσα
742 824 811 893 ἐστὶ
828 829 875 917 τῷ
889 822 956 894 ὑπὸ
970 834 1044 914 ΑΖ,
1058 833 1132 912 ΘΒ,

122 934 235 1019 ἐπειδὴ
255 939 423 1018 πενταπλῆ
444 932 533 998 ἐστιν
552 929 650 1018 ἡΘΒ
668 935 727 1017 τῆς
740 938 812 1016 ΘΓ,
836 931 891 998 καί
910 931 1027 1001 κοινὸν
1046 931 1133 1015 ύψος

122 1041 214 1108 ἐστὶν
240 1037 261 1124 ἡ
290 1046 364 1106 AZ.
414 1036 452 1105 τὸ
481 1035 546 1125 άρα
572 1035 638 1106 ὑπὸ
667 1044 745 1125 ΑΖ,
769 1044 832 1104 ΒΘ
859 1046 935 1106 ἰσου
964 1042 1054 1107 ἐστὶν
1081 1041 1133 1107 ἑνὶ

124 1143 336 1235 πευταγώνφ.
611 1178 613 1183 ·

71 1275 104 1324 10
194 1248 323 1318 Τούτου
342 1249 449 1335 δήλου
468 1248 566 1329 ὄντος
584 1254 650 1317 νῦν
664 1251 826 1318 ἐκκείσθω
843 1248 1134 1340 ὁπεριλαμβάνων

124 1355 244 1434 κύκλος
266 1355 304 1423 τό
323 1359 437 1424 τετοῦ
457 1357 689 1445 δωδεκαέδρου
707 1356 924 1443 πεντάγωνον
942 1358 998 1425 καὶ
1015 1360 1053 1426 τὸ
1072 1362 1133 1425 τοῖ

124 1463 341 1549 εἰκοσαέδρου
351 1467 517 1549 τρίγωνον
530 1467 599 1530 τών
611 1466 659 1543 εἰς
669 1466 732 1550 τὴν
742 1461 848 1550 αὐτὴν
859 1476 1006 1550 σφαῖραν
1021 1465 1135 1548 ἐγγρα-

124 1569 282 1657 φομένων
306 1566 324 1637 δ
349 1575 462 1656 ΑΒΓ,
494 1569 549 1637 καί
573 1569 859 1659 ἐγγεγράφθωσαν
884 1573 931 1648 εἰς
952 1569 1011 1636 τὸν
1036 1574 1141 1633 ΑΒΓ

124 1674 248 1745 κύκλον
262 1675 478 1764 πενταγώνου
493 1675 694 1766 ἰσοπλεύρου
707 1676 847 1766 πλευραὶ
861 1678 899 1744 αἰ
910 1683 982 1758 ΒΑ,
996 1680 1067 1759 ΑΓ,
1079 1675 1134 1741 καὶ

73 1806 106 1855 15
125 1783 310 1870 ἐπεζεύχθω
325 1781 346 1870 ἡ
358 1791 386 1850 Β
391 1789 430 1870 Γ,
443 1785 499 1851 καὶ
514 1783 666 1871 εἰλήφθω
678 1782 716 1852 τὸ
731 1785 870 1871 κέντρου
884 1787 945 1852 τοῦ
958 1781 1084 1850 κύκλου
1097 1780 1135 1848 τὸ

125 1897 166 1975 Ε,
184 1891 240 1958 καὶ
255 1888 321 1957 άπὸ
340 1893 402 1957 τού
417 1900 449 1956 A
468 1891 519 1957 ἐπὶ
538 1889 576 1957 τὸ
597 1897 629 1956 Ε
645 1888 829 1975 ἐπεζεύχθω
848 1885 869 1974 ἡ
885 1897 963 1976 ΑΕ,
979 1889 1034 1956 καὶ
1049 1889 1137 1974 ἐκβε-

126 1998 265 2084 βλήσθω
280 1996 333 2063 ἐπὶ
346 1994 384 2062 τὸ
400 2002 438 2080 Ζ,
453 1995 508 2062 καὶ
523 2000 605 2062 ἐστω
620 1993 641 2080 ἡ
656 2001 725 2060 ΑΕ
737 1997 795 2080 τῆς
807 2002 882 2062 ΕΗ
894 1999 1005 2082 διπλῆ,
1018 2002 1137 2082 τριπλῆ

127 2103 165 2170 δὲ
187 2099 208 2188 ἡ
228 2107 299 2168 ΚΓ
319 2111 378 2187 τῆς
396 2105 470 2186 ΓΘ,
493 2100 547 2166 καὶ
571 2098 637 2168 άπὸ
656 2104 717 2168 τοῦ
736 2108 775 2168 Η
787 2105 827 2190 τῇ
846 2109 911 2169 ΑΖ
929 2101 1013 2186 πρὸς
1032 2100 1139 2189 ὀρθάς

128 2211 224 2298 ἤχθω
248 2208 268 2296 ἡ
292 2213 382 2294 ΗΜ,
405 2207 461 2274 καὶ
485 2205 699 2291 ἐκβεβλήσθω
725 2203 775 2276 ἐπ’
800 2205 934 2288 εύθείας
957 2206 978 2295 ἡ
1002 2215 1076 2275 ΗΛ
1098 2211 1138 2295 τῇ

75 2335 110 2386 20
129 2323 216 2383 HM.
265 2312 434 2401 τριγώνου
456 2311 522 2401 άρα
551 2312 752 2402 ἰσοπλεύρου
775 2317 865 2383 ἐστὶν
887 2312 908 2402 ἡ
933 2322 1019 2382 ΛΜ.
1071 2317 1138 2381 ἐπε-

132 2422 326 2507 ζεύχθωσαν
340 2423 377 2487 αἰ
389 2429 421 2488 Α
426 2428 470 2507 Δ,
485 2428 569 2488 AM.
595 2419 797 2510 ἰσόπλευρον
811 2420 876 2509 άρα
890 2420 958 2488 ἐστὶ
971 2417 1008 2486 τὸ
1025 2428 1096 2484 ΑΔ
1101 2426 1146 2485 Μ

130 2533 306 2614 τρίγωνον.
351 2528 407 2594 καὶ
431 2527 499 2596 ἐπεί
522 2524 560 2596 τδ
590 2529 651 2616 μὲν
678 2527 745 2597 ὑπὸ
768 2534 854 2612 ΑΗ,
879 2532 940 2593 ΘΒ
967 2531 1042 2588 ἰσου
1071 2524 1140 2588 ἐστὶ

131 2639 176 2727 τῷ
201 2632 414 2725 πενταγώνω,
438 2631 475 2702 τὸ
501 2633 537 2702 δὲ
560 2632 625 2702 ὑπὸ
646 2640 757 2701 ΑΗΔ
778 2635 824 2723 τῷ
838 2635 960 2698 ΑΔΜ
976 2625 1140 2714 τριγώνῳ,

133 2747 223 2811 ἔστιν
247 2739 313 2825 άρα
337 2739 382 2820 ὡς
403 2739 441 2809 τὸ
465 2739 531 2810 ὑπὸ
554 2748 641 2825 ΑΗ,
664 2747 727 2807 ΘΒ
754 2735 838 2821 πρὸς
864 2732 902 2803 τὸ
931 2730 996 2801 ὑπὸ
1020 2741 1141 2820 ΔΗΑ,

81 2870 115 2920 25
135 2847 242 2928 οὕτως
267 2845 305 2916 τὸ
333 2846 549 2934 πεντάγωνον
577 2844 660 2933 πρὸς
687 2842 726 2910 vd
753 2847 927 2930 τρίγωνον.
974 2837 1019 2920 ώς
1043 2839 1080 2908 δὲ
1102 2840 1140 2908 τὸ

206 3016 228 3062 1.
248 3003 292 3076 τό]
313 3006 361 3062 καὶ
379 3004 410 3061 τό
430 3008 464 3061 V.
536 3008 683 3059 Az-2.
701 2997 736 3055 τά
755 2995 826 3071 ὑπό]
849 3017 903 3054 om.
922 3002 952 3055 Ρ.
1027 3007 1050 3055 1.
1071 3002 1142 3072 ΗΘ]

133 3095 202 3134 corr.
221 3078 251 3132 in
271 3081 332 3133 ΘΗ
348 3095 383 3132 m.
405 3085 419 3132 1
439 3078 476 3143 V;
496 3076 560 3131 dein
579 3074 642 3129 add.
661 3069 726 3142 ἄρα.
793 3067 868 3125 ἐστιν
886 3073 917 3128 Β.
981 3072 1045 3143 τοῦ]
1065 3071 1096 3125 τό
1113 3074 1143 3126 Β.

169 3154 194 3203 2.
218 3146 252 3202 τά
272 3145 329 3203 ὑπὸ
349 3154 410 3215 ΑΖ,
432 3147 502 3218 ΘΓ]
526 3162 580 3199 om.
599 3144 636 3199 M.
710 3138 786 3211 ἐστί]
812 3139 870 3197 ἐστὶ
889 3141 936 3199 ἕνί
950 3163 981 3211 v,
1006 3139 1081 3197 ἐστὶν
1101 3137 1147 3196 ἕνί

134 3218 222 3272 PBV.
297 3227 321 3274 3.
342 3220 413 3291 ΗΘ]
436 3220 496 3273 ΘΗ
510 3214 622 3270 PBVv.
681 3213 895 3338 καίὲοωΝτ.
955 3212 1039 3285 δέκα]
1060 3217 1144 3267 δεκα-

134 3287 219 3343 πέντε
238 3308 264 3344 v.
350 3290 400 3344 καὶ
418 3287 488 3344 δέκα
507 3319 541 3328 -
561 3282 622 3341 ἐστί
659 3304 712 3342 om.
760 3284 791 3339 Β.
873 3292 898 3342 4.
922 3283 1024 3357 πέντε]
1045 3301 1098 3339 om.
1118 3304 1144 3340 v,

170 3354 245 3429 ὑπό]
270 3356 327 3414 άπό
346 3363 385 3416 M.
457 3357 600 3415 τουτέστιν
643 3399 649 3412 .
720 3353 888 3425 πεντάγωνα
906 3357 961 3412 Bv.
1035 3361 1059 3409 ὃ.
1083 3359 1133 3408 ΑΖ

135 3440 189 3492 ΑΘ
206 3434 265 3489 ΡΒ.
322 3434 393 3503 ΘΓ]
415 3435 471 3485 ΖΗ
488 3432 517 3486 Ρ.
574 3434 598 3486 6.
617 3425 664 3500 τά]
684 3424 715 3484 τό
731 3429 761 3483 P.
815 3422 1040 3508 ύπὸ]άπόΜ.·
1071 3422 1132 3506 ἐστι’

136 3506 211 3564 ἐστίν
234 3507 287 3560 Bv.
379 3503 444 3574 ΘΒ]
468 3504 522 3558 ΒΘ
543 3501 691 3558 Friedlein.
782 3505 807 3554 7.
835 3498 898 3569 ΘΒ]
922 3498 976 3551 ΒΘ
994 3495 1146 3552 Fnedlem.
