2362 3796
231 115 388 168 scnom
406 116 445 168 IN
462 116 737 170 ELEMENTORUM
754 118 894 172 LIBRUM
908 119 939 173 V.
1031 117 1096 182 3οἸ

80 253 122 323 τά
147 260 182 340 ιβ
204 257 322 324 τῶνῖ.
366 253 405 326 τὸ
429 252 535 324 ΖΘ”
514 281 580 341 αρα
602 259 663 324 τοῦ
687 253 896 345 Ξὺπερέχει.
942 256 980 326 τὸ
1005 258 1042 327 δε
1065 265 1101 327 K
1159 322 1162 326 ,

78 365 142 431 τοῦ
166 363 197 437 Ξ
221 358 284 450 οὐχ
293 359 467 490 ὑπερέχει.
513 366 573 429 καί
558 361 718 431 ίέστι
686 389 725 430 τοι
750 361 811 448 μὲν
834 370 906 449 ΖΘ,
929 363 1010 432 K''
989 391 1098 451 ηγονν

78 471 120 537 τὰ
140 474 175 554 ιβ
192 465 302 536 καὶ
266 492 307 536 τα
325 477 352 536 6
370 470 438 536 τάν
456 473 534 552 ΑΒ,
553 471 587 534 Γ
603 470 753 536 τουτέστι
771 473 841 537 τῶν
860 461 884 537 6
903 471 959 539 καὶ
979 475 1047 539 τῶν
1065 497 1097 557 γ,

79 573 189 655 ἰσάκις
211 571 460 660 πολλαπλάσια,
489 572 528 641 τὸ
552 572 643 649 ὃὲΞ
662 576 723 642 τοῦ
747 582 781 641 A
802 573 944 663 άλλο,“
926 603 944 643 ο
969 581 1095 704 ἒτνγεν,

77 678 341 750 πολλαπλάσιον.
395 678 433 749 τὸ
462 676 583 748 AB''
560 705 626 766 apa
659 677 734 766 ἤτοι
764 677 805 748 τά
834 671 855 748 6
885 676 970 767 πρὸς
997 680 1035 747 τὸ
1063 687 1096 746 A
1132 703 1148 754 ε

77 791 213 874 μείζονα
235 784 341 872 λόγον
364 783 476 873 ἔχει”
453 808 538 872 ηπεο
561 785 599 854 τὸ
624 791 656 853 Γ
674 795 759 873 πρὸς
781 788 819 856 τὸ
843 794 877 853 A
900 789 945 870 [V
968 787 1032 854 def.
1052 789 1096 870 7].

77 893 163 978 λέγω
187 890 286 979 δή,”
266 917 318 960 οτι
340 891 397 961 καὶ
417 893 456 960 τὸ
476 899 510 958 A
532 890 617 978 πρὸς
639 889 678 960 τὸ
697 897 729 959 Γ
748 897 883 978 μείζονα
906 891 1011 978 λόγον
1030 895 1097 978 ἔχει

77 997 162 1086 ἤπερ
183 1024 221 1067 το
246 1006 281 1066 A
303 1000 388 1084 πρὸς
410 995 448 1066 τὸ
471 1003 547 1065 AB.

146 1107 196 1175 62.
236 1104 300 1185 663
329 1103 390 1174 τὲν
417 1093 454 1190 66
483 1102 540 1171 καὶ
574 1100 635 1171 τὸν
663 1107 684 1188 6
717 1099 738 1190 ἢ
766 1101 904 1190 άλλονς,
937 1100 1096 1183 οὕστινας

77 1211 233 1296 βούλεται
257 1209 397 1291 ἀνίσους
419 1207 607 1296 ἀριθμούς,
630 1206 759 1290 ὑπόθες
781 1209 818 1278 ὃλ
842 1211 969 1290 ἔξωθεν
991 1206 1052 1277 τὸν
1074 1213 1148 1283 610

74 1313 236 1403 άοιθμόν.
282 1316 352 1385 ἐπεὶ
382 1307 446 1385 οὖν
469 1320 589 1403 μείζων
619 1312 637 1383 6
663 1306 702 1402 6
724 1320 786 1385 τοῦ
808 1320 846 1404 6,
873 1316 928 1384 καὶ
960 1319 1095 1402 μείζονα

74 1421 179 1507 λόγον
203 1426 270 1509 ἔχει
292 1419 377 1509 πρὸς
399 1420 461 1491 τὸν
479 1427 510 1507 ξ,
533 1417 554 1508 ἢ
575 1418 617 1490 ὃν
636 1426 703 1508 ἔχει
726 1449 744 1490 ο
765 1420 849 1491 ὀπτά
872 1420 955 1509 πρὸς
975 1418 1094 1489 αὐτόν·

76 1524 94 1595 6
115 1527 177 1612 μὲν
199 1519 318 1614 γάοῖῥ
339 1531 403 1597 τοῦ
426 1529 460 1608 ἓξ
480 1526 666 1612 διπλάσιος,
690 1524 708 1593 6
728 1525 766 1595 δὲ
783 1533 804 1613 6
824 1529 1001 1614 ἐπίτριτος·
1028 1532 1094 1614 ἔχει

76 1634 140 1719 γάρ
162 1631 225 1700 τὸν
248 1634 282 1714 ἓξ
303 1633 360 1702 καὶ
381 1637 497 1721 τρίτον
521 1633 641 1701 αὐτοῦ·
674 1637 794 1719 μείζων
818 1629 894 1700 δὲ
879 1659 897 1700 ο
917 1633 1094 1760 διπλάσιος

74 1737 177 1824 λόγος
197 1741 259 1807 τοῦ
282 1740 458 1827 άπιτρίωον
494 1736 589 1807 κάλ’
575 1767 593 1807 ο
618 1744 638 1809 ξ
660 1737 743 1825 πρὸς
765 1737 826 1807 τὸν
849 1736 953 1806 αὐτὸν
975 1744 999 1823 6
1022 1742 1091 1824 μεί-
1111 1760 1144 1810 16

75 1850 156 1928 ζονα
178 1843 284 1931 λόγον
310 1842 425 1933 ἔχει”
404 1874 425 1933 η
449 1843 533 1933 πρὸς
559 1843 620 1914 τὸν
643 1851 691 1931 ιβ
727 1847 789 1912 τοῦ
811 1843 931 1931 μὲν
896 1870 960 1930 γαρ
983 1849 1004 1930 6
1030 1839 1092 1914 53

74 1953 165 2021 ἔστιν
180 1955 404 2039 υπεπίτοιτος,
424 1978 485 2021 τον
469 1953 537 2021 δὲ
552 1951 682 2020 δώδεκα
696 1948 950 2035 νποὸιπλάσιος,
970 1955 1090 2036 μείζων

72 2055 148 2128 66
133 2086 151 2128 ο
174 2055 389 2145 νπεπίτοιτος
410 2057 511 2144 λόγος
533 2061 595 2127 τοί
618 2056 772 2145 ἡμίσεως.

139 2168 191 2234 63.
237 2163 284 2231 Τὸ
308 2171 375 2232 ΑΒ
401 2162 466 2251 ἄρα
493 2163 577 2252 πρὸς
603 2181 641 2233 το
669 2171 702 2230 A
729 2167 864 2250 μείζονα
891 2159 994 2247 λόγον
1022 2165 1089 2248 ἔχει

58 2269 155 2357 ἥπερ
177 2268 216 2337 τὸ
239 2274 273 2336 Γ
290 2268 376 2358 πρὸς
396 2268 435 2339 τὸ
461 2279 494 2338 A
516 2296 548 2358 p.
572 2275 624 2352 28,
649 2274 682 2354 7]
706 2268 850 2357 τέσσαρά
874 2272 938 2337 εἰσι
962 2270 1087 2355 μεγέθη
1106 2290 1141 2340 20

72 2378 207 2462 πρῶτον
225 2372 288 2461 μὲν
305 2373 344 2443 τὸ
359 2381 438 2461 AB,
462 2374 620 2463 δεύτερον
641 2374 678 2443 66
695 2373 734 2444 τὸ
750 2383 794 2460 A,
817 2378 931 2461 τρίτον
951 2373 989 2441 δὲ
1007 2372 1045 2442 τὸ
1061 2379 1094 2441 Γ

72 2480 128 2548 καὶ
149 2482 308 2568 τέταρτον
331 2479 370 2550 τὸ
392 2489 437 2548 Δ·
464 2480 517 2562 δὶς
539 2478 604 2568 γάρ
627 2480 832 2568 λαμβάνεται
854 2477 892 2548 τὸ
913 2487 946 2546 A
967 2479 1023 2547 καὶ
1044 2476 1089 2559 ὡς

72 2585 231 2672 δεύτερον
253 2587 310 2656 καὶ
333 2584 380 2668 ὥς
401 2588 569 2675 τέταρτον.
613 2592 673 2655 καί
692 2588 761 2655 ἐστι
783 2588 844 2656 τοῦ
868 2586 929 2674 μὲν
952 2585 1088 2674 πρώτον

70 2694 131 2759 τοῦ
145 2698 211 2760 ΑΒ
234 2694 486 2761 πολλαπλάσιον
505 2692 543 2761 τὸ
559 2700 630 2779 ΖΘ,
653 2696 715 2761 τοῦ
739 2692 776 2761 66
800 2694 959 2780 δευτέρον
977 2696 1039 2760 τοῦ
1052 2698 1087 2758 A

69 2796 322 2866 πολλαπλάσιον
343 2795 383 2866 τὸ
406 2804 451 2883 Ν,
475 2802 536 2866 τοῦ
560 2798 596 2867 66
619 2803 734 2884 τρίτον
757 2801 818 2865 τοῦ
840 2804 873 2865 Γ
890 2825 929 2866 το
952 2805 994 2868 Κ.
1030 2803 1090 2864 καί
1104 2820 1139 2872 25

69 2906 139 2971 ἐστι
166 2901 205 2972 τὸ
235 2910 296 2970 ΖΘ
326 2902 365 2972 τὸ
393 2905 645 2973 πολλαπλάσιον
673 2908 732 2972 τοτ’
761 2902 896 2990 πράσον
921 2907 983 2971 τοῦ
1010 2910 1086 2972 ΑΒ.

70 3050 287 3058 --—-

140 3121 182 3170 62
202 3115 250 3169 V⁴.
306 3121 347 3170 63.
367 3113 499 3185 V·q(1f)
519 3116 651 3186 (priorem
669 3118 779 3186 partem
794 3115 930 3171 etiamw
945 3133 1034 3186 usque
1049 3117 1086 3173 ad

66 3183 319 3257 πολλαπλάσιονρ
334 3191 395 3256 808,
411 3193 439 3256 13
456 3187 595 3256 reliquam
610 3187 890 3258 partemV³'1npag
906 3202 963 3257 seq.
977 3187 1083 3257 habet).

140 3387 177 3508 IV,
183 3380 234 3454 ῖ]“
226 3398 255 3436 111
275 3398 328 3437 ras.
347 3379 428 3449 b‚6
394 3379 466 3437 δέκα
484 3381 518 3436 A
575 3387 616 3437 15.
636 3382 699 3456 τοῦ]
719 3377 860 3439 u6w6V.
922 3389 965 3439 16.
984 3403 1037 3455 γαρ
1052 3383 1082 3456 η]

67 3470 122 3510 om.

883 3541 942 3597 ‘26⁸
