2362 3796
223 144 380 198 equom
397 146 436 197 m
454 144 728 197 ELEMENTORUM
746 143 885 196 LIBRUM
898 143 934 196 ω
1020 138 1085 203 233

71 288 180 370 σείας,
206 284 245 354 τὸ
273 285 311 355 δὲ
333 280 401 353 άπὸ
424 289 484 371 τῆς
507 285 587 370 ὅλης
608 274 821 371 τετράγωνον
843 280 1088 369 τετραπλάσιον

71 396 166 460 ἔσται
188 392 251 460 τοῦ
272 387 337 459 άπὸ
360 395 420 477 τῆς
441 387 602 478 ἡμισείας.
794 403 797 410 ’

140 500 193 566 30.
211 493 320 565 Ἔστω
334 493 356 582 η
371 504 437 565 AB
456 494 617 583 μονάδων
633 503 655 577 ζ
687 494 863 581 τετμήσθω
883 496 930 572 εἰς
949 483 970 561 δ
987 493 1043 560 καλ
1057 498 1086 578 γ.

72 600 111 671 τὸ
142 600 208 671 άπὸ
235 607 294 689 τῆς
322 600 402 689 ὅλης
428 600 640 690 τετράγωνον
671 599 779 687 η’γουν
810 602 880 666 τῶν
908 590 935 679 ξ
960 602 1087 684 γίνεται

74 709 235 794 μονάδων
251 699 312 795 'fi
348 706 386 776 τὸ
411 707 449 776 δὲ
471 704 538 775 άπὸ
556 711 624 776 τῶν
643 699 670 774 δ
687 711 815 793 γίνεται
832 711 868 776 i}
889 702 1001 772 καὶτὸ
1021 699 1088 770 ὑπὸ
1124 731 1141 781 6

73 804 193 882 τῶνδ
223 814 279 882 καὶ
308 821 329 900 γ
356 819 483 901 γίνεται
501 805 556 901 [fl]
588 814 643 881 καὶ
670 812 772 881 πάλιν
794 804 836 898 ὅ,
869 810 925 878 καὶ
955 807 994 877 τὸ
1021 805 1087 877 ὑπὸ

71 922 143 988 τῶν
163 911 190 988 δ
209 921 265 988 καὶ
288 925 309 1006 γ
332 912 380 1006 ᾗ·
408 916 496 1007 ὁμοῦ
518 911 577 1006 μδ
717 984 721 992 .

143 1028 197 1092 31.
231 1022 378 1112 Ἐτμηθη
407 1022 428 1112 ἡ
457 1023 573 1093 εύδεῖα
600 1023 751 1113 γραμμή,
779 1021 824 1104 ὡς
846 1027 977 1110 ἔτυχεν,
1005 1018 1088 1088 κατὰ

72 1127 111 1198 τὸ
131 1135 169 1198 Γ.
207 1135 276 1199 ἔστι
295 1131 333 1201 δὲ
351 1128 372 1218 ἡ
393 1128 453 1218 ὅλη
472 1130 634 1218 μονάδων
650 1142 685 1217 η,
706 1128 747 1198 τά
772 1129 811 1198 δὲ
832 1128 1005 1216 τμήματα,.
1019 1125 1089 1195 ἐπεὶ

73 1233 178 1304 ἄνισά
205 1241 284 1324 εισι,
314 1235 487 1324 μονάδων·
508 1238 604 1305 πέντε
631 1237 687 1304 καὶ
714 1239 827 1323 τριῶν.
876 1232 896 1322 ἡ
931 1231 991 1320 ὅλη
1025 1224 1088 1300 οὖν
1108 1261 1143 1311 10

74 1341 168 1410 έστιν
192 1340 325 1423 ὀατάιιις
347 1341 433 1412 ὀκτὼ
449 1334 507 1429 ξ-δ,
529 1340 600 1430 ἥτις
624 1342 727 1424 ἰσάζει
750 1356 820 1422 τοῖς
841 1337 905 1409 άπὸ
925 1344 994 1409 τοῖν
1012 1363 1089 1426 τμη-

75 1447 193 1533 μάτων
214 1448 436 1537 τετραγώνοις
461 1448 517 1517 ιιαὶ
540 1453 585 1540 τῷ
615 1452 681 1532 δίς,
709 1442 785 1516 οἷον
812 1445 967 1526 πεντάκις
993 1446 1090 1512 πέντε

76 1555 282 1623 εἰκοσιπέντε
300 1555 356 1622 καὶ
370 1554 541 1644 τρισσάαις
554 1568 642 1638 τρεῖς
660 1546 699 1621 δ’
723 1551 809 1640 ὁμοῦ
828 1545 878 1622 λδ.
913 1551 969 1618 καὶ
989 1543 1091 1630 αὖθις

76 1657 144 1726 σὺν
165 1659 297 1741 τούτοις
321 1660 476 1742 σύναψον
498 1662 536 1728 τὸ
560 1659 612 1739 δὶς
630 1656 696 1727 ὑπὸ
715 1662 783 1726 τῶν
800 1656 991 1745 τμημάτων,
1016 1649 1090 1724 οἷον

75 1765 231 1845 πεντάκις
255 1779 344 1855 τρεῖς
367 1773 396 1834 ι“ε
418 1766 474 1834 καὶ
497 1764 652 1844 πεντάκις
674 1777 762 1851 τρεῖς
785 1768 828 1831 ιἐ·
857 1761 943 1851 ὁμοῦ
966 1754 995 1830 λ.
1035 1762 1090 1830 καλ
1110 1789 1144 1839 16

78 1873 202 1942 λοιπὸν
225 1878 379 1960 γίνονται
397 1864 452 1958 ᾗ,
477 1869 559 1951 ὅσας
582 1868 647 1956 εἶχε
669 1869 726 1936 καὶ
749 1866 769 1956 ἡ
794 1867 864 1955 ὅλη.

145 1983 198 2050 32.
227 1975 375 2066 Ἐτμήθη
400 1975 421 2065 ἡ
445 1982 586 2046 δοθεῖσα
615 1973 733 2044 εύθεῖα
760 1972 781 2061 ἡ
805 1982 887 2062 AB,
915 1972 961 2054 ὡς
988 1979 1091 2060 ἔτυχε,

74 2082 221 2161 κατὰτὸ
244 2090 278 2153 Γ
297 2097 445 2170 σημεῖον.
491 2088 560 2150 ἔστι
583 2080 621 2149 δὲ
643 2078 664 2168 ἡ
689 2078 750 2167 ὅλη
773 2078 881 2167 ἤγουν
904 2076 925 2166 ἡ
948 2086 1013 2147 ΑΒ
1037 2103 1092 2165 μο-

77 2189 195 2260 νάδων
216 2196 268 2276 ῖγ,
294 2188 335 2259 τά
358 2189 396 2257 δὲ
418 2187 570 2275 τμήματα
596 2189 733 2274 ταύτης,
762 2186 832 2254 ἐπεὶ
860 2183 960 2253 άνισά
988 2187 1091 2255 ἐστιν·

77 2299 114 2366 έιι
138 2304 301 2382 περισσοῦ
322 2296 385 2381 γάρ
408 2294 464 2362 καὶ
487 2291 605 2381 ἀρτίου
627 2290 735 2378 η’γουν
753 2283 773 2374 ξ
791 2292 847 2360 καὶ
866 2297 896 2378 ξ,
920 2297 955 2359 οἳ
970 2292 1025 2359 καὶ
1044 2295 1091 2372 εἰς
1110 2317 1145 2367 20

79 2399 221 2482 ἑαυτούς
242 2399 609 2486 πολλαπλασιαζόμενοι
632 2399 784 2487 ἑκάτερος
810 2397 940 2468 τούτων
966 2399 1022 2466 καὶ
1046 2403 1093 2479 εἰς

80 2503 246 2610 ἀλλήλους
268 2504 561 2594 παραβαλλόμενοι
587 2505 643 2573 καὶ
670 2505 780 2592 ἕτερος
801 2503 949 2594 θάτερον
972 2513 1093 2574 πολλα·
1125 2543 1132 2585 ;

81 2611 271 2692 πλασιάζων
294 2615 431 2679 ποιοῦσι
458 2609 496 2679 τὸ
520 2609 601 2679 ὅλον
625 2608 772 2698 ἐμβαδὸν
799 2615 860 2678 τοῦ
883 2613 1093 2697 τετραγώνου

80 2714 189 2803 ἤγουν
211 2726 273 2784 τοῦ
292 2722 432 2784 ΑΔΕΒ
455 2715 616 2803 μονάδων
639 2709 712 2804 ρξῖλ.
749 2718 787 2783 αλ
808 2707 871 2783 ούυ
893 2721 930 2802 ιγ
951 2717 1094 2803 μονάδες

155 2915 197 2964 30.
218 2908 256 2977 q¹.
334 2913 376 2964 31.
396 2910 483 2980 q(A).
562 2914 604 2964 32.
624 2909 656 2978 q²
675 2911 785 2978 (parum
804 2880 944 2978 integrum
961 2908 1093 2980 uidetur).

79 3037 296 3048 ...ᾳ-...-

153 3112 178 3160 4.
203 3106 332 3175 γίνονται
355 3121 382 3172 q.
430 3102 519 3173 Supra
542 3119 593 3157 sor.
621 3097 737 3165 ἑπτάκις
759 3099 814 3172 γὰρ
841 3099 912 3157 ἑπτά
939 3120 1024 3157 manu
1050 3121 1094 3158 re-

81 3196 207 3250 centiore
226 3211 253 3263 q.
327 3197 352 3247 5.
371 3193 499 3261 γίνονται
518 3209 544 3259 q.
609 3197 633 3246 6.
653 3193 781 3261 γίνονται
802 3211 829 3261 q.
892 3191 942 3247 ιιαλ
955 3188 1040 3247 πάλιν
1050 3184 1093 3262 δ]

80 3265 183 3322 lacuna
193 3281 255 3321 esse
264 3263 385 3318 uidetur.
435 3263 488 3316 καί
515 3263 590 3331 (ante
598 3260 641 3331 τό)
656 3278 741 3331 supra
751 3280 802 3320 scr.
814 3264 873 3318 ead.
885 3279 970 3318 manu
979 3280 1006 3332 q.
1052 3269 1094 3318 13.

80 3335 207 3406 τρισάιιις
225 3354 252 3405 q.
326 3339 369 3389 16.
387 3328 489 3388 λοιπόν
524 3338 698 3403 corruptum
717 3333 782 3389 fort.
801 3331 882 3402 δμοῦ.
938 3340 980 3389 17.
998 3329 1016 3401 ἡ
1032 3335 1094 3406 AB]

82 3424 166 3478 supra
185 3423 237 3462 ιω.
257 3405 318 3461 ead.
337 3419 424 3458 manu
443 3420 469 3487 η.
561 3409 604 3458 22.
628 3403 677 3457 καλ
696 3402 790 3474 ἔτερος
809 3401 946 3477 (άτεροςῖ)
970 3404 1095 3475 θάτερον

84 3477 240 3549 (δατέρωῖ)
259 3472 524 3545 πολλαπλασιαζων]
543 3490 600 3544 mg.
621 3475 683 3532 ead.
700 3491 780 3534 man.
796 3493 827 3548 q.
