2362 3796
127 152 195 216 410
276 153 431 205 scnomA
448 155 488 207 IN
505 153 780 207 ELEMENTORUM
797 153 936 205 LIBRUM
948 152 999 206 IX.

458 332 514 397 Ad
537 355 642 417 prop.
664 331 813 398 XXXIIL

193 458 245 522 37.
278 451 314 520 ‘O
328 463 359 519 A
378 452 443 542 άρα
461 450 483 541 ἢ
503 450 653 543 ἀρτιάκις
670 454 821 542 περιττός
839 456 941 540 ἐστιν,
960 451 1071 543 ὅσπερ
1089 454 1144 521 καὶ

126 561 318 649 περισσάκις
336 559 451 649 άρτιός
470 562 571 646 ἐστιν,
594 557 615 647 ἢ
634 560 827 649 περισσάκις
845 558 1018 649 περισσός·
1041 571 1143 630 τοῦτο

127 667 163 735 δὲ
188 668 249 735 οὐκ
273 672 377 736 ἔστιν·
402 664 506 753 ήμισν
530 666 594 756 γάρ
619 665 681 735 οὐκ
700 672 778 754 ἔχει·
801 663 822 755 ή
842 667 993 756 ἀρτιάκις
1010 664 1142 754 άρτιος·

90 794 106 841 ὁ
126 783 191 853 πᾶς
214 773 252 841 55
275 772 425 862 άρτιάκις
448 771 560 861 άρτιος
583 770 727 862 άριθμὸς
745 772 782 842 τὸ
802 772 905 861 ήμισυ
924 778 990 860 ἔχει
1011 772 1141 863 ἄρτιον,

126 879 234 948 πάντα
250 879 287 947 δὲ
302 879 419 969 άρτιον
434 877 585 968 άριθμόν
600 881 767 969 ἐνδέχεται
780 876 801 968 ή
816 877 883 949 ὑπὸ
898 880 1008 968 μόνου
1022 881 1141 964 άρτίου

126 996 320 1073 μετρεῖσθαι
347 982 368 1073 ή
396 983 462 1054 ὑπὸ
491 983 610 1074 άρτίον
641 988 697 1054 καὶ
723 991 894 1074 περιττοῦ,
927 984 989 1054 τὸν
1022 985 1064 1055 δὲ
1091 1014 1142 1056 πε·

125 1092 238 1180 ριττὸν
263 1089 412 1181 άριθμὸν
435 1092 549 1181 άρτιος
573 1090 614 1161 οὐ
637 1106 756 1181 μετρεῖ.

452 1289 509 1354 Ad
532 1312 637 1374 prop.
660 1288 810 1356 XXXIV.

72 1425 105 1473 10
191 1413 243 1477 38.
263 1407 333 1478 Ὅτι
347 1409 409 1497 μὲν
425 1403 488 1479 οὖν
504 1409 522 1480 5
538 1422 569 1478 A
584 1408 733 1500 άρτιάκις
748 1411 838 1479 ἐστὶν
847 1410 961 1500 άρτιος
974 1437 1006 1498 p.
1016 1416 1093 1500 404,
1102 1414 1136 1498 9]

124 1515 234 1585 πόθεν
258 1521 378 1603 δῆλον,
407 1514 458 1585 ὅτι
483 1513 501 1584 5
524 1525 557 1584 A
585 1515 734 1605 άρτιάκις
764 1515 892 1603 άρτιος;
931 1518 1001 1585 ἐπεὶ
1024 1517 1140 1607 άρτιός

124 1626 207 1709 ἐστι,
241 1635 404 1711 μετρεῖται
437 1621 502 1691 ὑπὸ
535 1627 593 1710 τής
627 1624 764 1704 δυάδος·
804 1624 929 1703 πάντας
960 1623 1026 1713 γὰρ
1060 1623 1140 1705 τοὺς

123 1726 258 1818 άρτῖονς
281 1728 302 1816 ή
327 1728 411 1809 δυὰς
433 1745 552 1818 μετρεῖ.
595 1730 664 1799 ἐπεὶ
689 1730 726 1798 55
748 1730 803 1798 καὶ
826 1729 863 1798 τὸ
887 1730 991 1817 ήμισυ
1013 1729 1140 1799 τούτου

123 1835 240 1925 άρτιόν
265 1840 350 1922 ἐστι,
378 1837 505 1917 πάντας
528 1838 580 1923 δέ,
610 1834 669 1917 οὓς
691 1851 804 1924 μετρεῖ
824 1834 845 1923 ή
870 1838 967 1922 δυάς,
991 1837 1077 1906 κατά
1102 1842 1139 1907 τὸ

71 1955 103 2004 15
123 1941 226 2029 ήμισν
244 1945 376 2010 τούτων
394 1942 517 2023 αὐτοὺς
536 1958 657 2032 μετρεῖ,
680 1956 794 2030 μετρεῖ
811 1941 877 2032 άρα
894 1940 915 2030 ή
931 1940 1015 2024 δυάς
1027 1942 1093 2013 τὸν
1107 1954 1140 2013 A

121 2048 203 2118 κατὰ
229 2048 346 2135 άρτιον
370 2047 528 2137 ἀριθμόν.

189 2161 241 2224 39.
270 2151 326 2234 Ὃς
348 2155 502 2243 μετρήσει
525 2153 585 2223 τὸν
609 2166 640 2222 A
662 2182 693 2242 p.
710 2159 784 2242 404,
807 2159 861 2240 14]
884 2153 994 2223 πόθεν
1018 2157 1140 2243 δῆλον,

123 2261 174 2328 ὅτι
197 2261 351 2348 μετρήσει
375 2259 480 2329 αὐτὸν
503 2260 562 2328 τὸν
588 2270 618 2330 A
641 2260 804 2349 άρτιάκις;
841 2265 871 2329 εἰ
893 2259 956 2349 γάρ
980 2265 1140 2350 μετρήσει

123 2365 226 2434 αὐτὸν
245 2368 448 2452 περισσάκις,
472 2371 562 2433 ἔσται
582 2364 600 2434 5
620 2377 652 2433 A
670 2366 861 2452 περισσάκις
879 2367 1048 2456 περισσός,
1074 2374 1142 2449 πᾶς

69 2489 103 2539 20
123 2471 160 2539 δὲ
192 2474 384 2559 περισσάκις
416 2474 572 2557 περισσὸς
602 2470 706 2560 ήμισν
738 2471 800 2541 οὐκ
833 2479 906 2561 ἔχει.
957 2471 975 2542 5
1003 2483 1036 2542 A
1069 2473 1140 2564 άρα

121 2579 225 2664 ήμισυ
249 2577 310 2645 οὐκ
334 2583 412 2666 ἔχει·
440 2576 611 2647 ὑπόκειται
636 2579 673 2647 δὲ
697 2584 796 2666 ἔχειν·
826 2578 907 2666 ὅπερ
931 2578 1068 2648 άτοπον.

187 2688 240 2753 40.
278 2684 397 2753 Πόθεν
417 2689 537 2772 δῆλον,
563 2683 614 2754 ὅτι
633 2685 789 2774 περισσὸς
810 2684 956 2772 άριθμὸς
978 2686 1138 2774 μετρήσει

121 2819 181 2860 τον
199 2801 245 2873 A;
273 2792 424 2879 λέγομεν,
445 2791 507 2878 ὅτι,
527 2792 596 2860 ἐπεὶ
615 2794 742 2873 ἐκεῖνος
759 2791 818 2861 τὸν
833 2791 1011 2860 διπλάσιον
1026 2791 1135 2862 αὑτοῦ

121 2913 246 2985 μετρεῖ,
278 2901 403 2980 ἐκεῖνος
427 2898 464 2966 δὲ
486 2899 546 2967 τὸν
570 2902 700 2968 ἐκείνου
725 2898 918 2984 διπλάσιον,
949 2897 1077 2978 ἐκεῖνός
1101 2927 1136 2968 τε

193 3101 235 3149 37.
255 3095 318 3162 νει]
338 3094 417 3163 (1³²1).
491 3099 533 3148 38.
553 3092 599 3147 V1.
673 3099 715 3149 39.
734 3091 797 3161 νεα
813 3091 891 3163 (1³¹1).
964 3094 1136 3166 40.v1(a‹1

120 3163 147 3217 Η
165 3184 191 3234 p.
207 3171 332 3232 404,14).

192 3366 216 3413 2.
237 3356 341 3430 άραή]
362 3360 460 3417 om.V.
519 3356 650 3428 περισσός
663 3359 697 3412 V.
761 3354 830 3428 ὅπερ
845 3358 878 3412 V.
934 3366 958 3414 4.
979 3356 1095 3484 ὃὲἲήοιπ.
1108 3379 1135 3430 q.

157 3436 179 3485 7.
196 3431 329 3499 περισσοῦ
344 3430 376 3485 V.
436 3427 467 3484 τὸ
479 3427 511 3484 δέ
525 3428 559 3485 V.
615 3428 794 3497 neowao‘vV.
851 3435 876 3486 8.
891 3426 989 3498 άρτιον
1031 3471 1037 3484 .
1093 3439 1136 3488 19.

78 3484 259 3582 holme]
279 3521 333 3560 om.
351 3502 410 3575 Vq.
486 3507 530 3561 20.
548 3497 696 3573 περιτσὸςή
710 3499 841 3568 omfffq.
908 3497 1011 3569 ἥρωας
1024 3518 1080 3556 om.
1101 3503 1136 3559 V.
