2362 3796
225 139 382 192 scnom
399 141 439 192 m
456 115 731 192 υυυαυννουαα
748 141 887 192 mmm
900 142 946 194 vl.
1020 137 1085 204 345

72 278 172 367 λοιπὴ
191 277 212 367 ἡ
231 277 315 368 ιιρὸς
332 281 425 372 τῷΞ
448 288 504 366 λση
522 282 562 368 τῇ
581 277 665 367 πρὸς
681 283 728 372 τῷ
749 255 785 347 O
818 278 903 348 ἀλλὰ
919 279 960 367 δὴ
975 277 1082 350 καὶτὸ

72 391 171 465 ma
190 385 311 475 ὅμοιον
329 390 374 479 τῷ
395 393 508 454 on·
532 385 694 472 ἰσογώνια
712 384 777 473 γὰρ
796 389 852 454 διὰ
871 388 908 455 τὸ
926 386 989 474 τὴν
1002 386 1085 475 πρὸς

71 497 116 584 τῷ
135 489 170 562 'A
193 502 272 580 ἴσην
291 496 470 580 δειχθῆναι
486 496 526 581 τῇ
545 491 629 580 πρὸς
650 495 697 584 τῷ
717 499 761 577 K,
783 497 1028 580 προδειχθῆναι
1046 495 1084 562 δὲ

72 705 243 774 ἐδείκνυτο
268 704 387 793 ὅμοιον
409 708 455 798 τῷ
479 710 590 773 ΛΘΚ.
628 703 674 784 ὡς
696 702 762 791 άρα
785 702 806 791 ἡ
829 708 893 782 ΒΞ
912 704 996 792 πρὸς
1013 709 1084 793 ΞΓ,
1122 726 1137 774 5

72 808 179 891 οὕτως
201 809 222 898 ἡ
245 818 285 879 Η
288 818 316 878 0
337 809 422 899 τιρός
447 817 519 895 ΟΘ,
541 811 597 879 καὶ
621 809 667 890 ὥς
689 812 755 887 ΓΞ
774 808 857 898 πρὸς
879 813 955 897 ΞΔ,
979 809 1085 892 οὕτως

71 913 92 1003 ἡ
117 923 180 984 ΘΟ
201 915 285 1006 τιρδς
309 924 385 986 οΚ.
430 914 476 984 δι’
504 923 580 984 λσου
603 913 669 1003 άρα
697 914 743 995 ὡς
769 913 790 1002 ἡ
815 918 879 993 ΒΞ
901 915 985 1003 πρὸς
1007 919 1084 1002 ΞΛ,

73 1019 179 1104 οὕτως
202 1023 222 1110 ἡ
246 1030 317 1091 ΗΟ
343 1023 427 1110 πρὸς
451 1029 525 1090 οΚ.
572 1020 616 1103 ὡς
639 1022 677 1090 δὲ
699 1024 737 1089 αλ
758 1023 885 1108 βάσεις,
913 1021 1001 1091 οὕτω
1029 1025 1085 1091 καὶ

72 1127 112 1196 τά
136 1133 283 1216 τρίγωνα
305 1126 346 1196 τὰ
369 1125 434 1196 ὑπὸ
458 1129 495 1196 τδ
519 1125 601 1197 αὐτὸ
621 1125 708 1210 ὕψος
724 1129 781 1195 καὶ
799 1126 903 1196 τάλλα
921 1142 992 1208 τοῖς
1008 1154 1086 1218 προ-

74 1238 258 1322 δειχδεῑσιν
282 1233 465 1303 ἀκόλουθα.
1105 1254 1139 1304 10

139 1343 190 1408 35.
231 1338 321 1409 TA·
300 1360 320 1411 ς
347 1344 407 1410 τοῦ
434 1332 456 1409 δ
483 1339 569 1422 ἅπαξ
591 1338 763 1427 ἡμιόλιον,
790 1339 830 1408 τὰ
861 1342 957 1410 δὲ’
922 1372 954 1430 ιη
979 1347 1086 1430 τοῦτ’]

74 1450 138 1526 δι’ς·
169 1472 210 1514 τα
234 1475 268 1534 ιη
287 1446 351 1536 γάρ
369 1475 438 1516 τιον
462 1453 497 1575 ιβ
519 1446 670 1533 ἡμιόλια,
693 1449 734 1516 τά
757 1447 794 1515 δὲ
818 1454 852 1533 ιβ
875 1447 959 1535 πρὸς
980 1460 1003 1534 ἢ
1025 1446 1086 1515 τὸν

73 1549 176 1621 αὐτὸν
200 1557 265 1639 ἔχει
288 1553 401 1640 λόγον,
447 1551 487 1620 τά
512 1558 548 1680 ἴη
571 1551 637 1638 άρα
659 1556 720 1620 τοῦ
743 1564 766 1637 η
789 1555 841 1631 δὶς
863 1549 1009 1639 ἡμιόλια.

140 1662 192 1728 36.
234 1659 391 1726 Τουτέστι
422 1655 462 1723 τὰ
495 1657 592 1744 μήκει
620 1657 779 1724 διπλάσια
807 1657 947 1742 δυνάμει
974 1681 1085 1744 τετρα-

72 1763 195 1832 πλάσιά
219 1768 314 1832 εἰσιν.
360 1764 420 1831 ἐὰν
446 1760 512 1849 γάρ
541 1766 639 1847 ἔχωσι
663 1764 700 1829 αλ
721 1761 862 1846 πλευραὶ
885 1766 1085 1830 διπλασίονα
1106 1781 1138 1830 15

72 1871 176 1956 λόγον
194 1868 280 1952 πρὸς
299 1865 444 1954 ἀλλήλας
462 1870 531 1936 τῶν
551 1869 633 1934 οἵων
653 1866 812 1954 δήτινων
828 1864 1086 1955 εὐθυγράμμων,

73 1976 183 2043 ἕπεται
205 1975 239 2056 ἐξ
262 1972 411 2060 ἀνάγκης
433 1978 522 2060 ἔχειν
541 1970 580 2040 τά
600 1970 657 2044 ἀπ’
674 1970 786 2042 αὐτῶν
802 1971 963 2059 γινόμενα
982 1971 1086 2042 εὐθύ-

72 2107 207 2169 γραμμα
231 2081 381 2169 σχήματα
410 2081 462 2161 δὶς
485 2083 685 2149 διπλασίονα
713 2078 817 2165 λόγον
840 2077 923 2166 πρὸς
946 2077 1085 2166 άλληλα,

71 2188 221 2254 τουτέστι
253 2186 501 2273 τετραπλάσιον.
556 2189 611 2254 καὶ
645 2188 719 2270 ἑξῆς
751 2184 874 2273 ὁμοίως
905 2183 986 2253 κάτιὶ
1017 2191 1086 2255 τῶν

75 2289 187 2358 άλλων
217 2291 343 2380 λόγιον,
374 2293 524 2362 τουτέστι
550 2291 591 2360 τά
615 2291 715 2379 Ιμήκει
742 2294 920 2380 τριπλάσια
944 2294 1085 2379 δυνάμει
1105 2311 1139 2360 20

75 2395 298 2465 ἐννεααλάσιά
321 2402 420 2468 εἰσιν
444 2403 558 2487 ἔχουσι
582 2399 645 2487 γάρ
667 2399 740 2487 τρὶς
761 2396 959 2486 τριπλάσιον
982 2398 1085 2485 λόγον

74 2527 108 2566 αι
101 2503 267 2591 πλευραὶ
284 2503 369 2593 πρὸς
382 2501 528 2592 άλλήλας
540 2514 609 2573 τῶν
626 2505 660 2585 ἐξ
674 2505 812 2572 ἐκείνων
826 2501 1086 2596 εὐθυγράμμου.

75 2603 198 2692 ὁμοίως
224 2609 339 2677 καὶ
304 2635 343 2677 τα
367 2611 464 2697 μήκει
486 2601 709 2698 τετραπλάσια
733 2607 875 2695 δυνάμει
899 2609 1086 2677 εκκαιδεκα-

74 2711 197 2780 πλάσιά
227 2719 324 2782 εἰσιν
361 2721 475 2803 ἔχουσι
502 2712 567 2802 γάρ
590 2713 739 2802 τετράκις
760 2712 822 2782 τὸν
843 2712 1087 2800 τετραπλάσιον

73 2820 184 2904 λόγον.
1103 2841 1162 2892 25·

141 2927 193 2992 37.
230 2930 351 2992 ΕΜΓ·
387 2925 471 3013 πρὸς
498 2924 626 3012 άλληλα
648 2925 718 3013 ’γάρ
746 2949 775 3011 p.
802 2926 878 3011 136,
902 2917 940 3006 3]
968 2920 1085 3010 ἑτέραν

74 3030 230 3127 ζητητέον
255 3032 404 3099 ἐνταῦθα
427 3036 553 3099 αἰτίαν·
589 3029 713 3119 ταύτην
741 3030 805 3119 γάρ
830 3028 891 3098 οὐκ
915 3026 1006 3116 οἶμαι
1028 3027 1085 3117 ἆρ-

145 3228 187 3278 36.
208 3224 254 3280 V².
327 3231 370 3282 36
389 3226 422 3282 Α
495 3231 538 3281 37.
556 3225 685 3295 λ(ν.εόν)

75 3344 289 3354 ———..——-—

105 3408 202 3527 14A
207 3400 303 3476 μήκει]
323 3402 451 3474 μήκηΑ.
525 3407 566 3457 17.
586 3395 694 3472 αὐτῶν]
713 3396 802 3457 αντοῦ
821 3401 855 3458 A.
927 3407 970 3458 20.
989 3398 1097 3472 μήκαὶ

73 3465 150 3541 μήκη
