2362 3796
122 129 188 194 202
275 130 432 183 scflomA
448 133 488 184 m
505 131 781 183 ELEMENTORUM
797 132 937 182 mmm
949 132 972 183 1.

123 267 168 349 ῶς
185 270 240 338 καί
259 271 389 339 τούτων
407 271 487 357 μετὰ
506 275 575 339 τῶν
594 273 656 339 δύο
675 270 1033 358 παραλληλογράμμων
1053 289 1138 357 συμ·

122 375 342 465 πληρούυτων
371 375 453 446 ὅλον
479 378 518 446 τὸ
546 381 701 465 περιέχον
729 376 902 465 ἀμφότερα
924 375 1137 467 παραλληλό-

122 510 285 571 γραμμον.
322 479 343 550 δ
363 481 508 571 μὲνγὰρ
527 481 548 570 ή
573 483 748 571 διάμετρος
771 487 903 571 διαιρεῖ,
926 483 1137 572 παραλληλό-

121 589 255 677 γραμμά
274 594 350 676 είσι,
367 586 408 657 τὰ
428 589 465 656 δὲ
483 590 544 669 ἐξω
562 593 621 676 τῆς
636 590 816 677 διαμέτρου
829 588 1137 678 παραπληρώματα,

85 697 204 770 εῶστε
234 694 271 764 τὸ
299 697 454 783 περιέχον
482 693 655 784 ἀμφότερα
684 694 1035 784 παραλληλόγραμμον
1066 693 1137 764 ὑπὸ

120 805 188 870 τῶν
212 802 274 870 δύο
298 800 654 890 παραλληλογράμμων
681 806 750 871 τῶν
778 801 872 882 έντὸς
899 802 1046 871 καὶτῶν
1070 800 1136 871 δύο

120 907 441 998 παραπληρωμῶτωυ
468 909 664 995 συνέστηκε,
695 907 812 992 διόπερ
837 905 1022 976 αὐτὸκαθ’
1048 905 1130 977 affl

120 1015 252 1103 μνήμης
275 1017 312 1082 έν
334 1026 405 1092 τοῖς
422 1010 516 1100 ὅροις
535 1013 596 1081 οὐκ
614 1012 758 1101 ήξίωται.
797 1020 962 1094 ποικιλίας
979 1011 1045 1102 γὰρ
1066 1018 1138 1083 ἔδει

120 1119 203 1208 πρὸς
217 1119 279 1206 τήν
294 1119 491 1206 σαφήνειαν,
505 1123 563 1187 ἵνα
577 1123 721 1206 γνῶμεν,
735 1125 770 1186 τί
780 1118 1136 1207 παραλληλόγραμμον

69 1250 102 1299 10
120 1227 175 1294 καὶ
207 1231 282 1293 τίνα
313 1223 353 1293 τὰ
384 1226 460 1313 περὶ
492 1223 552 1312 τήν
581 1223 686 1312 αὐτήν
715 1225 895 1313 διάμετρον
923 1225 1136 1314 παραλληλό-

120 1357 255 1420 γραμμα
278 1329 372 1410 ἐντὸς
393 1335 454 1399 τοῦ
478 1329 569 1399 ὅλου.
605 1330 736 1399 τούτων
758 1330 823 1418 γὰρ
848 1333 1136 1418 σαφηνισθέντων

120 1439 249 1523 ἐγένετο
273 1433 317 1504 δν
340 1438 396 1505 καὶ
418 1436 455 1505 τὸ
475 1436 727 1524 παραπλήρωμα
745 1435 925 1524 γυῶριμον.
963 1434 1019 1504 διδ
1036 1462 1136 1524 ταμι-

120 1542 302 1631 ευσάμενος
320 1541 404 1612 αὐτὰ
423 1546 500 1626 νῦν,
519 1540 573 1611 ὅτε
588 1545 693 1611 ἐδεῖτο
708 1541 1032 1632 παραπληρωμῶτων
1048 1541 1137 1632 πρὸς

118 1648 155 1718 τὸ
180 1654 342 1737 συστήσαι
364 1646 402 1718 τὸ
425 1649 774 1737 παραλληλόγραμμον
796 1646 834 1717 τὸ
858 1651 1014 1736 περιέχον
1036 1647 1137 1737 αὐτοί,

68 1780 100 1829 15
119 1757 174 1823 καὶ
196 1755 257 1825 τὸν
280 1754 506 1843 περὶτούτων
530 1755 633 1841 λόγον
657 1758 820 1842 ἐμφαίνει

188 1866 259 1930 136.
300 1860 473 1989 Ἔφαμεν,
515 1859 566 1929 ὅτι
601 1858 641 1929 τὰ
676 1859 1008 1948 παραλληλόγραμμα
1043 1875 1136 1951 τρεῖς

117 1966 258 2047 πτῶσεις
276 1972 411 2054 ἔχουσιν
430 1966 535 2053 μόνας
548 1944 661 2034 καὶ”
619 1992 696 2034 ουτε
709 1972 845 2046 πλείους
860 1964 936 2034 οῶτε
954 1966 1135 2097 έλασσφυς·

118 2073 158 2141 τὰ
190 2072 253 2160 γὰρ
286 2068 370 2138 αὐτοὶ
398 2069 727 2158 παραλληλόγραμμα
753 2070 794 2140 τδι
827 2073 903 2159 περὶ
929 2069 992 2158 τήν
1024 2070 1134 2160 αὐτήν

119 2172 344 2265 διάμετρον
330 2175 350 2262 ή
385 2189 478 2262 τεμεϊ
507 2173 685 2262 ὅι’λληλα’1
665 2204 686 2264 η
720 2176 802 2245 κατὰ
835 2190 975 2264 σημεῖον
1011 2177 1135 2260 ἅψεται

64 2307 99 2357 20
118 2281 274 2370 ἀλλήλων
296 2279 317 2368 ή
343 2285 503 2351 διεστῶτα
527 2287 617 2350 ἔσται
640 2284 732 2369 μέρει
757 2284 825 2351 τινί
854 2286 913 2369 τής
941 2284 1135 2372 διαμέτρου.

118 2388 155 2456 τὸ
185 2389 222 2456 δὲ
251 2387 358 2474 ὄνομα
390 2397 459 2456 τῶν
491 2387 812 2476 παραπληρωμάτων
844 2387 901 2456 ἄπ’
932 2386 1039 2457 αὐτοῦ
1072 2391 1136 2457 τοῦ

118 2494 309 2582 πράγματος
332 2498 451 2580 ἔλαβεν
474 2491 492 2562 ὁ
517 2493 727 2581 στοιχειωτής
746 2490 793 2573 ῶς
814 2495 870 2562 καί
892 2493 1023 2562 τούτων
1041 2519 1134 2582 παρα

118 2599 158 2668 τὰ
193 2599 254 2668 δύο
286 2600 616 2688 παραλληλόγραμμα
648 2599 935 2688 συμπληροῶντωυ
967 2597 1006 2667 τὸ
1039 2597 1133 2668 ὅλον.

118 2706 235 2793 διόπερ
268 2702 349 2775 αὐτὸ
383 2703 463 2773 καθ’
495 2703 575 2773 αὑτὸ
609 2704 741 2791 μνήμης
773 2707 811 2773 ἐν
842 2720 913 2785 τοῖς
944 2705 1038 2793 ὅροις
1073 2703 1133 2774 οὐκ

63 2836 97 2885 25
117 2811 261 2900 ήξίωιαι.
298 2816 463 2890 ποικιλίας
484 2809 549 2898 γὰρ
573 2814 642 2878 ἔδει
664 2808 750 2897 πρὸς
771 2808 833 2898 τήν
853 2811 1054 2899 σαφήνειαν,
1077 2814 1132 2878 ἵνα

116 2924 250 3007 γνῶμεν
267 2915 616 3006 παραλληλόγραμμον
634 2916 689 2983 καὶ
707 2923 783 2984 τίνα
797 2915 838 2985 τὰ
853 2919 928 3002 περὶ
942 2916 1006 3004 τήν
1024 2912 1132 3003 αὐτήν

117 3026 297 3113 διάμετρον
328 3027 373 3116 τῷ
408 3021 485 3114 ὅλφ.
534 3022 664 3092 τούτων
697 3024 980 3110 σαφηνισθέυτων
1010 3018 1126 3091 καὶ
1095 3046 1130 3090 το

114 3130 367 3250 παραπλήρωμα
392 3129 500 3216 μόνον
524 3126 568 3209 ῶς
590 3157 636 3197 αν
660 3131 789 3215 ἐγένετο
813 3128 994 3217 γνῶριμου.
1041 3132 1131 3196 ἔστιν

188 3277 247 3326 136.
266 3272 296 3326 Ρ.
325 3271 387 3325 Hoc
403 3270 541 3326 scholium
555 3288 633 3340 prop.
648 3269 725 3323 XLII
739 3269 881 3325 adiectum
899 3272 951 3339 εει,
970 3270 1043 3327 sed
1033 3288 1065 3328 ιο
1078 3273 1132 3328 fin⁰

114 3342 220 3408 legitur
238 3342 336 3396 eadem
355 3358 450 3396 manu·
471 3337 537 3396 τόδε
557 3339 669 3409 ογόλιόν
690 3338 748 3395 ἔστι
738 3343 817 3396 ιτοῦ
836 3361 872 3411 μγ
878 3336 1101 3413 θεωρήματος.

113 3435 325 3442 ....—---—-

179 3471 264 3520 24α
245 3458 370 3538 αὑτό]
350 3482 426 3537 απερ
446 3459 477 3520 τό
498 3465 529 3519 P.
