2362 3796
123 109 166 173 32
491 108 691 162 ΣΤΟΙΧΕΙΩΝ
709 104 760 165 ιδ’.

123 248 189 336 άρα
216 248 237 337 ἡ
266 254 326 318 τοῦ
355 251 588 338 δωδεκαέδρου
611 249 788 337 ἐπιφάνεια
817 248 901 338 πρὸς
922 248 985 337 τὴν
1007 252 1068 318 τοῦ
1093 256 1136 319 εἰ-

122 359 309 446 κοσαέδρου
341 357 556 443 ἐπιφάνειαν,
593 353 699 436 οὕτως
734 355 772 424 τὸ
810 355 947 445 στερεὸν
979 367 1040 425 τοῦ
1074 362 1135 425 δω-

124 464 306 549 δεκαέδρου
333 467 415 552 πρὸς
441 461 479 532 τὸ
508 461 643 552 στερεὸν
671 467 732 531 τοῦ
760 464 985 549 εἰκοσαέδρου.
1031 463 1076 544 ὡς
1100 465 1137 532 δὲ

122 564 143 652 ἡ
168 569 345 655 ἐπιφάνεια
376 574 437 638 τοῦ
469 571 701 658 δωδεκαέδρου
732 566 815 657 πρὸς
845 568 908 656 τὴν
937 569 1136 656 ἐπιφάνειαν

89 677 183 749 5τοῦ
213 677 443 762 εἰκοσαέδρου,
476 678 611 763 ἐδείχθη
640 673 660 762 ἡ
687 679 749 743 τοῦ
771 675 880 761 κύβου
903 674 1029 762 πλευρὰ
1053 679 1137 761 πρὸς

123 778 185 865 τὴν
216 785 279 848 τοῦ
310 782 526 867 εἰκοσαέδρου
558 781 714 869 πλευράν.
762 782 818 848 καί
851 779 896 860 ὡς
928 779 993 866 άρα
1025 778 1046 868 ἡ
1075 786 1136 850 τοῦ

122 885 231 971 κύβου
263 886 390 975 πλευρὰ
421 886 505 975 τιρδς
536 885 598 973 τὴν
629 891 690 955 τοῦ
723 888 940 975 εἰκοσαέδρου
976 886 1137 974 πλευράν,

124 990 231 1072 οὕτως
252 991 290 1061 τὸ
315 992 450 1081 στερεὸν
473 995 535 1060 τοῦ
560 995 793 1081 δωδεκαέδρου
823 991 906 1081 πρὸς
933 990 971 1059 τὸ
1001 991 1137 1080 στερεὸν

122 1101 184 1175 τοῦ
207 1100 431 1185 εἰκοσαέδρου.

72 1230 105 1280 10
182 1201 252 1270 Ὅτι
277 1205 329 1292 δέ,
363 1205 423 1272 ἐάν
453 1205 515 1273 δύο
544 1204 675 1273 εὐθεῖαι
698 1204 803 1293 άκρον
826 1205 882 1272 καί
906 1205 1009 1292 μέσον
1033 1203 1137 1291 λόγον

123 1314 315 1396 τμηθῶσιν,
342 1313 379 1379 ἐν
401 1309 566 1402 άναλοχίηι
589 1310 653 1379 εἰσὶ
675 1314 716 1399 τῇ
739 1309 956 1400 ὑποκειμένῃ,
985 1314 1136 1398 δείξομεν

123 1411 244 1495 οὕτως·

189 1525 364 1608 τετμήσθω
388 1519 451 1608 γάρ
475 1520 495 1608 η
519 1523 581 1609 μὲν
604 1531 670 1590 ΑΒ
698 1521 804 1611 άκρον
826 1523 884 1596 καὶ
905 1522 1007 1607 μέσον
1031 1521 1136 1606 λόγον

123 1625 205 1694 κατδι
229 1626 267 1694 τὸ
292 1633 334 1714 Γ,
361 1629 417 1696 καὶ
444 1626 482 1696 τὸ
509 1635 621 1715 μεῖζον
644 1627 747 1716 αὐτῆς
769 1632 878 1716 τμῆμα
906 1631 988 1694 ἔστω
1016 1624 1036 1713 ἡ
1061 1633 1135 1695 ΑΓ.

72 1759 105 1808 15
125 1730 249 1820 ὁμοίως
267 1733 373 1802 δὲκαὶ
391 1732 413 1821 ἡ
429 1742 499 1802 ΔΒ
515 1734 620 1821 άκρον
638 1734 694 1802 καὶ
712 1736 816 1822 μέσον
834 1735 937 1821 λόγον
959 1732 1135 1821 τετμήσθω

123 1838 267 1908 κατὰτὸ
293 1847 335 1926 Ζ,
362 1841 418 1909 καί
445 1839 483 1909 τὸ
512 1847 623 1928 μεῖζον
651 1838 755 1925 αὐτῆς
776 1844 887 1927 τμῆμα
910 1844 993 1908 ἔστω
1016 1838 1037 1926 η
1061 1850 1135 1909 ΑΖ.

123 1947 221 2032 λέγω,
245 1944 297 2014 ὅτι
320 1944 365 2026 ὡς
388 1945 449 2033 ὅλη
473 1944 494 2033 ἡ
518 1954 584 2014 ΑΒ
606 1945 689 2035 πρὸς
711 1945 773 2032 τὴν
798 1951 877 2032 ΑΓ,
902 1947 1006 2026 οὕτως
1030 1945 1089 2032 ὅλη
1114 1945 1134 2032 ἡ

124 2059 194 2118 ΑΕ
215 2051 299 2139 πρὸς
320 2051 358 2119 τὸ
382 2058 493 2137 μεῖζον
516 2056 626 2140 τμῆμα
649 2050 711 2138 τὴν
735 2059 810 2119 ΑΖ.

191 2159 261 2225 ἐπεὶ
283 2156 347 2243 γάρ
370 2157 406 2227 τὸ
432 2158 493 2245 μὲν
516 2156 582 2227 ὑπὸ
603 2164 705 2226 ΑΒΓ
723 2166 800 2226 ἴσον
823 2158 893 2226 ἐστὶ
910 2163 955 2251 τῷ
975 2158 1038 2229 άτιὸ
1059 2167 1135 2246 ΑΓ,

71 2288 110 2342 νο,
123 2265 161 2331 τὸ
186 2263 223 2329 δὲ
245 2260 310 2330 ὑπὸ
331 2271 431 2331 ΑΕΖ
455 2272 531 2333 ἰσον
555 2265 624 2333 ἐστὶ
646 2268 692 2354 τῷ
712 2262 776 2332 άπὸ
797 2272 873 2350 ΔΖ,
898 2269 988 2333 ἔστιν
1008 2265 1073 2352 άρα
1092 2266 1137 2347 ὡς

124 2366 162 2436 ιδ
184 2365 249 2435 ὑπὸ
274 2376 377 2437 ΑΒΓ
395 2369 479 2456 πρὸς
500 2370 538 2439 τὸ
562 2368 626 2438 άτιδ
653 2376 733 2456 ΑΓ,
759 2368 866 2449 οὕτως
883 2372 921 2438 τὸ
944 2368 1010 2439 ὑπὸ
1035 2379 1136 2439 ΑΒΖ

124 2471 207 2562 πρὸς
228 2473 266 2542 τὸ
291 2471 355 2543 άτιὸ
375 2483 450 2544 ΛΖ.
482 2477 537 2544 καί
560 2474 605 2556 ὡς
627 2478 665 2544 τὸ
687 2475 837 2562 τετράκις
859 2473 924 2564 άρα
947 2475 1013 2544 ὑπὸ
1037 2484 1141 2545 ΑΒΓ

124 2583 208 2669 πρὸς
229 2579 267 2649 τὸ
292 2579 355 2651 άπὸ
384 2589 442 2669 της
465 2591 544 2669 ΑΓ,
573 2581 679 2662 οὕτως
700 2580 738 2649 τὸ
768 2580 917 2669 τετράκις
943 2579 1008 2649 ὑπὸ
1034 2591 1136 2651 ΔΕΖ

123 2685 207 2775 πρὸς
229 2688 266 2757 τὸ
291 2685 355 2757 άπὸ
381 2697 456 2757 ΛΖ.
502 2690 557 2756 καί
581 2689 742 2757 συνθέντι
766 2685 810 2767 ὡς
833 2686 869 2756 τὸ
898 2686 1047 2776 τετράκις
1070 2686 1135 2758 ὑπὸ

73 2817 107 2867 25
126 2801 229 2862 ΑΒΓ
248 2792 327 2883 μετὰ
350 2798 411 2862 τοῦ
435 2791 498 2863 άπὸ
524 2801 594 2863 ΑΓ
610 2792 693 2883 πρὸς
714 2793 752 2862 τὸ
776 2792 841 2862 άτιὸ
864 2799 945 2878 ΑΓ,
969 2794 1075 2875 οὕτως
1097 2795 1135 2864 τὸ

124 2899 274 2988 τετράκις
295 2899 362 2968 ὑπὸ
387 2908 488 2969 ΔΕΖ
516 2898 596 2988 μετά
625 2904 686 2969 τοῦ
714 2899 782 2969 άπὸ
808 2908 874 2968 ΔΖ
900 2897 984 2985 πρὸς
1006 2899 1044 2969 τὸ
1068 2900 1133 2970 άτιο

196 3101 220 3146 2.
242 3090 428 3216 ἐπιφάνειαῖὲ
447 3109 502 3149 om.
521 3093 634 3149 PBVv.
707 3097 732 3148 ὅ.
753 3089 887 3166 ἐδείχθη]
908 3090 996 3156 οὕτως
1016 3091 1133 3163 ἐδείχθη

125 3162 280 3358 Ρῗὲνδῖτιχ
291 3165 417 3359 Q&
427 3228 471 3360 31τέ
479 3235 542 3321 Βδζ,
557 3235 606 3291 καί
616 3231 734 3360 τὰὲξῆς.
743 3231 798 3360 j}
808 3235 878 3360 Pv.B
921 3239 966 3324 δε]
975 3236 1134 3361 οωρξξῑῖν.

162 3345 204 3431 14:
224 3323 337 3448 έιάὶιντό]
356 3349 387 3431 τὸ
407 3376 441 3432 δέ
459 3307 570 3433 Ρῖδῖῑρέ.
583 3324 729 3446 οωτμημα
749 3309 1029 3507 αάέῆάίΡῖἰεάῗὴιαὴἰ]
1050 3376 1082 3434 τό
1101 3327 1134 3435 δ.

163 3452 202 3502 15.
223 3445 268 3518 δέ]
290 3444 325 3517 δή
343 3448 376 3505 V.
433 3457 474 3506 16.
494 3449 589 3519 τμῆμα
603 3442 821 3516 αὖτῆςΡΒδτ.
878 3456 920 3506 17.
940 3445 988 3522 ὡς]
1024 3449 1136 3515 στίνῶς

431 3206 436 3217 .
492 3171 517 3220 8.
531 3161 563 3220 τὸ
579 3161 703 3235 στερεόν]
718 3160 735 3233 ἡ
749 3164 778 3217 Ρ.
834 3164 960 3257 στερεόν]
972 3165 1093 3232 τλεῦρον
1103 3164 1134 3218 Ρ.
