2362 3796
333 161 514 211 1212?ssme
533 160 803 214 scnomossnm
1012 159 1077 224 683

65 301 285 385 εἰκοσαέδρου
319 303 496 367 δείκνυται.
548 300 604 366 καὶ
629 310 647 366 ἓ
677 298 742 385 άρα
769 298 809 366 τά
836 298 901 368 άπὸ
928 305 987 388 τῆς
1010 306 1079 368 ΚΛ

68 418 125 475 ίσα
148 406 237 494 τρισὶ
260 418 331 485 τοῖς
353 403 419 474 άπὸ
444 413 522 474 ΔΗ
538 407 595 473 καὶ
617 405 706 489 τρισὶ
728 419 798 484 τοῖς
819 404 885 473 άπὸ
910 413 985 474 ΗΓ.

136 516 185 580 16.
216 509 274 593 Ὡς
300 511 339 581 τὸ
368 509 434 581 άπδ
458 521 491 578 Α
498 519 526 580 Β
553 521 613 598 τῆς
642 512 821 597 διαμέτρου
848 516 907 597 τῆς
934 518 1079 598 σφαίρας

67 616 150 703 πρὸς
172 616 210 685 τὸ
233 616 298 686 άπὸ
321 621 381 705 τῆς
399 624 477 685 ΔΗ
493 621 641 702 πλευράς
663 615 767 702 οὔσης
788 622 849 686 τοῦ
868 617 988 703 κύβου·
1012 623 1079 705 ἔχει

68 723 106 791 δὲ
137 728 355 810 τριπλασίονα
387 721 491 810 λόγον
525 722 581 791 διά
615 721 653 791 τὸ
687 721 734 808 ιη’
762 728 823 790 τοῦ
856 723 904 810 ιγ’-
931 729 1076 810 βιβλίου·
1113 748 1131 797 5

66 826 173 907 οὕτως
199 826 237 897 τὸ
266 826 332 896 άπὸ
360 832 419 914 τῆς
445 833 507 896 τοῦ
535 835 638 896 ΚΛΘ
668 829 837 916 τριγώνου
864 829 1076 916 ἰσοπλεύρου,

65 936 99 1014 ἐξ
124 925 165 1001 οὗ
187 933 225 1002 τὸ
250 933 466 1018 εἰκοσάεδρον
489 932 735 1020 άναγράφεται,
762 933 845 1022 πρὸς
867 935 906 1004 τὸ
930 933 996 1003 άπὸ
1019 940 1078 1020 τῆς

64 1047 150 1107 ΜΝ
169 1042 205 1107 ἐκ
227 1042 287 1106 τοῦ
311 1041 453 1124 κέντρου
475 1041 580 1125 οὔσης
602 1044 664 1108 τοῦ
686 1039 823 1126 κύκλου,
847 1045 884 1109 ἐν
907 1035 933 1133 ᾧ
956 1040 993 1108 τὸ
1012 1068 1077 1110 τοι·

65 1149 168 1213 οὖτον
187 1143 390 1231 ἐγγράφεται
406 1151 584 1232 τρίγωνον,
605 1144 660 1213 διά
676 1145 714 1213 τὸ
730 1145 777 1231 ιβ’
791 1151 853 1215 τοῦ
867 1147 915 1233 ιγ’
929 1153 1077 1233 βιβλίου·

64 1249 121 1316 καὶ
145 1249 299 1330 ἐναλλάξ·
335 1249 420 1318 άίίά
447 1256 522 1336 τρία
548 1249 589 1319 τά
618 1249 681 1319 άπδ
706 1255 764 1337 τῆς
788 1259 865 1320 ΔΗ
889 1261 945 1320 ίσα
966 1265 985 1320 ἒ
1007 1268 1077 1332 τοῖς
1097 1277 1130 1325 10

64 1353 129 1422 άπὸ
150 1363 236 1424 ΜΝ.
271 1368 290 1423 ἓ
312 1354 378 1440 άρα
400 1355 440 1424 τά
463 1353 528 1424 άπὸ
549 1363 584 1424 Κ
588 1363 619 1424 Λ
642 1365 699 1424 ίσα
721 1357 811 1444 τρισὶ
829 1371 899 1437 τοῖς
918 1356 983 1425 άπὸ
1003 1365 1076 1429 AB.

64 1460 161 1528 πέντε
184 1453 247 1529 οὖν
269 1460 309 1529 τά
334 1459 399 1530 άπὸ
423 1467 481 1548 τῆς
495 1469 529 1530 Κ
534 1470 564 1529 Λ
588 1471 644 1530 ίσα
663 1468 797 1531 ἔσονται
813 1465 903 1550 τρισὶ
921 1477 992 1543 τοῖς
1010 1462 1075 1532 άπδ

66 1574 148 1652 ΔΗ,
167 1573 241 1634 ΗΓ.
279 1565 369 1647 ὅπως
394 1568 431 1634 δὲ
454 1570 551 1635 πέντε
573 1567 615 1633 τά
639 1565 704 1636 άπὸ
724 1574 793 1636 ΚΛ
816 1578 872 1637 ἰσα
894 1569 984 1656 τρισὶ
1005 1581 1076 1649 τοῖς

65 1669 130 1740 άπὸ
145 1681 222 1757 ΑΒ,
247 1675 365 1756 δῆλον·
389 1671 459 1738 ἐπεὶ
482 1671 547 1756 γάρ
570 1671 608 1739 τὸ
633 1673 693 1759 μὲν
713 1671 778 1741 άπὸ
797 1678 856 1761 τῆς
869 1684 935 1742 ΑΒ
957 1699 1076 1742 πεντα-

64 1779 207 1844 πλάσιον
220 1780 282 1842 τοῦ
295 1774 361 1844 άπὸ
376 1780 435 1861 τῆς
447 1783 531 1843 ΜΝ
545 1779 580 1844 ἐκ
593 1777 735 1862 κέντρου
749 1777 852 1864 οὔσης
865 1783 927 1847 τοῦ
939 1780 1075 1867 κύκλου,
1095 1804 1130 1853 15

64 1873 92 1973 ᾧ
115 1880 316 1967 ἐγγράφεται
338 1881 376 1950 τὸ
397 1880 600 1966 ἰσόπλευρον
619 1888 797 1968 τρίγωνον,
820 1885 858 1952 τὸ
878 1885 915 1952 δὲ
933 1884 999 1955 άπὸ
1018 1891 1075 1973 τῆς

63 1992 209 2071 πλευράς
235 1991 297 2055 τοῦ
323 1988 481 2056 τοιούτου
507 1987 676 2075 τριγώνου
703 1988 900 2072 τριπλάσιον
925 1995 987 2057 τοῦ
1009 1988 1074 2059 άπὸ

62 2105 121 2179 τῆς
144 2102 237 2178 ΜΝ,
266 2092 327 2160 ἐάν
354 2092 392 2162 τὸ
416 2092 663 2161 πενταπλάσιον
684 2101 932 2184 τριπλασιασθῇ
959 2097 1015 2164 καὶ
1036 2114 1074 2165 το

62 2200 260 2282 τριπλάσιον
283 2207 589 2286 πενταπλασιασθη,
614 2198 850 2286 ἰσωδήσονται.
892 2200 944 2268 ὅτι
964 2201 1001 2270 δὲ
1019 2204 1075 2270 καὶ

63 2309 139 2387 τρία
161 2303 201 2370 τά
225 2300 290 2371 άπὸ
314 2309 383 2372 τών
407 2357 437 2372 ..
461 2312 539 2372 ΔΗ
560 2306 616 2373 καὶ
640 2311 721 2391 ΗΓ,
748 2309 807 2392 τῆς
833 2304 1074 2395 ὑποτεινούσης
1093 2334 1127 2382 20

63 2410 148 2494 λέγω
176 2413 239 2496 τὴν
265 2414 327 2478 τοῦ
357 2409 575 2497 πενταγώνου
606 2416 734 2497 γωνίαν
765 2413 821 2478 καί
847 2417 906 2499 τῆς
927 2419 1072 2499 πλευράς

62 2524 124 2582 τοῦ
146 2515 378 2602 πενταγώνου,
407 2525 463 2584 ίσα
489 2517 577 2601 τρισὶ
599 2530 670 2597 τοῖς
692 2515 758 2585 άπὸ
780 2526 862 2602 ΑΒ,
891 2523 996 2604 δῆλον
1019 2523 1071 2589 ἰν-

61 2624 198 2689 τεῦθεν·
234 2624 399 2691 δέδεικται
427 2624 463 2690 ἐν
491 2622 517 2689 ι’
540 2628 603 2690 τοῦ
631 2623 677 2708 ιγ’
705 2629 856 2709 βιβλίου,
890 2623 935 2704 ὡς
961 2623 982 2712 ἡ
1010 2632 1070 2695 τοῦ

62 2728 280 2813 πενταγώνου
310 2727 437 2815 πλευρά
470 2727 613 2796 δύναται
641 2727 702 2814 τὴν
729 2733 791 2797 τοῦ
819 2729 989 2815 ἑξαγώνου
1015 2733 1071 2799 καὶ

63 2833 258 2920 δεκαγώνου
280 2838 348 2901 τών
371 2837 419 2912 εἰς
440 2832 502 2901 τὸν
526 2830 630 2902 αὐτὸν
652 2834 778 2903 κύκλον
802 2836 1071 2921 ἐγγραφομένων.
1091 2863 1125 2912 25

62 2939 132 3006 ἐπεὶ
152 2932 215 3007 οὖν
235 2943 331 3029 ἐντῷ
346 2939 574 3025 προρρηθέντι
591 2939 786 3026 θεωρήματι
804 2941 939 3025 ἐδείχθη
954 2939 992 3008 τὸ
1008 2939 1071 3008 άπὸ

61 3086 275 3093 ———

135 3149 458 3219 mWfflme

132 3341 209 3399 3,τό
229 3339 301 3414 άπό]
321 3360 475 3412 suprascr.
494 3344 528 3398 V.
593 3351 618 3398 4.
638 3341 669 3399 τὸ
689 3339 760 3416 άπό]
780 3362 933 3414 suprascr.
953 3333 984 3401 V.
1046 3355 1070 3403 7.

58 3413 191 3488 16](alt.)
212 3431 298 3484 supra
313 3430 363 3469 scr.
378 3414 412 3469 V.
469 3420 511 3469 16.
526 3411 583 3468 άπὸ
598 3417 661 3488 τῆς]
680 3432 766 3485 nuptu,
777 3431 834 3471 εστ.
844 3415 886 3471 Ἶ.
939 3422 993 3468 ‘m
1011 3418 1093 3465 hm

60 3491 122 3540 ΔΗ
138 3487 279 3554 quaedam
297 3501 376 3541 enan.
449 3487 502 3540 καί
506 3486 516 3558 ]
536 3503 625 3559 συρτει.
643 3504 699 3545 εστ.
716 3487 756 3542 Ἴ.
