2362 3796
120 125 140 191 8
488 125 688 178 mmm
707 121 757 179 ιε’.

122 264 245 353 φάνεια
268 265 352 354 πρὸς
374 269 436 352 τὴν
459 276 519 334 τοῦ
543 267 760 353 εἰκοσαέδρου
783 264 998 353 ἐπιφάνειαν,
1027 267 1133 346 οὕτως

121 371 177 439 καὶ
201 370 282 440 αὐτὸ
307 371 344 440 τὸ
369 371 600 459 δωδεκάεδρον
622 370 706 456 πρὸς
723 370 762 439 τὸ
782 370 999 459 εἰκοσάεδρον
1019 373 1075 440 διὰ
1094 375 1130 441 τὸ

121 476 183 564 τὴν
204 475 310 564 αὐτὴν
329 475 415 546 εἰναι
433 479 580 546 κάθετον
599 475 663 544 άπὸ
683 480 744 545 τού
761 477 902 564 κέντρου
916 481 974 564 τῆς
988 485 1132 565 σφαίρας

123 584 176 652 ἐπὶ
198 587 236 652 τὸ
260 588 321 652 τοῦ
345 585 576 670 δωδεκαέδρου
599 583 815 669 πεντάγωνον
834 584 890 651 καὶ
908 582 946 651 τὸ
966 588 1027 651 τού
1045 588 1130 652 εἰκο-

88 715 104 764 5
124 691 270 775 σαέδρου
288 696 463 778 τρίγωνον.
495 688 724 778 γραπτέον·δέ
745 689 801 756 καὶ
824 687 905 777 ἡμῖν
930 689 1054 776 αὐτοῖς,
1079 688 1132 758 ὅτι

123 795 141 864 ὅ
165 794 267 876 αὐτὸς
289 796 410 875 κύκλος
432 795 672 882 περιλαμβάνει
695 794 733 862 τό
756 821 791 863 τε
814 799 875 863 τοῦ
899 798 1133 880 δωδεκαέδρου

122 902 339 988 πεντάγωνον
366 902 422 969 καὶ
453 899 491 969 τὸ
523 911 585 969 τοῦ
618 901 834 988 εἰκοσαέδρου
866 907 1031 987 τρίγωνον
1063 907 1132 971 τών

123 1014 170 1089 εἰς
192 1012 255 1095 τὴν
279 1006 395 1094 αὐτὴν·
409 1021 558 1095 σφαῖραν
581 1008 858 1094 ἐγγραφομένων,
881 1011 1133 1096 προγραφέντος

122 1119 230 1184 τοῦδε.

71 1245 104 1294 10
186 1217 265 1287 Ἐὰν
293 1222 340 1299 εἰς
371 1218 496 1287 κύκλον
529 1218 746 1304 πεντάγωνον
780 1219 979 1305 ἰσόπλευρόν
1010 1246 1045 1288 τε
1077 1220 1131 1288 καί

124 1325 305 1413 ἰσογώνιον
328 1327 495 1413 ἐγγραφῇ,
519 1321 539 1411 ἡ
564 1323 629 1392 ὑπὸ
655 1324 718 1393 δύο
742 1323 886 1412 πλευράς
908 1323 1132 1394 ὑποτείνουσα

123 1432 178 1500 καὶ
201 1428 222 1518 ἡ
244 1435 307 1499 τού
328 1430 547 1517 πενταγώνου
570 1430 822 1519 συναμφότερος
850 1429 992 1518 δυνάμει
1015 1441 1073 1516 τῆς
1097 1434 1133 1499 έκ

123 1541 184 1606 τοῦ
206 1539 347 1625 κέντρου
369 1542 595 1605 πενταπλασία
619 1538 718 1605 ἐστίν.

190 1649 272 1713 έστω
296 1642 416 1724 κύκλος
440 1639 458 1711 ὁ
476 1651 510 1710 A
515 1651 543 1711 Β
550 1649 589 1728 Γ,
612 1643 667 1710 καί
686 1644 786 1734 ἐντῷ
806 1647 908 1710 ΑΒΓ
925 1644 1036 1729 κύκλφ
1055 1665 1131 1708 πευ-

71 1773 105 1823 15
123 1751 277 1836 ταγώνου
299 1749 425 1838 πλευρά
447 1755 529 1818 ἔστω
549 1748 569 1836 ἡ
589 1756 664 1835 ΑΓ,
687 1749 743 1817 καί
762 1747 915 1836 εἰλήφθω
934 1747 972 1816 τὸ
991 1749 1131 1836 κέντρον

122 1861 183 1925 τοῦ
206 1859 331 1925 κύκλου
354 1855 392 1924 τὸ
418 1865 465 1941 Δ,
494 1856 549 1924 καί
573 1855 626 1923 ἐπὶ
649 1858 711 1942 τὴν
734 1861 804 1922 ΑΓ
826 1854 970 1934 κάθετος
991 1853 1087 1941 ἤχθω
1111 1851 1132 1940 ἡ

124 1970 191 2030 ΛΖ
219 1964 274 2031 καί
304 1961 519 2049 ἐκβεβλήσθω
549 1962 602 2029 ἐπὶ
624 1961 663 2030 τά
689 1968 732 2047 Β,
751 1968 796 2045 Β,
823 1961 878 2027 καὶ
903 1959 1088 2047 ἐπεζεύχθω
1113 1957 1133 2046 ἡ

123 2076 197 2136 ΑΒ.
250 2070 351 2154 λέγω,
385 2066 436 2135 ὅτι
468 2068 507 2135 τά
540 2064 605 2134 άπὸ
637 2071 706 2134 τών
738 2075 819 2152 ΒΑ,
847 2072 916 2133 ΑΓ
942 2065 1134 2154 τετράγωνα

124 2171 350 2241 πευταπλάσιά
376 2175 445 2239 ἐστι
468 2176 530 2239 τοῦ
554 2166 619 2241 άπὸ
642 2178 701 2259 τῆς
724 2180 795 2239 ΛΕ
814 2171 1035 2259 τετραγώνου.

71 2305 106 2353 20
192 2277 377 2363 ἐπεζεύχθω
405 2275 425 2365 ἡ
454 2286 487 2344 Α
493 2287 535 2345 Β·
573 2280 765 2365 δεκαγώνου
793 2276 858 2365 άρα
892 2278 981 2344 ἐστὶν
1010 2275 1030 2363 ἡ
1059 2285 1133 2347 ΑΒ.

124 2384 179 2452 καὶ
208 2385 276 2450 ἐπεὶ
306 2386 406 2470 διπλῆ
434 2386 525 2452 ἐστιν
553 2381 573 2472 ἡ
597 2391 664 2452 ΒΕ
689 2387 747 2472 τῆς
775 2392 858 2470 ΕΛ,
891 2383 1133 2472 τετραπλάσιον

125 2489 189 2574 άρα
213 2489 280 2556 ἐστὶ
304 2489 340 2556 τὸ
360 2487 425 2557 άπὸ
445 2501 504 2576 τῆς
518 2498 584 2558 ΒΕ
600 2495 661 2558 τού
680 2489 745 2559 άπὸ
764 2502 822 2578 τῆς
837 2498 913 2558 ΕΔ.
945 2500 990 2580 τῷ
1010 2489 1047 2557 δὲ
1066 2487 1131 2557 άπὸ

124 2599 182 2682 τῆς
209 2602 275 2662 ΒΕ
305 2603 361 2662 ἰσα
394 2597 461 2663 ἐστί
492 2596 532 2664 τά
562 2595 627 2664 άπὸ
655 2601 724 2666 τών
752 2605 861 2664 ΒΑΕ.
912 2596 1134 2684 τετραπλάσια

125 2701 189 2789 άρα
213 2701 252 2769 τά
272 2698 337 2769 άπὸ
354 2706 422 2770 τών
437 2709 539 2770 ΒΑΕ
559 2706 620 2771 τού
638 2699 704 2771 άπὸ
721 2706 779 2789 τῆς
793 2711 827 2770 A
833 2711 870 2770 E.
908 2703 1135 2769 πενταπλάσια

122 2843 274 2856 ...υ-..ῤ’-
279 2840 336 2846 *—

195 2906 220 2953 2.
240 2893 271 2951 τὸ
282 2892 353 2951 αύτό
368 2898 405 2951 Μ.
456 2892 501 2968 τά]
517 2898 604 2966 (tert.)
619 2894 652 2952 δέ
667 2896 726 2949 ΡΒ.
776 2900 800 2947 3.
811 2890 950 2966 κάθετον]
966 2889 1087 2949 εὐθεῖαν
1097 2893 1134 2948 Μ.

160 2975 184 3023 4.
204 2968 253 3039 τό]
280 2986 334 3022 om.
353 2968 384 3023 P.
456 2963 640 3036 πεντάγωνον
659 2998 693 3007 -
713 2962 913 3032 εἰκοσαέδρου]
934 2981 987 3019 om.
1007 2963 1036 3021 P.
1110 2969 1135 3018 5.

124 3039 278 3109 γραπτέον]
298 3060 314 3108 γ
328 3039 358 3092 in
371 3055 425 3092 ras.
440 3055 476 3091 m.
493 3045 507 3093 1
526 3039 557 3092 P.
612 3033 800 3107 γραπτέον-
817 3041 840 3090 7.
860 3036 995 3103 τρίγωνον
1028 3052 1081 3090 om.
1097 3034 1135 3090 M.

163 3104 391 3178 πεφεύγασιν
410 3140 444 3149 -
465 3106 658 3178 εἰκοσαέδρου]
678 3125 732 3162 om.
751 3104 782 3161 P.
855 3111 880 3160 8.
900 3101 990 3172 αύτήν
1024 3123 1078 3160 om.
1097 3105 1134 3160 M.

164 3186 203 3232 10.
229 3176 406 3248 τετράγωνον
430 3181 467 3247 V,
497 3195 566 3234 corr.
590 3196 626 3232 m.
650 3185 674 3232 2.
755 3195 785 3230 τε
812 3176 861 3230 καί
887 3173 1050 3246 ἰσογώνιον]
1081 3192 1135 3231 om.

124 3248 235 3302 PBVv.
319 3254 360 3305 11.
380 3247 411 3319 ἡ]
431 3267 485 3303 om.
504 3250 541 3304 M.
623 3244 641 3317 ὴ
661 3244 717 3303 ὑπὸ
737 3279 770 3286 -
791 3253 833 3302 13.
854 3242 941 3318 ἐστίν]
960 3243 992 3301 τὸ
1011 3241 1068 3300 άπὸ
1087 3248 1137 3315 τῆς

124 3320 247 3387 πλευράς
261 3319 311 3373 τοῦ
327 3317 509 3389 πενταγώνου
524 3317 572 3373 καὶ
586 3316 617 3373 τδ
633 3314 691 3373 άπὸ
705 3319 754 3386 τῆς
767 3314 824 3372 ὑπὸ
840 3314 893 3372 δύο
906 3317 1036 3385 πλευρῶν
1055 3320 1135 3384 (corr.

125 3389 154 3443 in
173 3386 295 3458 πλευράς
315 3389 351 3458 V)
375 3391 425 3443 τοῦ
444 3387 627 3460 πενταγώνου
647 3384 711 3457 (ἐάν
730 3389 794 3444 αδδ.
815 3389 846 3458 Ρ)
865 3383 1070 3456 ὑποτεινούσης
1089 3383 1137 3442 εύ-

124 3461 209 3523 θείας
229 3455 438 3515 πενταπλάσιον
458 3459 536 3515 ἔσται
554 3458 624 3530 (ἐστι
640 3460 676 3531 V)
695 3466 746 3516 τοῦ
765 3455 822 3515 άπὸ
838 3461 888 3529 τῆς
907 3455 939 3514 ἐκ
952 3459 1003 3513 τού
1017 3462 1136 3527 κε’ντροο
