2362 3796
235 176 391 228 SCHOLIA
408 178 448 229 IN
465 176 741 229 ELEMENTORUM
759 178 898 228 LIBRUM
911 178 944 230 X.
1027 174 1092 239 563

80 316 163 404 πρὸς
189 315 401 403 τετράγωνον
429 314 592 403 ἀριθμόν·
630 313 761 402 εὐχερὲς
789 315 826 382 δὲ
858 325 971 384 τοῦτο·
1009 314 1093 384 ὥστε

82 422 98 491 ὁ
124 431 168 508 Ε,
197 423 266 490 ἐπεὶ
290 420 352 489 οὐκ
380 426 448 489 ἐστι
476 421 699 508 τετράγωνος,
728 419 808 488 οὐδὲ
835 423 920 509 πρὸς
946 420 1006 490 τδν
1031 429 1093 491 ΓΔ

80 529 183 616 λόγον
207 531 286 615 ἕξει,
314 525 354 596 ὃν
376 529 585 614 τετράγωνος
608 525 755 614 άριδμδς
777 525 860 615 πρὸς
882 527 1093 614 τετράγωνον

82 634 241 723 ἀριθμόν.

145 745 219 809 402.
252 739 392 827 Ἑκάστη
407 729 571 825 1άποτομη
602 742 693 808 ίδίαν
721 745 787 828 ἔχει
815 741 876 827 τὴν
905 741 1092 830 προσαρμό-
1129 765 1145 813 5

80 855 205 930 ζουσαν
234 844 316 933 αὐτῇ
345 843 485 914 εὐθεῖαν
517 846 572 912 καὶ
601 844 683 931 ὅλην
712 845 817 933 ῥητὴν
844 848 900 914 καὶ
929 848 1003 935 οὐχὶ
1031 849 1092 934 την

78 958 260 1042 τυχοῦσαν·
284 956 383 1020 τοῦτο
407 949 569 1039 ἡμέτερον
594 951 702 1039 νόημα
726 950 771 1032 ὡς
793 956 876 1041 πρός
898 981 929 1022 τι
952 954 1008 1022 καὶ
1031 953 1093 1042 οὐχ

80 1059 124 1141 ὡς
146 1065 270 1146 ἔτυχεν.

145 1169 219 1233 403.
257 1168 306 1232 Αί
326 1163 451 1250 άλονοι,

145 1273 227 1358 μέση
257 1270 334 1337 δύο·
371 1273 406 1339 ἐκ
439 1270 501 1340 δύο
532 1268 708 1357 ὀνομάτων
737 1270 780 1357 μ’.
821 1275 856 1340 ἐκ
889 1273 952 1340 δύο
980 1275 1092 1360 μέσων
1113 1297 1147 1346 10

77 1377 191 1465 πρώτη
216 1379 259 1445 δ’·
283 1375 404 1445 ἐκδύο
428 1379 540 1464 μέσων
567 1379 705 1464 δευτέρα
724 1377 762 1444 ε’·
786 1383 906 1463 μείζων
924 1378 965 1448 ς’.
989 1379 1092 1466 ῥητὸν

77 1484 132 1550 καί
156 1484 259 1570 μέσον
287 1485 456 1570 δυναμένη
483 1483 521 1565 ζ’.
570 1486 631 1563 δάο
662 1485 745 1570 μέσα
773 1486 944 1572 δυναμένη
967 1486 1012 1572 η’.
1058 1489 1093 1555 ἐκ

78 1592 139 1657 δύο
164 1578 341 1675 ὀνομάτων
365 1589 398 1656 α’
418 1589 467 1657 θ’.
501 1592 536 1657 ἐκ
561 1592 624 1658 δύο
648 1589 826 1677 ὀνομάτων
846 1591 880 1677 β’
902 1590 936 1659 ι’.
973 1593 1091 1661 ἐκδύο

78 1692 255 1782 ὀνομάτων
277 1694 311 1780 γ’
336 1694 393 1762 ια’.
439 1697 475 1762 ἐκ
505 1694 568 1762 δύο
597 1693 773 1782 ὀνομάτων
807 1698 841 1763 δ’
865 1695 921 1782 ιβ’.
967 1698 1091 1777 ἐκδύο

78 1800 255 1887 ὀνομάτων
270 1803 299 1867 ε’
313 1803 368 1885 ιγ’.
406 1800 520 1869 ἐκδύο
536 1800 713 1889 ὀνομάτων
727 1802 759 1874 ς’
775 1805 831 1870 ιδ’.
868 1802 1020 1891 άποτομὴ
1037 1804 1088 1874 ιε’.
1109 1828 1141 1876 15

77 1909 177 1994 μέσης
191 1905 342 1992 ἀποτομὴ
353 1906 387 1974 α’
399 1926 431 1978 ις
437 1907 454 1974 ’.
478 1910 580 1995 μέσης
594 1905 743 1995 άποτομὴ
754 1909 789 1994 β’
800 1907 850 1990 ιζ’.
877 1896 1027 1977 ἐλάσσων
1039 1910 1092 1997 ιη’,

76 2013 96 2102 ἡ
124 2014 205 2102 μετὰ
235 2016 340 2101 ῥητοῦ
368 2016 471 2097 μέσον
498 2013 536 2083 τὸ
566 2012 646 2083 ὅλον
673 2019 817 2083 ποιοῦσα
850 2015 911 2083 ιδ’.
962 2013 982 2102 ἡ
1011 2015 1092 2103 μετά

76 2122 180 2207 μέσον
195 2122 298 2207 μέσον
312 2122 349 2188 τὸ
366 2120 447 2187 ὅλον
461 2123 619 2205 ποιοῦσα,
636 2120 785 2207 ἀποτομὴ
802 2119 926 2207 πρώτη,
942 2123 1091 2209 δευτέρα,

74 2231 185 2312 τρίτη,
208 2225 361 2313 τετάρτη,
385 2227 530 2312 πέμπτη,
555 2228 640 2311 έκτη.

435 2424 492 2487 Ad
516 2445 622 2507 prop.
646 2422 729 2488 XCI.

129 2598 296 2725 σοαἯ
312 2639 379 2699 ΑΒ
469 2565 625 2718 ηεαδ

601 2741 626 2791 0

141 2829 216 2894 405.
244 2724 356 2893 Ἕοάιιε
383 2825 423 2893 τά
451 2831 512 2893 τοῦ
537 2742 678 2894 δεκάέδν
700 2832 835 2912 βιβλίου
858 2802 914 2894 κάλ
938 2828 1088 2896 ἐπέκεινα

72 2929 239 2999 άδίδαιιταΙ
253 2929 317 3020 πρὸ
336 2935 470 2999 πολλῶν
489 2934 616 3018 μενέων
635 2946 746 3019 μεῖναι
766 2931 811 3000 δι’
833 2931 1004 3020 ἀμέλειαν·
1032 2933 1086 3003 διδ
1107 2959 1144 3008 25

73 3039 128 3105 καλ
151 3037 192 3105 τά
216 3037 448 3124 διαγράμματα
472 3036 585 3107 αὐτῶν
614 3040 819 3127 ἐσφαλμένα,
847 3039 903 3106 καί
927 3037 1008 3107 οὐδὲ
1029 3038 1089 3120 τάς

72 3142 360 3231 παρασημειάσεις
382 3149 507 3232 έχουσι,
532 3144 577 3211 δι’
600 3136 648 3212 οἷν
673 3150 872 3214 δείκνυνται.

75 3265 287 3274 ..---.----

107 3304 271 3430 40ιοηξινα
344 3309 403 3358 403.
422 3294 462 3358 νο
476 3306 524 3374 (ω.
593 3311 653 3360 ιοι.
673 3304 715 3358 Vb
730 3305 776 3370 (ad
792 3323 855 3376 app.
870 3327 911 3362 nr.
927 3315 960 3364 τε
975 3329 1001 3380 p.
1014 3314 1086 3383 400).

144 3399 167 3430 0.
226 3417 233 3430 .

72 3479 99 3485 ’
145 3522 186 3570 10.
208 3513 271 3586 οτι]
294 3518 357 3586 (pr.)
377 3533 428 3572 ser.
448 3512 476 3590 β’
497 3517 536 3588 (h.
552 3534 576 3574 e.
592 3516 729 3590 δευτέρη
804 3525 853 3574 ω.
872 3516 925 3587 Q
941 3517 1036 3632 {w

906 3609 947 3655 Q
