2362 3796
117 138 183 204 608
263 125 420 193 εοΗοιιε
438 142 477 194 m
495 141 770 193 ειπαεννοειοιι
787 141 933 195 mmm
947 144 1002 198 xz

116 281 173 347 καὶ
197 284 234 347 αί
254 281 368 348 λοιπαί
391 286 512 367 γωνίαι
534 295 607 360 ταῖς
629 288 761 362 λοιπαῖς
782 285 940 368 γωνίαις·
977 281 1073 354 ὥστε
1093 285 1139 353 καλ

116 382 137 471 ἡ
161 384 227 454 ὑπὸ
251 392 357 453 ΑΗΒ
381 391 422 475 τῇ
444 384 510 454 ὑπὸ
534 391 647 454 ΑΗΓ.
694 384 750 454 διὰ
773 384 813 453 τὰ
835 383 922 455 αὐτὰ
947 389 1016 457 καὶ
1040 389 1064 478 ἡ
1086 389 1140 459 ύπο

118 497 226 560 ΑΗΓ
254 503 294 580 τῇ
326 489 391 560 ὑπὸ
421 498 530 559 ΑΗΔ
562 501 618 578 ἴση
651 494 750 561 ἐστίν.
800 489 926 578 ἡΑΗ
954 494 1036 583 ἄρα
1067 495 1140 584 πρὸς

116 602 251 676 πλείους
270 593 291 682 ἢ
312 600 375 665 δύο
391 596 527 676 εὐθείας
547 599 583 665 ἐν
601 600 646 689 τῷ
667 594 757 688 αὐτῷ
776 595 880 679 οὔσας
899 600 1062 693 ἐπιπέδῳ
1076 611 1139 685 ἴσας

83 716 208 771 σποιεῖ
228 709 365 789 γωνίας·
395 701 483 791 ὀρθὴ
507 702 573 789 ἄρα
597 703 666 772 ἐστὶ
687 700 771 791 πρὸς
793 701 831 772 τὸ
855 702 902 771 δι’
928 704 1057 777 αὐτοῇι
1080 711 1137 779 ἐπί·

117 812 237 893 πεδον,
270 812 339 875 ἔστι
368 806 531 896 καὶπρὸς
561 806 621 877 τὸν
647 807 782 876 κύκλον.
828 809 898 877 ἐπεὶ
926 806 1002 882 οὖν
1027 812 1051 902 ἡ
1074 821 1139 884 ΗΔ

116 919 156 1003 τῇ
180 920 247 981 ΗΖ
275 916 365 983 ἐστιν
389 922 461 1000 ἴση,
492 913 589 1001 κοινὴ
618 914 655 983 δὲ
683 916 737 982 καὶ
765 913 847 1001 πρὸς
872 913 993 1004 ὀρθὰς
1017 918 1042 1008 ἡ
1066 928 1136 1005 ΒΑ,

118 1018 216 1104 βάσις
238 1018 304 1108 ἄρα
327 1021 348 1107 ἡ
373 1029 445 1088 ΑΛ
471 1019 567 1106 βάσει
589 1024 630 1109 τῇ
653 1027 719 1088 ΑΖ
742 1029 797 1106 ἴση
821 1022 922 1092 ἐστίν.
974 1022 1137 1096 ὥστεκαὶ

118 1123 237 1213 ἑκάστη
269 1130 337 1194 τῶν
365 1134 446 1211 ΑΒ,
470 1131 550 1211 ΑΓ,
574 1133 648 1195 ΑΕ.
692 1127 748 1194 καὶ
781 1128 851 1195 ἐπεὶ
881 1124 903 1214 ἡ
930 1125 1006 1200 ὑπὸ
1037 1140 1138 1201 ΑΗΖ

66 1250 98 1299 10
118 1229 207 1317 ὀρθή
236 1233 343 1318 ἐστιν,
374 1229 395 1318 ἡ
424 1229 490 1300 ὑπὸ
514 1239 617 1299 ΑΖΕ
647 1229 712 1314 ἄρα
741 1237 860 1317 μείζων
888 1235 988 1303 ἐστὶν
1018 1234 1138 1326 ὀρθῆς·

118 1334 210 1416 ἐκτὸς
227 1335 292 1426 γὰρ
310 1342 372 1405 τοῦ
386 1344 504 1405 ΑΗΖ·
523 1335 607 1406 ὥστε
625 1335 647 1424 ἡ
665 1335 731 1406 ὑπὸ
745 1345 845 1406 ΑΕΖ
862 1345 976 1425 γωνία
992 1344 1139 1414 ἐλάττων

117 1441 208 1509 ἐστὶν
233 1441 349 1529 ὀρθῆς.
393 1447 455 1511 τοῦ
478 1450 581 1511 ΑΖΕ
606 1443 672 1529 ἄρα
693 1443 861 1530 τριγώνου
882 1441 904 1531 ἡ
928 1447 1020 1532 πρὸς
1046 1454 1096 1542 τῷ
1118 1457 1139 1517 Ζ

121 1554 228 1633 γωνία
251 1554 371 1636 μείζων
393 1550 452 1635 τῆς
469 1547 552 1636 πρὸς
569 1553 615 1639 τῷ
630 1556 668 1619 Ε.
706 1550 790 1618 ὥστε
808 1551 863 1617 καὶ
881 1554 1017 1640 πλευρὰ
1041 1553 1140 1640 ἡΑΕ

117 1658 175 1740 τῆς
193 1662 267 1722 ΑΖ.
309 1656 444 1742 ἐδείχθη
470 1655 507 1723 δέ
530 1655 585 1722 καῖ
610 1664 678 1742 ἴση·
707 1654 787 1741 ὅπερ
811 1653 948 1724 ἄτοπον.
990 1658 1062 1728 οὐκ
1082 1661 1139 1750 ἄρα

65 1780 98 1828 15
119 1758 211 1840 ἐκτὸς
233 1773 380 1829 πεσεῖται
403 1765 465 1829 τοῦ
488 1760 615 1830 κύκλον
636 1760 674 1829 τὸ
695 1769 727 1828 Ε
747 1775 894 1848 σημεῖον.
942 1759 1084 1851 ὁμοίως
1106 1765 1139 1854 δι’]

119 1869 282 1953 δείξομεν,
308 1865 356 1934 ὅτι
383 1865 464 1935 ούδέ
488 1866 589 1946 ἐντός.
636 1867 860 1949 ἐπιζεύξαντες
882 1867 949 1954 γὰρ
975 1871 1033 1939 ἐπ’
1064 1872 1139 1944 αύτὸ

118 1970 257 2041 εὐθεῖαν
284 1973 340 2040 καί
368 1973 564 2059 ἐκβαλόντες
590 1960 644 2040 ἐπὶ
672 1970 735 2059 τὴν
758 1974 978 2061 περιφέρειαν
1003 1980 1071 2047 καὶ
1096 1981 1140 2051 ἐπὶ

117 2077 154 2145 τὸ
174 2078 355 2166 γινόμενον
374 2093 512 2166 σημεῖον
531 2077 595 2147 ἀπὸ
610 2082 672 2146 τοῦ
686 2087 718 2145 Α
737 2078 962 2160 ἐπιζεύξαντες
981 2087 1140 2176 δείξομεν

116 2182 179 2270 τὴν
203 2183 309 2270 αὐτὴν
336 2185 392 2251 καὶ
421 2192 498 2270 ἴσην
525 2186 580 2252 καὶ
609 2183 781 2252 ἐλάττονα·
814 2185 894 2269 ὅπερ
917 2181 1071 2263 ύίτοπον.
1118 2197 1141 2263 εί

64 2308 98 2357 20
119 2289 156 2356 δὲ
178 2289 259 2375 μήτε
282 2282 376 2367 ἐντὸς
404 2288 485 2375 μήτε
513 2289 619 2375 ἐκτός,
653 2290 706 2357 ἐπὶ
732 2293 794 2381 τοῦΙ
820 2289 947 2358 κύκλον
977 2281 1065 2384 ἄρα.
1113 2300 1142 2368 αί

117 2401 197 2479 ΑΒ,
227 2399 306 2477 ΑΓ,
336 2401 424 2478 ΑΔ,
451 2400 521 2459 ΑΕ
554 2393 620 2481 ἄρα
656 2394 738 2462 κατὰ
774 2395 900 2463 κύκλον
941 2399 1009 2466 είσὶ
1057 2429 1141 2495 περι.

117 2505 262 2586 ωερείας,
285 2496 379 2585 καλὴ
401 2506 471 2566 ΑΗ
495 2496 584 2587 ὀρθὴ
606 2498 689 2587 πρὸς
711 2500 772 2568 τὸν
795 2499 931 2569 κύκλον·
962 2500 1056 2595 ὅπερ
1080 2516 1142 2580 ἔδει

118 2606 231 2684 δεῖξαι.

184 2709 349 2798 Πόρισμα.
377 2712 413 2778 ἐκ
427 2713 469 2797 δὴ
484 2709 607 2779 τούτου
622 2711 783 2800 φανερόν,
803 2710 855 2780 ὅτι
869 2710 980 2798 πύσης
995 2727 1139 2810 στερεᾶς

191 2914 213 2962 1.
234 2900 407 2977 ύστε]ωΡ,
428 2903 496 2960 ἐστω
515 2905 549 2975 V,
569 2923 623 2961 om.
642 2906 673 2960 Β.
764 2914 789 2963 3.
813 2908 884 2974 ΑΗ]
910 2923 965 2962 om.
987 2910 1020 2965 B.
1116 2925 1139 2973 4,

118 2973 244 3050 ἐπιπέδῳ
264 2962 400 3040 ούοαςωΒ.
464 2983 489 3032 ἴ.
509 2981 614 3046 γωνίας
630 2984 710 3032 ποιεῖ
725 2979 755 3034 Β.
820 2973 992 3101 ἐστῖὲέστιν
1007 2982 1049 3041 V.
1118 2995 1139 3043 η,

118 3048 180 3118 ΒΑ]
200 3065 257 3116 seq.
276 3048 439 3102 ras.2litt.
459 3049 494 3116 Ρ,
517 3054 566 3102 ΑΒ
587 3048 619 3101 Β.
697 3054 721 3103 9.
741 3044 914 3123 ἕκατίρηι.
991 3057 1040 3110 10.
1062 3052 1138 3129 ὀρθή

118 3115 238 3188 ἐστινὴ]
259 3119 291 3189 τῇ
311 3117 401 3172 PBV.
458 3125 498 3173 11.
519 3114 601 3190 ὥστε]
622 3116 691 3177 ἔστω
710 3118 799 3173 PBV.
857 3122 897 3172 12.
918 3114 1009 3195 ἐστίν]
1033 3143 1094 3183 om,
1110 3129 1139 3184 Β,

154 3196 195 3243 13.
215 3187 320 3314 702le
336 3189 475 3260 τριγώνου
494 3190 559 3255 PV,
582 3188 612 3243 in
630 3205 684 3244 ras.
703 3188 734 3243 B.
811 3190 927 3260 μείζων]
946 3191 1023 3260 μετοί
1045 3197 1139 3254 PBV.

152 3257 328 3332 τῷ]τύΡ.
384 3255 479 3316 ὦστΡ.
535 3266 576 3315 17.
591 3262 643 3315 καί
668 3263 731 3330 (pr.)
746 3259 842 3315 om.B.
895 3266 935 3316 18.
951 3257 1027 3337 αἳπύ]
1039 3284 1099 3326 om,
1111 3272 1139 3325 Β,

154 3337 196 3384 19.
216 3330 282 3401 καί]
300 3332 363 3416 (ηε.)
383 3348 436 3386 om.
456 3330 487 3385 Β.
551 3335 594 3386 21.
614 3331 739 3456 ανκλονὲ
752 3329 858 3386 κύκλον
877 3331 910 3388 V.
977 3339 1024 3389 22.
1047 3335 1127 3411 ὀρθή

112 3402 149 3476 τῇ
166 3400 260 3458 PBV.
316 3420 386 3472 οπερ
407 3397 589 3473 ἔδειδεῖξαι]
608 3418 698 3472 comp.
741 3419 822 3470 ,0m.
842 3402 873 3459 B.
929 3407 972 3456 24.
992 3407 1127 3482 πόρισμα

106 3496 167 3552 mg.
188 3496 229 3539 m.
251 3483 265 3534 1
287 3477 321 3548 P,
340 3494 399 3535 om.
413 3474 481 3531 BV.
