2362 3796
427 122 636 176 PRAEFATIO.

72 262 111 328 Ρ2
137 301 175 311 -
202 266 325 332 scholia
349 266 466 333 codicis
486 267 510 331 P
534 265 658 330 duabus
682 266 735 330 uel
759 264 863 330 tribus
887 264 1036 331 menibus

138 373 382 459 recentioribus
406 373 463 439 sed
486 377 596 438 temen
619 394 659 437 ex
680 374 773 456 perte
795 369 875 435 satis
895 372 1037 455 antiquis

138 479 172 542 in
194 479 396 577 marginibps
418 479 532 544 liberis
556 481 626 561 eut,
653 477 709 541 ubi
736 477 827 541 locus
851 476 974 561 deerat,
1004 479 1039 542 in

138 584 265 650 schedis
279 585 486 650 membranae
500 583 627 649 uilioris
637 582 690 648 hic
699 583 767 648 illie
777 581 895 647 insutis
906 582 1036 668 scripte.

74 685 114 753 Ρ3
139 725 176 735 -
207 691 331 755 scholia
358 713 461 777 pauca
491 691 526 754 in
548 689 574 754 P
596 712 696 754 manu
717 689 939 754 recentissima
961 711 1038 774 neg·

139 797 284 881 legenter
307 796 448 882 margini
471 796 576 862 inlita.

73 899 99 965 F
125 938 162 948 -
190 902 314 967 scholia
342 903 460 968 codicis
483 901 509 967 F
537 923 636 966 manu
663 901 768 984 prime
790 902 909 966 litteris
932 903 1040 967 uncia·

138 1008 224 1072 libus
248 1009 449 1092 compendiis
472 1008 621 1092 plurimis
646 1008 776 1092 scripta,
799 1029 936 1092 quorum
958 1030 1039 1073 non·

139 1113 231 1178 nulla
255 1118 463 1179 euanuerunt.

72 1214 111 1280 ps
137 1253 175 1266 -
202 1220 326 1284 scholia
349 1221 467 1286 codicis
491 1221 516 1286 F
539 1222 716 1286 recentiore
740 1241 839 1284 manu
864 1219 983 1284 addite.

71 1320 99 1385 B
122 1357 168 1370 -
190 1325 314 1390 scholia
337 1327 455 1391 codicis
475 1327 502 1390 B
528 1349 546 1390 a
569 1348 667 1389 manu
690 1325 754 1408 ipsi
777 1325 879 1391 codici
902 1325 1039 1410 aequali,

139 1429 207 1493 sine
227 1431 325 1496 dubio
340 1433 527 1516 plerumque
543 1431 685 1496 Arethae
705 1428 751 1516 (υ.
764 1429 856 1496 Meas
871 1429 1039 1518 Me'lenges

140 1531 250 1599 Graux
264 1558 294 1618 p.
310 1534 398 1622 754),
415 1537 471 1602 sed
487 1537 565 1601 alibi
580 1536 644 1602 elio
659 1538 842 1601 atramento
856 1558 917 1602 nec
931 1540 1042 1603 omnia
1061 1619 1064 1623 ⁴

140 1640 253 1704 eodem
275 1646 421 1726 tempore
445 1643 575 1726 scripta.

73 1742 329 1813 B1-seh01ia
357 1749 476 1814 codicis
501 1749 527 1812 B
556 1771 654 1812 manu
683 1750 762 1813 satis
791 1750 927 1834 antiqua
955 1753 1041 1814 stra·

140 1856 250 1918 mento
273 1853 367 1919 furuo
391 1856 528 1939 scripte,
556 1877 637 1940 quae
666 1855 834 1939 aliquanto
858 1857 969 1920 tamen
992 1878 1041 1921 re·

138 1959 262 2022 sentior
286 1964 335 2024 est
362 1983 462 2025 manu
485 1962 603 2044 prime3
635 1982 712 2024 nam
740 1959 795 2025 fol.
822 1960 902 2025 1801ι
924 1957 1040 2046 (schol.

139 2063 180 2126 ad
202 2062 246 2143 X,
269 2066 293 2130 6
314 2088 361 2130 nr.
380 2066 438 2150 51)
466 2066 599 2130 initium
628 2066 744 2130 scholii
771 2088 888 2130 manus
916 2067 1040 2149 primae

138 2168 272 2256 repetit,
301 2171 368 2235 sine
397 2171 493 2236 dubio
518 2170 595 2255 quie
617 2171 683 2237 iam
706 2174 777 2237 tum
800 2173 885 2237 lectu
909 2170 1041 2238 difficile

140 2277 219 2339 erat.
264 2276 376 2340 eadem
403 2299 517 2341 manus
545 2277 708 2341 interdum
738 2279 919 2342 atramento
947 2279 1041 2359 palli·

140 2379 230 2445 diors
260 2382 364 2446 utitur
398 2380 466 2468 (fol.
493 2382 572 2446 1Ἱ9ιι
595 2383 680 2447 enim
706 2386 738 2447 et
770 2383 825 2447 fol.
853 2381 928 2446 195¹
952 2380 1040 2448 idem

140 2485 300 2551 scholium
324 2490 357 2553 in
380 2489 444 2552 fine
469 2491 651 2554 atramento
674 2488 780 2573 furno,
801 2487 895 2552 initio
918 2489 1042 2574 pallido

141 2593 297 2678 seriptum
322 2591 396 2680 est).

73 2695 114 2762 B²
143 2735 186 2746 -
215 2701 340 2766 scholia
370 2701 490 2766 codicis
524 2701 551 2764 B
583 2723 682 2765 manu
709 2701 831 2766 recenti
859 2706 1041 2769 atramento

139 2805 240 2892 fusco,

73 2908 115 2975 Β3
137 2947 182 2958 -
207 2914 331 2979 scholia
350 2913 468 2979 codicis
483 2910 511 2975 Β
533 2913 597 2977 alia
611 2935 709 2978 manu
724 2913 846 2977 recenti
861 2916 1043 2980 atramento

141 3040 231 3103 rsu0,
677 3100 687 3110 ι

74 3119 116 3187 Β4
143 3160 180 3170 -
206 3125 328 3190 scholia
352 3123 471 3188 codicis
490 3122 518 3186 Β
542 3145 640 3188 manu
663 3123 888 3190 recentissime
911 3128 943 3189 et
965 3148 1043 3212 neg·

141 3231 266 3316 legenti
295 3231 425 3313 scripta.
476 3230 557 3294 haec
586 3251 700 3294 manus
729 3233 859 3314 praeter
889 3231 1043 3298 minutias

141 3338 297 3421 quasdam
341 3331 416 3422 (διὰ
453 3330 491 3400 τό
529 3333 608 3420 cet.)
650 3335 735 3400 nihil
778 3337 908 3421 scripsit
952 3343 1044 3404 extra

141 3444 263 3510 librum
278 3441 317 3508 X.
352 3438 393 3505 3²
413 3440 517 3506 rarior
537 3443 588 3505 est
606 3460 667 3505 nee
682 3440 750 3507 fere
768 3443 889 3507 librum
902 3442 935 3507 II
955 3463 1045 3528 egre-
