2362 3796
216 156 372 209 sonom
390 158 429 209 m
447 155 722 230 ELEMENTORUM
739 157 878 208 LIBRUM
890 159 937 211 w.
1011 155 1074 218 351

58 307 91 366 A
96 304 132 364 H
149 295 217 381 άρα
235 294 347 383 μεῖζόν
366 298 435 364 ἐστι
454 299 515 364 τοὺ
534 302 608 364 ΑΓ.
640 298 800 364 ἐντεῦθεν
819 288 882 364 οὑν
897 300 1075 381 δείκνυται,

57 401 109 472 ὅτι
123 469 126 475 ,
139 406 174 470 τὸ
200 409 276 470 ΑΗ
301 401 340 470 τδ
374 400 592 490 παραβληθὲν
624 403 713 490 παρὰ
741 402 803 489 τὴν
830 400 985 490 ῇμίσειαν
1015 389 1075 489 τῇς

58 513 220 594 δοθείσης
235 507 371 588 εὐθείας
384 508 496 597 μεῖζόν
507 510 575 576 ἐστι
589 511 712 589 παντὸς
723 507 938 596 ὀρθογωνίου
949 513 1075 596 χωρίου

58 616 361 703 παραβαλλομένου
383 613 473 702 παρὰ
495 617 560 701 τὴν
583 613 666 700 ὅλην
688 613 751 702 τὴν
774 625 806 683 Α
813 623 842 682 Β
866 617 1076 693 ἐλλείποντος

56 719 142 809 πρὸς
161 719 400 809 συμπλήρωσιν
419 721 522 807 αὑτῇς
540 724 621 789 είδει
637 719 746 813 ’ὁμοίω
761 725 806 814 τῷ
821 728 895 788 ΒΗ
907 725 952 812 τῇ
971 744 1073 805 παρα·
1109 745 1124 792 5

57 828 220 913 βληθέντι
243 830 332 914 παρὰ
356 826 418 914 τὴν
442 827 559 914 ἑτέραν
577 823 732 913 ἡμίσειαν
751 829 809 912 τῇς
827 834 904 912 ΑΒ,
927 826 983 893 καὶ
1003 827 1076 912 ἕξῇς

56 932 94 1000 τὸ
119 931 291 1019 θεώρημα.
1145 941 1147 944 “

391 1129 446 1193 Ad
469 1151 574 1214 prop.
596 1128 749 1195 XXVIII.

126 1254 179 1318 47.
219 1247 265 1318 Τὸ
288 1255 320 1316 Γ
338 1248 382 1337 μῇ
407 1257 519 1337 μεῖζον
541 1276 573 1338 p.
591 1254 662 1336 162,
683 1255 738 1336 12]
763 1248 833 1320 εἶπε
851 1253 926 1340 γάρ,
951 1249 1003 1320 ὅτι
1023 1254 1076 1319 δεῖ

56 1357 115 1442 δῇ,
145 1348 173 1447 ᾦ
197 1359 251 1424 δεί
271 1364 347 1424 ίσον
374 1362 592 1444 παραβαλεῖν,
612 1360 656 1445 μὴ
682 1364 793 1444 μεῖζον
813 1355 900 1426 εἶναι
923 1367 983 1426 τοῦ
1007 1355 1071 1426 άπὸ
1093 1380 1126 1430 10

56 1466 115 1549 τῇς
133 1458 296 1549 ἡμισείας·
320 1462 389 1531 ἐπεὶ
409 1455 472 1531 οὑν
494 1466 532 1532 νδ
548 1469 624 1530 ΑΗ
638 1461 703 1532 άπὸ
722 1468 781 1550 τῇς
801 1461 956 1550 ἡμισείας
975 1464 1075 1550 ἐστίν,

57 1566 121 1637 οὑκ
140 1573 231 1636 ἔσται
250 1567 356 1637 αὑτοῦ
375 1575 488 1656 μεῖζον
507 1567 545 1637 τὸ
559 1575 598 1653 Γ,
617 1567 691 1636 ἀλλ’
708 1569 784 1655 ῇτοι
803 1577 879 1637 ίσον
893 1565 914 1654 ῇ
929 1573 1074 1636 ἔλαττον.

57 1672 143 1743 ὥστε
165 1678 203 1745 τὸ
228 1682 305 1743 ΑΗ
321 1679 382 1744 τοῦ
406 1680 439 1741 Γ
457 1672 532 1760 ῇτοι
556 1681 632 1740 ίσον
657 1673 747 1740 ἐστὶν
770 1669 791 1760 ῇ
816 1680 936 1760 μεῖζον.

123 1785 176 1850 48.
195 1779 305 1869 Ταὺτῇ
315 1785 355 1867 τῇ
365 1777 516 1867 ὑπεροχῇ
529 1786 615 1863 ίσον,
628 1781 673 1869 τῇ
685 1778 765 1845 δὲΔ
775 1776 931 1867 ὅμοιονμ.
940 1781 1074 1865 164‚10]

56 1888 127 1956 ἐπεὶ
152 1886 263 1975 μεῖζόν
287 1889 356 1955 ἐστι
379 1883 417 1953 τὸ
445 1891 510 1952 ΘΕ
530 1887 591 1951 τοῦ
615 1890 658 1970 Γ,
686 1881 814 1971 ἀνάγκη
837 1881 984 1971 ὑπεροχῇ
1007 1908 1074 1950 τινι
1094 1906 1126 1955 16

56 1999 170 2081 μείζον
185 1991 285 2061 εἶναι·
306 1985 381 2059 οἷον
395 1989 501 2076 λόγου
514 1989 614 2080 χάριν
628 1995 710 2057 ἔστω
725 1988 763 2058 τὸ
777 1997 845 2058 ΘΕ
856 1993 1016 2078 μονάδων
1030 1995 1075 2080 ὦ,

56 2099 94 2168 τὸ
119 2099 157 2168 δὲ
181 2104 214 2167 Γ
232 2103 315 2166 ἔστω
339 2095 504 2184 μονάδων
525 2101 551 2163 ῖ.
598 2101 688 2164 ἔστιν
712 2088 776 2164 οὑν
798 2094 820 2183 ἡ
843 2101 964 2183 τοὺῖῇ
991 2093 1075 2185 πρὸς

56 2205 117 2274 τὸν
137 2201 317 2293 ῖὺπεροχῇ
337 2203 497 2290 μονάδων
516 2214 546 2290 ῇ.
580 2202 769 2272 συνεστάτω
790 2195 854 2272 οὑν
868 2200 906 2272 τὸ
921 2208 1080 2271 ΚΛΜΝ

58 2306 177 2378 ίσον”
160 2336 200 2377 ον
223 2312 269 2402 τῇ
292 2322 315 2437 ῇ
341 2319 381 2399 τῇ
403 2306 550 2399 ὑπεροχῇ
578 2313 639 2377 τοῦ
661 2315 711 2397 ῐῇ,
739 2311 888 2378 τουτέστι
911 2314 972 2378 τοῦ
995 2316 1075 2395 ΗΒ,

57 2415 140 2544 πρὸς
161 2414 223 2483 τὸν
247 2419 265 2482 ῖ
288 2413 361 2520 ῇτοι
389 2413 426 2484 τὸ
450 2422 486 2483 Γ.-
537 2418 591 2483 δει
621 2415 659 2484 δὲ
692 2413 797 2496 οὑτως
830 2413 1075 2502 άναχινεάσκειν
1093 2439 1128 2488 20

57 2519 120 2606 τῇν
143 2521 232 2603 λάξιν
251 2511 484 2609 άτιατάλληλόν
504 2548 536 2610 τι
556 2526 712 2609 ἔχουσαν·
735 2521 837 2610 ταὺτῇ
856 2525 896 2610 τῇ
915 2519 1073 2611 ὑπεροχῇ,

59 2619 147 2694 ἐν
126 2654 146 2716 ῇ
176 2628 292 2715 μεῖζόν
315 2631 384 2697 ἐστι
412 2626 450 2696 τὸ
475 2634 543 2695 ΗΒ
567 2631 627 2696 τοὺ
650 2633 693 2714 Γ,
723 2625 912 2695 συνεστάτω
936 2637 1012 2696 ἴσον
1035 2626 1073 2695 τὸ

58 2732 277 2819 ΚΛΜΝ,“
259 2760 378 2821 ομοιον
407 2733 445 2802 δὲ
472 2737 517 2824 τῇ
543 2736 636 2818 Δ,“
622 2760 678 2801 ινα
704 2724 726 2821 ῇ
752 2732 790 2800 τὸ
816 2738 973 2799 ΚΛΜΝ
999 2739 1077 2800 ίσον

59 2839 121 2925 μὲν
146 2843 186 2928 τῇ
210 2837 356 2928 ὑπεροχῇ
380 2843 441 2908 τοὺ
460 2846 529 2906 ΗΒ
552 2837 635 2927 πρὸς
657 2837 693 2906 τὸ
714 2845 752 2924 Γ,
777 2839 896 2923 ὅμοιον
915 2835 953 2905 δὲ
971 2840 1016 2926 τῇ
1032 2845 1075 2904 Δ.
1110 2836 1113 2842 ’

130 3078 173 3126 ιν.
193 3069 306 3139 τινες.
379 3075 422 3126 ω.
442 3069 579 3140 τινοιν).
706 3108 709 3115 .

132 3291 174 3339 10.
193 3305 214 3358 ῳ
201 3273 334 3354 δεῖ]
314 3303 335 3336 ω
355 3278 436 3350 δῇσ.
510 3288 553 3337 13.
573 3281 685 3371 μεῖζονῇ
701 3278 865 3336 ἔλαιτονΒ.
933 3283 975 3334 15.
994 3272 1045 3335 ὑπο

59 3350 122 3410 ἐπεὶ
141 3353 199 3440 γάρ
180 3339 240 3423 pb.
332 3359 374 3409 16.
395 3353 473 3425 ιη’δ]
456 3349 527 3407 δέκα
546 3353 594 3408 καλ
613 3348 739 3438 ὀιιωΓ.
832 3357 873 3407 18.
894 3344 1023 3423 ῇ]δπτά

57 3433 189 3570 “lamb
162 3427 200 3501 τῇ
219 3426 251 3497 ῇ]
271 3422 302 3480 τὸ
322 3420 425 3494 ὄγδοον
443 3425 477 3480 Γ.
563 3429 606 3480 23.
629 3424 680 3497 τῷ]
696 3419 727 3478 τό
747 3422 782 3477 Γ.
868 3427 912 3478 24.
894 3276 1112 3581 &III-q
