2362 3796
239 171 396 224 scnom
414 173 453 224 ια
471 172 746 224 Εοοοωιανοεοιι
764 174 938 225 mmmm
1027 170 1089 235 101

78 309 245 391 ἰσοσκελὲς
267 306 288 398 ἢ
312 304 528 399 όρθογώνιόν
551 315 642 381 ἐστιν
665 306 686 398 ἢ
710 310 947 400 ἀμβλυγώνιον
971 309 992 399 ἢ
1017 309 1092 393 ὀξυ-

75 417 219 502 γώνιον,
247 418 303 485 καί
331 415 369 485 τὸ
399 416 569 505 σκαληνὸν
598 415 757 496 ὡσαύτως
778 416 840 505 τὴν
863 416 1003 507 τρισσὴν
1026 423 1093 506 ἔχει

74 520 201 607 ταύτην
224 523 404 610 διαφοράν.
450 529 481 592 εἰ
504 516 569 592 οὖν
596 527 701 593 ταῦτα
728 522 790 610 μὲν
817 527 953 610 τριχῶς,
984 522 1024 591 τά
1057 522 1094 590 δὲ

77 629 260 715 ἰσόπλευρα
294 633 463 717 μοναχῶς,
496 628 578 699 ἑπτά
610 628 650 704 τὰ
683 629 792 698 πάντα
823 639 892 697 τών
919 626 1094 713 τριγώνων

77 738 151 820 είδη
166 735 325 819 λεγέσθω.
357 734 474 821 λάβοις
488 735 520 804 δ’
537 733 580 805 ἀν
599 734 752 805 καὶκατὰ
769 733 833 823 τὴν
850 738 919 803 τών
940 737 1095 818 πλευρῶν
1114 755 1131 804 ο

78 844 244 928 διαίρεσιν
266 838 329 927 τὴν
351 852 418 910 τῶν
437 842 612 931 τριγώνων
631 840 717 931 πρὸς
734 841 775 910 τά
796 840 879 911 όντα
896 839 1096 924 ἀναλογίαν·

76 947 115 1015 τὸ
129 943 270 1032 μὲνγὰρ
284 946 487 1037 ἰσόπλευρον
500 951 584 1017 κατά
598 947 708 1019 πάντα
723 948 851 1035 ἰσότητι
865 948 921 1016 καλ
936 944 1097 1031 ἁπλότητι

77 1051 306 1140 κρατούμενον
329 1055 487 1140 συγγενές
506 1057 575 1123 ἐστι
593 1068 665 1135 ταῖς
683 1060 794 1134 θείαις
811 1068 949 1142 ψυχαῖς·
972 1052 1096 1140 μέτρον

75 1158 139 1245 γάρ
154 1160 223 1226 ἐστι
240 1159 298 1227 καὶ
314 1163 383 1228 τών
402 1157 532 1229 ἀνίσων
554 1157 575 1247 η
595 1160 718 1248 ἰσότης,
738 1159 849 1247 ώσπερ
868 1159 924 1227 καί
943 1158 980 1228 τδ
996 1168 1096 1226 θεῖον

73 1265 211 1334 πάντων
234 1270 306 1334 τών
325 1266 503 1353 δευτέρων.
539 1266 577 1336 τὸ
597 1267 635 1336 δὲ
654 1267 822 1348 ἰσοσκελὲς
840 1280 910 1347 τοίς
927 1270 1095 1355 κρείττοσι
1115 1283 1152 1334 1⁰

73 1372 184 1457 γένεσι
211 1384 284 1450 τοῖς
310 1371 560 1440 κατευθύνουσι
589 1372 651 1461 τὴν
679 1379 803 1442 ἔνυλον
829 1373 951 1460 φύσιν,
980 1363 1028 1440 ὧν
1054 1370 1094 1439 τὸ

75 1477 136 1564 μὲν
159 1477 262 1545 πλέον
284 1477 485 1563 κεκράτηται
506 1483 553 1568 τῷ
577 1480 697 1569 μέτρῳ,
718 1477 759 1547 τά
783 1477 820 1546 δδ
842 1486 1014 1546 τελευταῖα
1037 1480 1096 1562 τῆς

77 1579 275 1666 ἀνισότητος
308 1584 489 1669 ἐφάπτεται
520 1582 575 1649 καὶ
607 1587 666 1668 τῆς
694 1580 850 1668 ἀμετρίας
876 1587 934 1668 τῆς
964 1578 1095 1665 ὑλικῆς·

77 1683 220 1772 καὶγὰρ
244 1690 313 1753 τῶν
337 1690 522 1753 ἰσοσκελῶν
546 1689 583 1751 αλ
604 1684 666 1771 μὲν
690 1686 754 1753 δόο
779 1694 864 1770 ίσαι,
893 1683 914 1770 ἡ
939 1682 977 1752 δδ
1001 1682 1098 1768 βάσις

77 1789 205 1869 ἀνισος.
259 1787 297 1857 τὸ
333 1789 370 1857 δὲ
403 1788 574 1876 σκαληνὸν
604 1804 678 1869 ταῖς
710 1802 879 1878 μερισταῑς
912 1796 1023 1873 ζωαϊς,
1061 1792 1099 1855 αδ
1115 1808 1157 1859 1ο

75 1894 292 1985 πανταχόθεν
311 1895 521 1982 χωλεόουσιν
539 1896 596 1964 καί
614 1895 798 1978 στάζουσιν
820 1900 867 1975 εἰς
885 1892 947 1981 τὴν
966 1895 1097 1980 γένεσιν

75 2003 261 2092 φερόμεναι
282 2003 339 2070 καὶ
362 2000 658 2090 ἀναπιμπλάμεναι
681 2006 740 2089 τῆς
763 2000 855 2088 ὕλης.

150 2113 227 2177 Τῶν
256 2108 292 2176 δὲ
318 2107 571 2197 τετραπλεύρων
598 2109 781 2197 σχημάτων
799 2108 1011 2194 τετράγωνον
1033 2110 1095 2196 μέν

79 2217 187 2301 ἐστιν,
211 2213 230 2283 ὅ
253 2218 343 2284 ἐστιν
368 2212 570 2303 ἰσόπλευρόν
592 2240 628 2284 τε
651 2215 707 2283 καί
731 2211 962 2302 ὀρθογώνιον,
986 2215 1094 2303 ἕτερό-

78 2346 178 2407 μηκες
193 2322 240 2406 δέ,
259 2317 278 2390 δ
293 2319 508 2408 ὀρθογώνιον
522 2322 595 2409 μέν,
614 2319 676 2390 οὐκ
691 2321 892 2408 ἰσόπλευρον
903 2322 952 2408 δέ,
967 2321 1093 2409 βόμβος
1112 2343 1157 2393 201

78 2425 170 2495 δὲτὸ
194 2426 395 2515 ἰσόπλευρον
414 2428 485 2515 μέν,
509 2424 571 2495 οὐκ
590 2425 807 2514 ὀρθογώνιον
827 2428 875 2513 δέ,
899 2426 1094 2516 ῥομβοειδὲς

76 2531 114 2600 δὲ
145 2530 182 2602 τὸ
214 2532 273 2614 τὰς
306 2533 509 2602 ἀπεναντίον
536 2532 682 2621 πλευράς
708 2560 743 2602 τε
774 2535 830 2602 καλ
862 2539 987 2620 γωνίας
1020 2542 1093 2613 ἰσας

74 2635 235 2725 ἀλλήλαις
257 2646 350 2726 ἔχον,
379 2638 455 2708 οὔτε
480 2638 517 2706 δὲ
541 2638 743 2729 ἰσόπλευρον
766 2639 843 2708 οὔτε
867 2638 1093 2722 ὀρθογώνιον,

74 2740 115 2810 τὰ
140 2741 177 2810 δὲ
200 2741 289 2831 παρά
313 2748 417 2813 ταῦτα
440 2744 664 2832 τετράπλευρα
686 2747 841 2830 τραπέζια
863 2747 1041 2811 καλείσθω.

142 2845 205 2935 τὴν
228 2853 296 2916 τῶν
314 2849 568 2937 τετραπλεύρων
588 2854 753 2935 διαίρεσιν
772 2855 819 2929 εἰς
838 2849 902 2916 δόο
921 2855 1092 2914 ποιεῖσθαι
1110 2869 1154 2921 νο

74 2951 139 3042 χρὴ
162 2952 225 3041 τὴν
247 2955 384 3043 πρώτην
407 2957 462 3024 καλ
485 2955 526 3024 τὰ
551 2954 612 3042 μὲν
632 2953 745 3024 αὐτῶν
763 2951 1093 3042 παραλληλόγραμμα

72 3061 195 3146 λέγειν,
214 3060 254 3130 τὰ
275 3060 306 3128 δ’
324 3059 367 3130 οὐ
380 3060 722 3150 παραλληλόγραμμα,
740 3066 809 3130 τών
829 3058 866 3127 δὲ
884 3064 1095 3147 παραλληλο-

72 3166 237 3255 γράμμων
261 3167 301 3235 τὰ
326 3166 387 3254 μὶν
406 3168 463 3234 καὶ
483 3165 678 3254 ὀρθογώνια
696 3168 752 3234 καλ
772 3164 965 3253 ἰσόπλευρα,
989 3163 1034 3247 ώς
1050 3166 1094 3234 τά

71 3270 334 3358 τετράγωνα,τά
350 3270 387 3338 δὲ
402 3270 561 3359 οὐδέτερα
574 3270 714 3358 τούτων,
728 3267 771 3351 ώς
784 3269 824 3339 τά
840 3273 1033 3359 βομβοειδῆ,
1050 3270 1091 3342 τά

74 3499 81 3511 ⁰
150 3436 175 3484 8.
195 3426 267 3499 ἐστι]
288 3427 342 3482 ἐπί.
408 3424 482 3500 δὴ]
502 3445 658 3499 suprascr.
720 3424 813 3498 ἰσότης
832 3423 939 3502 ὥσπερ]
957 3422 1110 3511 πηγῇ

71 3518 104 3554 m
122 3515 178 3555 ras.
197 3517 234 3553 m.
256 3509 279 3553 1.
355 3503 396 3552 10.
416 3501 545 3567 κρίττοοι.
