2362 3796
91 137 158 203 290
246 139 402 191 scnom
419 141 458 192 ια
476 140 750 192 ammom
766 106 952 192 κώκυσεν.

88 278 242 365 εἰλήφθω
263 279 388 365 μεγέθη
408 278 517 358 ἰσάκις
534 278 764 347 πολλαπλάσια
782 279 821 347 τό
839 305 874 346 τε
892 305 912 365 η
936 279 992 346 καὶ
1010 277 1050 348 τὸ
1069 289 1112 365 θ,

89 383 173 453 ὥστε
196 382 283 452 εἶναι
301 385 514 473 καταλλήλας
531 382 572 453 τὸ’
587 385 649 473 μὲν
668 412 684 453 ε
702 388 845 473 μέγεθος
862 389 924 453 τοῦ
942 412 964 453 α
981 393 1112 454 πολλα-

87 491 242 577 πλάσιον,
266 490 304 559 τὸ
328 492 365 560 δὲ
390 499 405 574 ζ
426 496 488 560 τοῦ
506 519 537 578 γ,
560 493 616 559 καὶ
636 493 675 560 τὸ
698 492 761 579 μὲν
784 518 804 578 η
828 495 889 560 τοῦ
908 497 940 578 β,
963 489 1001 560 τὸ
1022 491 1062 560 δὲ
1080 502 1112 560 θ

86 602 147 666 τοῦ
172 601 201 664 ὃ.
247 598 302 664 καί
330 599 367 666 ἐν
393 598 499 691 τούτῳ
528 597 589 686 μὲν
621 603 666 690 τῷ
698 596 921 686 ὑποδείγματί
944 600 1016 666 ἐστι
1044 602 1110 667 τοῦ

52 732 69 780 15
87 704 223 790 προίτου
235 704 292 771 καὶ
305 709 420 790 τρίτου
440 705 547 784 ἰσάκις
564 704 797 773 πολλαπλάσια
814 703 1020 792 ὑπερέχοντα
1035 705 1107 792 ἅμα

85 821 153 879 τῶν
171 814 233 878 τοῦ
251 812 282 896 β’
295 811 351 878 καί
365 811 523 898 τετάρτου
543 809 651 890 ἰσάκις
668 818 938 897 πολλαπλασίων,
957 809 1004 890 ὥς
1022 807 1108 880 ὑπό-

12 971 18 982 .
85 943 205 1002 κειται,
237 918 274 985 ἐν
298 916 337 984 δὲ
359 930 430 996 τοῖς
452 919 525 1003 ἑξῆς
552 916 668 997 τύποις
695 919 736 985 τά
757 912 800 986 τε
816 915 884 1004 ἅμα
908 918 1106 987 ἐλλείποντα

84 1022 202 1091 καὶτὰ
226 1021 295 1109 ἅμα
319 1031 376 1090 ἰσα
399 1022 489 1091 ὄντα.

152 1133 203 1197 26.
232 1126 365 1212 Ἱστέον,
385 1128 435 1198 ὅτι
451 1126 492 1198 οὐ
512 1130 638 1198 δεῖκαὶ
655 1127 695 1197 τά
716 1122 881 1217 δ’μεγίθη
901 1131 934 1211 ἐξ
952 1128 1106 1215 ἀνάγκης

33 1263 66 1310 10
86 1234 193 1313 ἰσάκις
216 1235 561 1317 πολυπλασιάζεσθαι·
597 1247 697 1304 τοῦτο
720 1233 785 1322 γὰρ
809 1237 973 1322 ἐνέφηνεν
996 1234 1104 1304 εἰπὼν

83 1336 163 1406 καθ’
199 1337 382 1408 ὁποιονοῦν
420 1343 753 1437 πολλαπλασιασμόν·
799 1339 883 1409 ἀλλὰ
920 1340 1030 1428 μόνον
1060 1340 1102 1408 τὸ

83 1449 218 1533 πρῶτον
246 1447 303 1513 καὶ
328 1453 442 1534 τρίτον
467 1447 575 1527 ἰσάκις
602 1447 658 1514 καὶ
680 1446 782 1515 πάλιν
805 1447 842 1515 τὸ
866 1445 901 1532 β’
924 1447 980 1514 καὶ
1003 1444 1039 1514 τὸ
1062 1445 1105 1513 δ’·

84 1551 203 1632 ἰσάκις·
245 1551 330 1621 ὥστε
362 1558 392 1620 εἰ
422 1552 460 1621 τὸ
493 1553 554 1640 μὲν
583 1554 617 1619 α’
650 1554 706 1620 καὶ
734 1553 768 1640 γ’
802 1554 884 1640 φέρε
915 1557 1022 1621 εἰπεῖν
1050 1555 1101 1619 δι-

82 1663 327 1745 πλασιασθοόσι,
351 1659 389 1728 τὸ
414 1660 451 1728 δὲ
469 1660 504 1745 β’
523 1660 578 1727 καί
598 1658 632 1726 δ’
651 1651 971 1748 τριπλασιασθοὸσιν,
995 1655 1102 1727 οὐδὲν

32 1792 64 1839 15
82 1771 211 1852 γίνεται
229 1765 370 1834 ἄτοπον·
395 1769 430 1834 ἐκ
448 1765 512 1852 γάρ
530 1770 592 1834 τοῦ
612 1765 784 1853 διαφόρως
803 1771 902 1853 ἔχειν,
920 1762 946 1832 -ά
964 1768 1019 1832 δεῖ
1030 1762 1102 1852 ἅμα

82 1872 377 1958 πολυπλασιάζειν,
409 1872 447 1942 τό
475 1899 510 1941 τε
533 1871 568 1940 α’
597 1872 683 1959 ὁμοῦ
711 1872 766 1940 καί
793 1871 832 1940 τὸ
855 1873 889 1959 γ’
918 1871 973 1938 καί
1000 1868 1040 1940 τὸ
1063 1869 1127 1969 β’Ι

81 1979 137 2044 καὶ
157 1977 204 2060 δ’,
228 1985 404 2066 συμβαίνει
427 1979 483 2046 καὶ
505 1978 543 2046 τὸ
567 1979 635 2065 ἅμα
657 1977 737 2057 τοὺς
759 1975 1103 2064 πολλαπλασιασμούς

81 2088 141 2151 τοῦ
162 2083 195 2149 α’
215 2085 270 2151 καὶ
290 2085 323 2170 γ’
343 2084 425 2171 πρὸς
443 2085 523 2165 τοὺς
540 2083 879 2171 πολλαπλασιασμοὺς
898 2081 966 2173 ἅμα
983 2086 1048 2152 τοῦ
1063 2081 1102 2168 β’

81 2189 136 2255 καὶ
160 2192 193 2255 δ’
216 2186 236 2275 ἢ
256 2188 425 2278 ὑπεροχὴν
449 2197 537 2279 ἔχειν
560 2188 581 2278 ἢ
602 2191 738 2277 ἰσότητα
761 2186 782 2276 ἢ
803 2195 960 2271 ἔλλειψιν.
995 2192 1101 2258 τοῦτο

28 2320 63 2368 20
83 2293 121 2361 δὲ
145 2298 250 2380 δῆλον
269 2297 325 2363 καί
345 2295 409 2364 άπὸ
428 2301 489 2365 τοῦ
508 2295 587 2383 μετὰ
606 2300 727 2365 τοῦτον
746 2293 830 2381 ὅρου
848 2299 909 2364 τοῦ
925 2296 1103 2381 λέγοντος·

82 2397 161 2467 ὅταν
186 2400 223 2468 δὲ
245 2406 314 2469 τῶν
339 2401 447 2481 ἰσάκις
468 2408 734 2471 πολλαπλασίων.
1001 2388 1003 2392 ’

148 2511 199 2574 27.
231 2506 279 2575 Τά
297 2514 358 2577 τοῦ
377 2509 512 2598 πρῶτον
529 2511 585 2577 καὶ
599 2515 713 2597 τρίτου
728 2508 837 2588 ἰσάκις
849 2505 1102 2593 πολλαπλάσια]

20 2677 24 2685 .
79 2615 159 2693 τοὺς
190 2615 526 2703 πολλαπλασιασμοὺς
562 2619 630 2683 τῶν
657 2614 834 2702 ,τεσσάρων
869 2612 913 2700 μὴ
950 2612 1102 2699 νόμισον

80 2719 188 2815 ἰσάκις
203 2721 310 2806 λέγειν
324 2724 384 2789 τὸν
399 2720 610 2808 στοιχειωτὴν
625 2722 995 2806 πολλαπλασιασθῆναι,
1010 2717 1100 2788 ἄλλα

26 2849 61 2898 25
79 2825 119 2894 τά
138 2831 198 2894 τοῦ
213 2827 349 2915 πρώτου
362 2829 417 2895 καὶ
431 2835 546 2913 τρίτου
561 2827 668 2906 ἰσάκις
682 2823 761 2894 καθ’
778 2825 963 2894 ὁποιονοῦν
976 2834 1103 2896 πολλα-

78 2933 286 3020 πλασιασμὸν
310 2935 366 3001 καί
388 2932 428 3001 τά
451 2937 512 3001 τοῦ
537 2935 696 3020 δευτέρου
723 2935 779 3000 καὶ
806 2930 966 3018 τετάρτου
991 2934 1100 3004 πάλιν

79 3039 186 3129 ἰσάκις
209 3039 288 3108 καθ’
311 3039 495 3108 ὁποιονοῦν
519 3038 848 3125 πολλαπλασιασμόν.
911 3104 913 3109 .

149 3269 367 3339 20.A(00121.).
440 3275 482 3323 ει.
502 3269 541 3322 ι’.

144 3485 185 3534 16,
206 3475 228 3533 ά
246 3483 298 3536 δεῖ
311 3475 384 3554 ἅμα]
405 3477 508 3537 ἄδειαν
528 3485 560 3535 A.
