2362 3796
428 842 473 916 In
498 842 638 916 librum
663 843 724 917 XI.

138 1003 165 1066 1.
204 1000 248 1064 Οί
268 996 403 1063 παλαιοὶ
428 993 489 1083 τὴν
512 999 580 1063 τῶν
604 997 768 1064 ἐπιπέδων
791 1000 919 1083 γνῶσιν
937 992 1003 1064 ιἰπο
1021 999 1080 1082 τῆς
1132 1058 1140 1084 ,

65 1108 134 1173 τῶν
162 1107 307 1186 στερεῶν
330 1102 508 1188 ἐπιστήμης
535 1102 737 1169 διέστελλον·
775 1105 905 1186 ἐκείνην
929 1100 990 1188 μὲν
1012 1098 1078 1188 γάρ

67 1214 271 1296 γεωμετρίαν
295 1205 527 1292 ἐκάλουν,ὀδς
548 1208 604 1274 καὶ
627 1206 773 1275 Πλάτων
796 1209 833 1275 ἐν
856 1211 896 1295 τῇ
919 1212 1079 1297 Πολιτείᾳ

69 1319 177 1401 δηλοῖ,
199 1314 325 1402 ταύτην
349 1315 386 1382 δὲ
410 1319 671 1402 στερεομετρίαν.
717 1318 753 1382 οί
774 1312 932 1401 νεάτεροι
960 1313 998 1382 δέ
1022 1311 1078 1382 διδι

67 1418 104 1488 τὸ
137 1417 265 1508 ἀμφοῖν
297 1435 371 1490 τοῖν
403 1424 600 1507 ἐπιστημαῖν
632 1419 751 1506 κοινὴν
783 1418 871 1488 εἶναι
907 1416 969 1505 τὴν
1003 1421 1078 1506 περὶ
1115 1444 1131 1494 5

67 1527 193 1612 μεγέθη
225 1532 353 1613 γνῶσιν
385 1531 488 1618 κοινῷ
521 1527 577 1593 καὶ
610 1524 750 1613 ὀνόματι
781 1527 843 1613 τὴν
875 1531 1078 1613 γεωμετρίαν

67 1631 229 1699 ἐκάλεσαν
253 1631 463 1711 συνάψαντες
486 1630 588 1710 αὐτὰς
611 1631 734 1700 ὡσανεὶ
753 1638 833 1719 μίαν
851 1645 1080 1717 πραγματείαν

68 1729 176 1804 οὖσαν
201 1737 256 1805 διδι
280 1737 317 1804 τὸ
341 1737 415 1823 περὶ
438 1733 551 1823 ταύτό,
574 1735 684 1824 ὥσπερ
708 1747 846 1826 είρηται,
871 1743 968 1825 ἔχειν.

137 1841 182 1923 ὡς
205 1844 242 1910 ἐν
264 1856 334 1920 τοῖς
358 1844 525 1922 ἐπιπέδοις
551 1835 595 1928 ἦν
617 1840 658 1911 τὰ
681 1843 742 1930 μὲν
770 1840 1008 1931 εὐθύγραμμα,
1039 1842 1079 1912 τά

69 1949 107 2018 δὲ
130 1951 277 2034 κυκλικά,
300 1946 340 2015 τὰ
366 1946 403 2015 δέ
425 1948 523 2036 μικτὰ
547 1948 591 2028 ὡς
614 1952 649 2017 οί
669 1958 810 2037 θυραῑοι
832 1951 887 2019 καὶ
911 1954 949 2017 αί
964 1951 1079 2035 ἕλικες,
1100 1975 1133 2025 10

69 2054 158 2124 οὕτω
186 2056 241 2122 καὶ
270 2057 306 2122 έν
334 2067 404 2133 τοῖς
432 2069 578 2140 στερεοῖς
604 2055 645 2122 τὰ
674 2055 735 2142 μὲν
768 2058 801 2137 ἐξ
829 2054 1079 2143 εὐθυγράμμων

70 2163 246 2245 ἐπιπέδων,
264 2158 304 2228 τὰ
325 2159 362 2228 δὲ
380 2162 415 2228 ἐκ
430 2162 766 2249 περιφερογράμμων,
784 2161 824 2230 τὰ
845 2161 883 2230 δὲ
902 2165 937 2230 ἐκ
955 2165 1080 2248 μικτων

69 2263 114 2345 ὡς
136 2266 316 2351 κύλινδρος
338 2266 393 2334 καὶ
411 2270 532 2346 κῶνος·
557 2272 626 2334 ἐστι
642 2267 679 2334 δέ
692 2266 774 2354 πρὸς
788 2266 849 2354 μὲν
864 2271 926 2335 τοῦ
939 2269 1080 2355 πέρατος

68 2370 108 2438 τὰ
136 2370 290 2457 κυκλικά,
322 2369 405 2460 πρὸς
433 2373 470 2440 δὲ
498 2382 558 2440 τοῦ
587 2370 728 2461 ἀπείρου
750 2374 790 2442 τὰ
813 2369 1079 2462 εὐθύγραμμαῆ

70 2479 103 2558 ἐξ
126 2476 387 2566 εὐθυγράμμων,
411 2477 495 2567 πρὸς
518 2479 555 2547 δὲ
578 2485 639 2547 τοῦ
661 2486 808 2566 κρυφίου
830 2478 871 2547 τά
895 2480 1002 2566 μικτά.
1100 2505 1133 2555 15

473 2675 529 2740 Ad
554 2676 623 2741 def.
649 2679 676 2741 1.

137 2798 166 2861 2.
203 2802 250 2862 Εί
268 2821 300 2862 τι
321 2795 383 2881 μὲν
407 2800 519 2883 σῶμα,
547 2800 645 2864 τοῦτο
673 2797 729 2863 καὶ
757 2799 908 2883 στερέον,
937 2795 999 2866 οὐκ
1027 2803 1080 2885 ἔμ-

69 2906 170 2967 παλιν
194 2902 246 2985 δέ,
270 2927 316 2978 ως
338 2902 391 2969 ἐπὶ
414 2906 483 2969 τῶν
506 2905 749 2988 προκειμένων·
780 2905 884 2969 ταῦτα
907 2902 970 2990 γὰρ
995 2929 1080 2990 φαν-

69 3004 171 3073 ταστά
196 3008 265 3074 ἐστι
288 3005 405 3094 στερεὰ
427 3012 481 3074 καὶ
504 3006 567 3075 οὐκ
591 3004 762 3076 άντίτυπα.

143 3155 166 3201 1.
186 3146 252 3200 PV⁰
270 3144 321 3215 (εἰς
339 3143 370 3201 τὸ
390 3145 433 3202 ια’
453 3147 510 3219 V0).
583 3155 608 3204 2.
628 3149 693 3203 PV⁰
711 3148 744 3219 (B
760 3149 861 3217 enan).

143 3277 168 3326 2.
187 3267 282 3339 ἐκείνη
302 3270 332 3339 Ρ,
352 3269 402 3327 σεδ
420 3287 489 3327 corr.
509 3291 545 3328 m.
564 3278 586 3328 1.
663 3278 689 3330 4.
708 3273 929 3340 στερεωμετρίαν
949 3272 981 3328 V.
1054 3278 1080 3329 5.

71 3337 234 3410 ἐπιστημοῖν
253 3340 315 3396 PV.
389 3348 413 3398 ⁷.
432 3338 524 3398 δοανί
539 3341 568 3399 Ρ.
641 3351 665 3400 8.
685 3337 783 3415 ταύτό]
804 3338 875 3397 αάτό
895 3342 925 3398 Ρ.
987 3349 1011 3400 9.
1030 3342 1080 3400 ττέ-

69 3416 131 3474 δοις
148 3412 182 3468 V.
257 3418 298 3466 10.
318 3407 430 3479 οάραῖοι
448 3414 481 3467 V.

120 3510 270 3564 υιιιιαοι,
290 3511 342 3556 edd.
356 3513 463 3566 Heiberg
478 3517 502 3556 α
514 3515 611 3568 Mouza.
632 3516 665 3558 v.
916 3499 960 3544 Ἃ
