2362 3796
221 169 378 223 SOHOLIA
394 171 435 224 IN
452 171 726 224 ELEMENTORUM
743 172 884 224 LIBRUM
896 174 930 227 X.
1019 170 1085 236 437

139 313 192 380 28.
229 309 299 379 Διὰ
324 321 386 380 τοῦ
414 311 449 378 α’
472 309 595 379 τούτου
622 314 684 378 τοῦ
710 311 931 399 θεωρήματος
958 317 1086 399 γίνεται

73 421 194 504 δῆλον,
228 414 280 486 ὅτι
307 419 344 486 έν
371 429 442 496 τοῖς
469 416 647 504 μεγέθεσιν
675 421 766 486 ἔστιν
794 415 1011 506 ἀσυμμετρία.
1055 424 1088 488 εἰ

70 524 137 612 γὰρ
159 526 222 592 τοῦ
244 524 437 611 ἐκκειμένου
459 523 624 610 μεγέθους
646 527 715 591 ἔστι
743 528 859 610 λαβεῖν
887 523 1032 611 μέγεθός
1053 551 1086 593 τι

72 637 210 699 ἔλαττον
223 630 279 697 καὶ
292 628 416 698 τούτου
430 634 567 698 ἔλαττον
580 629 636 696 καὶ
650 626 702 697 ἀεὶ
716 633 864 717 ἔλαττον,
884 633 932 710 εἰς
946 629 1086 717 ἄπειρον

71 737 223 824 τέμνεται
245 734 286 804 τὰ
308 736 433 824 μεγέθη
461 735 517 803 καὶ
541 732 604 803 οὐκ
627 737 674 814 εἰς
697 731 886 822 ὡρισμένον
910 735 1085 824 ἐλάχιστον
1122 755 1138 805 5

72 844 206 931 μέτρον,
229 839 340 931 ὡσπερ
363 842 416 909 έιιὶ
435 845 503 908 τὼν
522 837 679 928 ἄριθμὼν
697 838 719 928 ἡ
739 841 853 929 μονάς.
892 846 923 910 εἰ
941 835 1005 910 οὖν
1024 840 1086 911 οὐκ

72 955 164 1020 ἔστιν
188 945 377 1037 ὡρισμένον
400 949 544 1034 μέγεθος
567 947 752 1034 ἐλάχιστον,
777 953 846 1018 ἔστι
864 946 941 1016 τινὰ
960 949 1085 1034 μεγέθη

73 1053 277 1142 ἀσύμμετρα,
296 1051 317 1121 ὡ
333 1051 394 1142 οὐχ
410 1051 478 1122 ὑπό
491 1079 582 1133 τινος
601 1053 766 1140 μεγέθους
783 1058 902 1123 κοινοῦ
921 1065 1086 1143 μετρεῖται

72 1159 190 1229 διὰτὸ
214 1158 384 1248 ἀόριστον.

139 1270 192 1336 29.
234 1264 304 1335 Διὰ
331 1263 392 1335 τὸν
421 1263 505 1354 ὅρον
537 1267 597 1332 τοῦ
625 1263 654 1332 ε’
681 1263 741 1333 τὸν
772 1266 925 1352 λέγοντα·
964 1272 1086 1335 πολλα·
1104 1285 1139 1337 10

71 1374 215 1442 τιλοὶσιον
235 1373 273 1441 δὲ
286 1371 324 1442 τὸ
339 1378 451 1460 μεῖζον
470 1374 531 1439 τοῦ
546 1370 731 1455 ἐλάττονος,
751 1369 832 1439 ὅταν
845 1376 1086 1460 καταμετρῆται

73 1476 139 1547 ὑπὸ
167 1482 228 1546 τοῦ
256 1478 441 1557 ἐλάττονος.
487 1474 525 1545 τὸ
551 1475 616 1565 γὰρ
649 1483 760 1564 μεῖζον
790 1477 845 1545 καὶ
877 1476 915 1545 τὸ
949 1482 1085 1546 ἔλαττον

75 1581 183 1669 ὄνομα
206 1582 307 1669 λόγος
330 1587 413 1668 ἐστι’,
441 1584 591 1651 τουτέστι
615 1585 724 1669 σχέσις
747 1582 833 1671 μόνη
857 1587 925 1650 τῶν
948 1607 1086 1670 πεπερα-

74 1689 207 1776 σμένων
230 1693 393 1775 μεγεθῶν.

141 1797 194 1863 30.
234 1790 364 1877 Ταὐτὸν
389 1790 421 1860 θ’
447 1795 537 1861 ἐστιν
565 1798 686 1880 εἰπεῖν,
720 1791 771 1862 ὅτι
801 1794 840 1861 τὸ
869 1796 1011 1881 μέγεθος
1038 1798 1086 1874 εἰς
1105 1815 1138 1866 15

73 1899 194 1990 ἄπειρα
218 1903 404 1987 διαιρεῖται.

140 2010 192 2076 31.
230 2004 298 2073 Καὶ
321 2001 491 2093 ἀφῄρηται
514 2003 580 2073 ιἰιτὸ
604 2004 665 2092 μὲν
687 2009 748 2074 τοῦ
772 2013 842 2073 ΛΕ
863 2009 1006 2074 ἔλασσον
1024 2009 1086 2074 τοῦ

73 2112 217 2201 ἡμίσεως
235 2137 266 2199 p.
285 2113 316 2198 4,
335 2113 391 2193 26]
415 2108 453 2177 τὸ
471 2108 537 2196 γὰρ
555 2117 590 2176 Δ
596 2117 628 2177 Ε
643 2115 691 2189 εἰς
709 2115 731 2197 γ
750 2111 902 2199 διῃρέθη,
921 2111 976 2178 καὶ
994 2109 1031 2178 τὸ
1049 2111 1085 2197 γ’

74 2217 179 2287 αὐτοῦ
203 2214 347 2285 ἔλασσόν
371 2217 439 2284 έστι
461 2218 523 2283 τοῦ
546 2213 690 2304 ἡμίσεως
712 2216 827 2286 αὐτοῦ.

144 2419 187 2468 28.
207 2409 488 2480 PBFVat.V0qq<³r.
542 2409 740 2481 τουτον),
795 2411 899 2467 ιον.
955 2417 998 2468 31.
1012 2411 1085 2481 υς.
1135 2470 1139 2478 ,

73 2531 287 2542 -ι--ᾳ-

147 2595 169 2642 1.
189 2588 252 2661 διά]
271 2586 363 2643 ἰστέον
383 2583 427 2642 ὅτι
446 2582 495 2641 θιοί
515 2605 541 2655 q.
600 2577 668 2641 θινὶ
688 2617 721 2626 -
742 2592 767 2639 2.
787 2586 885 2712 ὃῆλογ)
905 2605 959 2643 om.
980 2595 1019 2657 οὓ,
1039 2584 1085 2644 έν-

73 2660 179 2713 τεῦθεν
198 2660 283 2728 δῆλον
301 2678 323 2713 r.
398 2666 421 2715 1.
441 2658 492 2711 τοῦ
512 2653 556 2728 α’]
577 2657 632 2726 Bq,
652 2673 706 2711 om.
725 2655 885 2714 PFVat..
944 2659 1009 2730 τοῦ]
1029 2675 1084 2715 om.

72 2729 131 2798 Bq.
203 2735 227 2783 2.
254 2723 316 2800 ὅτι]
336 2723 488 2796 ὅτιθέοθ.
571 2725 664 2798 έστιν]
684 2745 737 2783 om.
757 2726 793 2795 B3
818 2724 970 2798 έστινὴτ.
1045 2749 1057 2785 ε

73 2803 168 2868 δῆλον.
188 2798 216 2854 εἰ
233 2806 271 2867 q0.
337 2804 362 2855 3.
382 2795 571 2887 συγκειμένου
591 2797 624 2855 V.
683 2798 722 2869 τι]
742 2805 846 2866 om.q⁰.
909 2805 935 2854 4.
956 2797 1070 2854 ἔλαττον

73 2873 160 2940 (tert.)
180 2865 312 2931 ὡσαύτως
330 2887 352 2924 r.
414 2887 534 2939 αιιειρον
555 2865 611 2938 ἄρα
629 2887 651 2923 r.
724 2873 748 2925 ὅ.
768 2866 911 2941 τέμνεται]
933 2886 985 2925 om.
1000 2888 1022 2938 r,
1040 2869 1086 2924 τέ-

73 2960 191 3011 μνοντες
209 2947 248 3009 q⁰‚
267 2939 400 3010 τέτμηται
419 2959 445 3010 q.
536 2936 571 2994 τὰ
584 2937 713 3026 μεγέθη]
734 2956 788 2995 om.
807 2958 833 3006 r,
852 2938 883 2993 τὸ
904 2937 1026 3009 μέγεθος
1045 2947 1084 3010 q0.

110 3011 162 3083 εἰς]
187 3006 261 3065 ἐστιν
281 3017 320 3077 q0,
338 3027 396 3064 non
413 3011 495 3065 male.
583 3029 667 3080 ορους
686 3008 773 3080 μένον
792 3028 824 3100 η,
843 3006 999 3080 ὡρισμένον
1016 3031 1044 3064 τι
1062 3029 1084 3064 r.

109 3090 133 3138 6.
159 3080 260 3152 μέτρον
278 3079 410 3151 τέμνεται
428 3077 463 3136 τὰ
483 3077 593 3150 μεγέθη
617 3099 638 3136 r.
724 3081 774 3136 τοῦ
794 3082 922 3152 αριθμοῦ
940 3087 979 3150 q0.
1051 3076 1084 3153 ἡ]

73 3150 149 3209 ἐστιν
168 3152 185 3221 ἡ
205 3171 227 3208 r.
305 3158 330 3206 7.
350 3148 495 3221 ἐλάχιστον
514 3149 637 3222 μέγεθος
655 3145 810 3222 ὡρισμένον
828 3171 850 3208 r.
929 3151 987 3206 έστι
1004 3159 1042 3192 -’
1058 3157 1083 3208 8.

73 3219 105 3296 ἅ]
127 3241 181 3280 om.
198 3230 238 3293 q⁰.
312 3229 335 3277 ⁷.
357 3221 432 3277 ἔστιν
452 3218 508 3292 ἄρα
526 3241 548 3276 r.
621 3229 645 3278 8.
664 3218 720 3277 ὑπὸ
739 3221 882 3293 μεγέθους
900 3219 1020 3285 οὐθενὸς
1038 3241 1084 3293 με·

72 3301 181 3365 τρεῖται
199 3294 299 3350 κοινοῦ
318 3311 339 3347 r.
432 3299 474 3348 11.
494 3289 611 3361 ἥττονος
629 3294 663 3348 V.
756 3299 799 3350 12.
822 3289 878 3349 ὑπὸ
900 3294 963 3365 τοῦ]
983 3310 1037 3349 om.
1057 3311 1083 3362 q.

108 3361 224 3437 ἥττονος
242 3367 272 3421 et
289 3356 373 3433 ἦττον
391 3364 424 3419 V.
492 3368 531 3420 18.
551 3360 583 3419 τὸ
602 3357 658 3433 γὰρ
677 3364 745 3434 ΔΕ]
765 3360 814 3419 διὰ
832 3363 867 3420 το’
884 3364 919 3420 V.
979 3366 1085 3432 διαιρε-

71 3438 163 3508 θῆναι
183 3438 214 3493 V.
286 3436 351 3507 καί]
371 3434 420 3490 καὶ
438 3431 487 3489 διὰ
507 3435 590 3489 τοῦτο
610 3435 642 3490 V.
721 3440 762 3490 19.
784 3433 899 3490 ἔλαττον
918 3434 959 3488 V.
1031 3431 1098 3485 ἔστι

73 3539 107 3548 -
127 3503 229 3581 αὐτοῦ]
248 3508 297 3563 τοῦ
317 3502 432 3578 ἡμίσεος
449 3506 483 3562 V.
