2362 3796
218 176 375 228 SOHOLIA
392 177 431 227 IN
449 175 725 226 ELEMENTORUM
743 175 883 225 LIBRUM
897 175 930 226 X.
1012 169 1076 234 551

131 316 233 384 πάλιν
263 318 300 383 έν
323 319 363 403 τή
388 315 513 403 ἑβδόμη
543 319 658 400 σαφῶς
685 312 747 398 τήν
772 311 941 400 διαφοράν
966 309 1078 380 αὐτῶν

65 421 147 510 ἡμῖν
171 426 354 490 δείκνυσιν.
395 419 618 507 ἀναφαίνεται
642 419 679 488 δέ
702 420 757 487 καὶ
781 420 834 486 έτὶ
857 423 925 487 των
945 416 1078 505 ἀλόγων

68 530 197 597 τούτων
220 525 242 613 ή
266 553 302 595 τε
325 523 528 613 ἀριθμητική
551 523 731 610 ἀναλογία,
759 526 814 593 καὶ
841 523 862 612 ἡ
891 527 973 612 μέση
998 533 1077 611 λαμ-

66 635 237 720 βανομένη
258 631 429 718 ἀνάλογον
447 636 516 700 τοόν
535 632 715 718 τμημάτων
735 630 936 718 οἱανδήποτε
951 629 1079 718 ἀλόγου

65 739 148 808 κατά
173 738 234 826 τήν
258 736 485 826 ἀριθμητικήν
514 737 700 825 ἀναλογίαν
727 739 783 806 καί
812 736 894 825 αὐτή
919 736 1077 825 ὁμοειδής
1115 762 1131 810 σ

67 848 173 932 ἐστιν,
207 837 256 915 ὧν
284 848 352 914 ἐστι
376 845 458 932 μέση
487 841 666 929 ἀνάλογον.
718 845 773 912 καὶ
800 855 948 932 πρῶτον,
978 842 1029 912 ὅτι
1057 842 1078 930 ή

66 950 272 1040 ἀριθμητική
296 950 437 1038 μεσότης
461 954 497 1019 έν
520 950 653 1041 τούτοις
677 954 775 1020 ἐστίν.
820 957 948 1020 κείσθω
971 950 1074 1037 γάρή

67 1061 103 1127 έκ
127 1059 189 1127 δύο
215 1056 409 1145 ὀνομάτων,
433 1061 464 1124 εί
485 1056 595 1143 τύχοι,
618 1055 639 1142 ή
665 1066 731 1125 ΑΒ
754 1058 809 1124 καὶ
833 1057 1009 1145 διῃρήσθω
1033 1062 1080 1137 είς

66 1164 106 1233 τά
131 1163 280 1250 ὀνόματα
298 1160 380 1232 κατά
403 1161 441 1231 τὸ
465 1169 502 1230 Γ.
544 1164 706 1250 φανερόν,
730 1161 782 1232 ὅτι
805 1162 825 1249 ἡ
850 1171 918 1232 ΑΓ
936 1168 995 1250 τής
1017 1170 1078 1231 ΓΒ

67 1272 137 1337 ἐστι
160 1276 289 1356 μείζων.
335 1269 526 1358 ἀφηρήσθω
556 1268 622 1338 ἀπὸ
650 1274 709 1356 τής
732 1277 801 1338 ΑΓ
823 1275 863 1358 τῇ
887 1276 949 1337 ΓΒ
978 1278 1033 1356 ίση
1057 1267 1077 1355 ἡ
1099 1291 1132 1340 10

67 1384 149 1460 ΑΔ,
171 1378 227 1444 καὶ
252 1383 328 1464 δίχα
351 1375 525 1462 τετμήσθω
549 1373 569 1461 ἡ
590 1381 652 1443 ΓΛ
674 1375 756 1444 κατὰ
778 1375 816 1444 τὸ
837 1384 875 1443 Ε.
915 1375 1079 1463 φανερόν,

67 1479 119 1550 ὅτι
144 1481 165 1570 ἡ
192 1491 257 1551 ΕΑ
279 1487 319 1571 τῇ
344 1489 407 1550 ΕΒ
432 1484 522 1550 ἐστιν
546 1491 611 1568 ίση.
650 1488 776 1550 κείσθω
801 1480 943 1571 ὁποτέρα
966 1479 1079 1551 αὐτῶν

67 1595 121 1674 ἴση
137 1586 157 1674 ή
174 1596 249 1658 ΖΗ.
283 1586 435 1676 φανερὸν
449 1589 503 1675 δή,
523 1587 585 1673 ὅτι,
605 1581 632 1680 ᾧ
648 1590 800 1676 διαφέρει
814 1588 835 1676 ή
851 1597 915 1657 ΑΒ
930 1600 990 1674 τῆς
1004 1596 1079 1674 ΖΗ,

66 1696 173 1786 τούτῳ
203 1696 356 1781 διαφέρει
384 1694 438 1761 καὶ
466 1692 487 1779 ή
511 1702 574 1761 ΕΒ
603 1699 662 1780 τῆς
684 1702 758 1762 ΓΒ·
795 1693 816 1780 ἡ
845 1693 993 1782 μὲνγὰρ
1017 1701 1084 1762 ΑΓ

66 1804 125 1886 τῆς
148 1806 221 1866 ΖΗ
238 1809 278 1887 τῇ
302 1806 385 1883 ΔΕ,
418 1809 463 1888 τῷ
493 1797 582 1889 αὐτῷ
609 1800 646 1868 δὲ
669 1798 690 1886 ή
715 1807 783 1868 ΖΗ
808 1805 866 1887 τής
889 1807 965 1886 ΓΒ,
999 1800 1079 1887 ὅπερ
1101 1822 1133 1871 15

67 1907 158 1975 ἐστὶν
177 1903 401 1992 ἀριθμητικῆς
419 1902 608 1990 ἀναλογίας.
642 1910 747 1991 δῆλον
767 1906 804 1974 δὲ
817 1913 884 1992 καί,
908 1905 959 1975 ὅτι
976 1904 996 1992 ή
1012 1913 1083 1973 ΖΗ
1152 1935 1153 1938 ’

67 2010 256 2100 σύμμετρός
279 2012 348 2078 έστι
371 2015 411 2099 τή
435 2018 514 2078 ΑΒ·
551 2024 591 2099 τῇ
620 2011 684 2099 γάρ
707 2011 842 2103 ἡμισείᾳ
865 2010 966 2099 αὐτῆς
989 2015 1081 2080 ἐστιν

67 2126 131 2204 ίση.
164 2117 248 2186 ὥστε
270 2118 360 2184 ἐστὶν
380 2118 416 2184 ἐκ
430 2116 493 2185 δύο
509 2116 694 2204 ὀνομάτων.
728 2118 852 2206 ὁμοίως
867 2122 1079 2207 δειχθήσεται

66 2224 121 2290 καὶ
146 2226 273 2292 ἐκτῶν
297 2220 418 2291 ἀλλων.

208 2370 231 2418 Α
353 2369 378 2418 Δ
415 2366 440 2417 Ε
478 2368 505 2418 Γ
615 2370 637 2418 Β
692 2371 713 2420 Ζ
911 2369 940 2422 Η

218 2435 634 2475 ι--ψ-ι-ι-ι--ι
706 2438 709 2474 ι
924 2441 926 2476 ι
1098 2425 1133 2475 20

133 2545 208 2611 353.
236 2541 380 2629 Ὄγδοον
398 2544 584 2630 κεφάλαιον
603 2542 672 2631 ἀμα
687 2545 748 2632 μὲν
764 2547 870 2630 ἕκτης
889 2549 1080 2626 συνθέσεως
1122 2586 1134 2616 ι

66 2652 127 2715 τοῦ
151 2651 256 2734 ῥητοῦ
284 2650 423 2718 καὶτοῦ
452 2652 556 2737 μέσον
584 2647 604 2736 ή
628 2655 697 2718 τῶν
721 2649 784 2717 δύο
808 2652 918 2737 μέσων
947 2659 1078 2740 χωρίων

67 2758 183 2840 σαφῶς
220 2754 451 2841 έκιδεικνύον,
490 2753 535 2842 ἣν
567 2761 702 2841 ἔχουσιν
735 2760 772 2823 αί
801 2755 882 2824 κατὰ
916 2756 1079 2825 σύνθεσιν

68 2857 186 2946 ἀλογοι
204 2859 288 2948 πρὸς
308 2861 453 2947 ἀλλήλας
469 2861 649 2949 διάκρισιν,
668 2860 737 2949 ἀμα
753 2862 789 2929 δὲ
805 2866 920 2930 ἐκτῶν
935 2868 1079 2949 χωρίων,

66 2961 87 3032 ἀ
112 2965 287 3053 δύνανται,
310 2966 373 3053 τήν
397 2967 565 3055 διαφορὰν
590 2964 703 3036 αὐτῶν
727 2966 1016 3054 σαλλογιζόμενον.
1098 2989 1133 3039 25

138 3113 198 3163 353.
218 3108 248 3162 P

140 3240 163 3287 1.
183 3233 310 3302 ταφήν.
370 3229 596 3320 ήμῑναάτωνΓ.
661 3240 685 3289 5
705 3228 951 3303 ἀρήθμητικήνΓ.
1007 3226 1079 3287 ἀνά-

66 3309 150 3374 λογον
169 3303 229 3369 PV,
250 3320 340 3372 comp
355 3301 385 3357 Γ.
446 3310 470 3360 8.
490 3301 559 3373 τάχη
575 3303 640 3359 Vat
698 3310 739 3359 11.
759 3305 837 3375 δίχα]
856 3321 911 3359 om.
925 3303 958 3359 V
980 3305 1078 3389 ΓΔ]

68 3380 118 3429 ΓΔ
137 3376 202 3444 δίχα
221 3345 282 3429 PV.
370 3379 411 3428 12.
431 3375 504 3446 ΕΑ]
514 3376 599 3430 ’ἈΕΑ
621 3375 652 3443 V,
670 3376 773 3429 ΑΕΒ.
862 3381 903 3430 13.
924 3366 994 3446 ‘W
979 3395 993 3428 ο
1014 3376 1079 3432 Vat.

102 3452 151 3500 AB
188 3463 239 3502 scr
260 3449 319 3500 ΑΓ.
395 3451 435 3501 14.
455 3446 521 3516 τῆς]
540 3418 652 3515 τήνΡ.
720 3452 761 3503 18.
781 3441 1035 3516 ὁμοίωςζοοοεκ
1045 3445 1092 3493 11

102 3448 239 3588 20.]Fig.
244 3534 297 3573 om
318 3516 397 3573 codd.
