2362 3796
200 137 356 192 scflom
373 141 412 192 m
430 140 704 193 ELEMENTORUM
722 140 861 192 MERUM
874 142 920 193 VI.
1003 136 1068 202 333

52 277 138 367 πρὸς
165 277 229 366 τήν
257 284 334 364 ΒΓ,
366 278 473 360 οὕτως
499 278 521 366 ή
550 287 620 347 ΔΕ
649 277 732 366 πρὸς
756 286 826 347 ΕΖ.
877 277 999 365 ὁμοίως
1027 277 1068 364 δή

54 387 223 472 δείξομεν,
259 382 310 453 ὅτι
336 386 393 454 καὶ
421 383 465 466 ὡς
488 384 509 473 ή
533 391 599 453 ΒΓ
622 383 705 473 πρὸς
727 390 803 470 ΓΑ,
835 383 941 465 οὕτως
964 383 984 471 ή
1007 393 1069 453 ΕΖ

53 489 139 578 πρὸς
167 498 243 560 ΖΛ.
268 531 306 540 -
336 496 420 559 ἔστω
454 489 496 577 δή
527 493 629 559 πάλιν
663 489 824 575 ἰσογώνια
854 495 1002 577 τρίγωνα
1029 488 1069 558 τά

55 603 166 682 ΑΒΓ,
183 604 294 684 ΔΕΖ,
312 598 369 665 καὶ
388 596 643 665 κατεσκευάσθω
658 595 697 663 τά
711 592 795 663 αὐτὰ
813 608 884 676 τοῖς
898 594 1070 683 πρότερον.

55 696 112 772 καί
136 704 206 773 ἐπεὶ
228 703 396 790 τριγώνου
417 708 478 771 τοῦ
498 708 599 771 ΑΒΓ
618 701 709 790 παρὰ
732 706 813 787 μίαν
830 706 900 769 τῶν
916 705 1071 788 πλευρῶν
1108 728 1124 777 6

56 809 119 897 τήν
141 815 212 878 ΑΓ
229 801 325 894 ἦκται
349 806 370 895 ή
394 816 474 894 ΗΖ,
497 814 588 877 ἔστιν
611 807 677 895 άρα
701 805 746 888 ὡς
768 804 789 892 ή
812 813 882 875 ΗΒ
904 805 988 894 πρὸς
1010 805 1072 892 τήν

21 933 25 940 ’
58 921 141 999 ΗΑ,
166 915 273 993 οὕτως
295 912 316 1000 ἡ
340 922 402 983 ΒΖ
421 915 508 1002 πρὸς
530 913 592 1001 τήν
616 920 685 983 ΖΓ.
723 918 792 980 ἔστι
816 912 854 980 δὲ
877 922 931 998 ίση
955 910 976 998 ή
1001 917 1076 979 ΑΗ

56 1025 97 1111 τή
122 1026 197 1089 ΔΘ.
234 1025 325 1089 ἔστιν
348 1018 414 1108 άρα
437 1018 483 1101 ὡς
505 1018 526 1108 ή
552 1027 623 1088 ΒΗ
641 1018 725 1108 πρὸς
745 1025 821 1106 ΔΘ,
846 1016 951 1100 οὕτως
970 1016 990 1105 ή
1010 1024 1073 1086 ΒΖ

58 1125 142 1214 πρὸς
166 1131 235 1194 ΖΓ.
281 1124 422 1207 ἐναλλάξ
449 1125 515 1214 ἄρα
545 1119 654 1210 ἐστίν,
677 1123 728 1205 ὥς
754 1123 775 1211 ἡ
800 1131 867 1192 ΗΒ
894 1123 978 1213 πρὸς
1000 1130 1073 1210 ΒΖ,

59 1228 166 1312 οὕτως
188 1229 208 1318 ή
228 1239 295 1299 ΘΔ
317 1231 400 1314 πρὸς
420 1237 488 1301 ΖΓ.
525 1229 598 1299 ἄλλ’
624 1229 669 1312 ὡς
688 1232 750 1318 μὲν
768 1228 789 1317 ή
808 1238 877 1299 ΗΒ
899 1230 982 1319 πρὸς
1001 1237 1074 1316 ΖΒ,
1095 1257 1127 1307 10

60 1335 168 1419 οὕτως
189 1336 211 1424 ή
230 1343 296 1405 ΑΒ
319 1334 403 1421 πρὸς
421 1343 492 1422 ΒΓ,
516 1333 562 1416 ὡς
584 1337 622 1405 δὲ
640 1335 661 1423 ἡ
682 1344 749 1405 ΛΘ
771 1337 855 1423 πρὸς
873 1343 944 1423 ΖΓ,
968 1336 1075 1416 οὕτως

62 1441 82 1532 ή
110 1451 180 1513 ΕΔ
202 1441 286 1532 πρὸς
310 1450 380 1511 ΕΖ.
426 1441 551 1530 ὁμοίως
574 1443 616 1529 δή
641 1444 808 1529 δείξομεν,
833 1440 884 1511 ὅτι
906 1442 962 1509 καὶ
986 1440 1073 1528 ὡςή

61 1555 130 1618 ΑΓ
148 1549 231 1635 πρὸς
253 1548 316 1635 τήν
339 1554 417 1634 ΒΓ,
450 1547 556 1629 οὕτως
578 1547 599 1634 ή
624 1556 690 1615 ΔΖ
718 1547 802 1634 πρὸς
824 1547 885 1632 τήν
909 1555 980 1615 ΖΕ.
1027 1546 1072 1615 δι’

61 1663 140 1724 ίσου
172 1654 239 1743 ἄρα
270 1655 361 1724 ἐστὶν
389 1652 434 1735 ὡς
460 1652 480 1740 ή
510 1662 575 1723 ΒΑ
606 1653 689 1739 πρὸς
716 1658 798 1736 ΑΓ,
831 1649 936 1731 οὕτως
962 1650 983 1737 ή
1005 1660 1075 1720 ΕΔ

60 1761 144 1850 πρὸς
168 1763 230 1848 τήν
253 1769 287 1828 Δ
294 1770 329 1829 Ζ.
1096 1785 1128 1834 15

131 1872 180 1935 17.
222 1867 297 1934 Δύο
327 1866 492 1953 ζητήματα
518 1871 577 1953 τής
603 1866 795 1954 προτάσεως
822 1875 883 1931 τοῦ
911 1863 1076 1951 παρόντος

60 1973 220 2061 τετάρτου
253 1972 435 2059 ζητήματος
467 1972 756 2060 προβαλλομένης,
788 1973 922 2058 πρῶτον
949 1969 1011 2056 μὲν
1038 1969 1076 2038 τὸ

63 2076 236 2165 άνάλογου
255 2075 343 2146 εἶναι
366 2077 424 2157 τὰς
442 2078 517 2166 περὶ
535 2077 594 2158 τὰς
612 2087 685 2159 ίσας
702 2083 828 2164 γωνίας
847 2075 991 2164 πλευρὰς
1008 2087 1077 2144 τῶν

63 2189 252 2272 ἰσογωνίων
274 2183 460 2271 τριγώνων,
484 2184 643 2272 δεύτερον
666 2184 704 2252 δὲ
726 2188 764 2252 τὸ
785 2182 972 2270 ὁμολόγους
991 2180 1076 2251 εἶναι

62 2290 121 2372 τὰς
138 2289 205 2360 ὑπὸ
223 2289 282 2370 τὰς
300 2299 375 2369 ίσας
387 2297 512 2376 γωνίας
525 2288 778 2376 ὑποτεινούσας,
801 2288 839 2358 τὸ
859 2289 920 2376 μὲν
939 2293 1074 2375 πρῶτον
1094 2314 1128 2363 20

64 2399 186 2485 ζήτημα
210 2401 281 2487 ἰδία
303 2397 365 2465 καί·
379 2395 459 2464 καθ’
482 2393 563 2464 αὑτὸ
584 2395 780 2484 ἀπεδείχθη,
803 2400 840 2465 τὸ
861 2395 900 2463 δὲ
918 2395 1076 2482 δεύτερον

67 2505 129 2569 οὐκ
157 2505 242 2593 ίδίᾳ,
270 2501 354 2570 ἀλλὰ
382 2507 427 2594 τῷ
451 2503 570 2593 πρώτω
594 2507 851 2590 συναπεδείχθη.
898 2500 1077 2588 προσσχὼν

66 2601 131 2692 γὰρ
166 2620 237 2686 ταῖς
272 2605 527 2686 δποτεινούσαις
564 2604 621 2688 τὰς
658 2606 816 2694 ἀλλήλαις
849 2617 923 2687 ίσας
954 2614 1078 2693 γωνίας

67 2707 221 2797 εὑρήσεις
238 2708 340 2792 αὐτὰς
357 2709 378 2798 ή
395 2711 585 2799 ήγουμένας
597 2713 699 2800 άμφω
713 2709 735 2799 ή
751 2715 926 2798 ἑπομένας·
950 2721 1078 2799 είρηται

141 2963 182 3012 17.
194 2951 223 3026 λ,
242 2974 393 3025 suprascr.
412 2957 487 3016 νέον.

69 3104 230 3112 ---——-
240 3103 281 3107 ---

139 3193 163 3272 3.
184 3181 273 3312 &dvo
288 3204 356 3243 corr.
371 3206 420 3276 q.Q
453 3197 477 3244 3.
498 3188 579 3260 ἔστω]
600 3206 689 3271 οοωρ.
708 3190 739 3256 Β,
759 3183 791 3240 ἒν
810 3186 868 3254 Vq.
924 3185 1081 3274 ίσογωηίοις

66 3278 213 3397 δδάγωήως
243 3276 319 3384 ἔδῙττν
337 3267 394 3400 άὲα
406 3261 586 3401 7ίμΗΜΒΠΖἽ1
598 3260 698 3385 {1311ss
708 3260 740 3328 B,
761 3261 816 3386 1ίέ
835 3258 903 3400 άλὲί]
926 3258 1081 3396 &HQ

104 3403 159 3454 ΗΒ
193 3405 260 3469 Bq.
353 3407 395 3454 11.
413 3398 570 3472 λρὸςΒΓ]
586 3405 670 3455 ΕΒΓ
684 3402 742 3470 Vq.
836 3406 878 3457 13.
898 3397 962 3470 ΔΖ]
982 3398 1081 3466 ΑΖΒ,

67 3474 117 3523 AB
168 3487 195 3537 q.
269 3476 310 3526 14.
329 3471 397 3540 ΑΓ]
416 3468 468 3538 τήν
488 3475 583 3539 λΓη.
