2362 3796
66 155 134 221 486
216 157 373 211 SOHOLIA
390 158 429 210 IN
446 157 722 211 ELEMENTORUM
739 157 878 210 LIBRUM
892 159 925 211 X.

67 297 129 384 μὲν
154 297 248 384 ῥητή,
270 299 346 367 τότε
370 297 407 366 δὲ
426 298 517 384 μέση.
556 296 675 366 δύο
638 325 702 471 γαρ
722 293 810 367 εἶναι
824 298 925 384 μέσας
938 299 1087 384 δυνάμει

69 404 278 491 συμμέτρους
305 403 469 490 δυνατόν,
501 404 611 490 ὥσπερ
638 402 786 472 καὶδύο
815 402 912 490 ήηταλ
939 402 1086 490 δυνάμει

69 510 254 597 σύμμετροί
273 533 353 578 ποτε
375 512 528 596 γένοιντο
553 508 606 578 ἄν.
642 510 810 578 αἰτιατέον
833 501 896 579 οὖν
918 508 982 597 τήν
1001 505 1086 579 άνα-

67 619 187 702 λογίαν
214 619 274 702 τής
300 621 369 686 των
391 616 639 705 περιεχομένων
665 621 798 704 χωρίων
825 620 994 703 διαφορᾶς
1019 619 1086 703 τήν

32 719 191 806 σμεταξὺ
212 721 325 791 τάν”
304 749 418 810 ακρων
440 719 461 810 ή
486 723 549 791 δύο
574 724 684 810 ῥητῶν
708 718 856 810 μέσην”
835 749 856 809 η
881 721 945 793 δύο
970 721 1086 809 μέσων

69 825 174 914 ῥητήν
196 828 251 896 καλ
276 826 360 897 ὅλου
376 827 451 898 τότε
469 828 532 915 μὲν
550 831 772 916 έξομοιοῦσαν
789 830 850 898 τὸν
868 826 994 917 δεσμὸν
1011 842 1087 908 τοῖς

70 930 197 1020 ἄκροις,
219 932 294 1002 τότε
318 934 356 1004 δὲ
378 933 544 1022 ἀνόμοιον
567 937 681 1018 αὐτοῖς
702 934 1014 1024 παρεμβάλλουσαν.

137 1043 210 1108 136.
233 1040 330 1109 Κατά
344 1067 421 1110 τινα
433 1051 502 1111 τῶν
515 1042 768 1130 προειρημένων
781 1042 914 1130 τρόπων
932 1067 963 1129 p.
977 1044 1031 1129 58,
1047 1044 1084 1126 5]

67 1147 260 1232 πρόσκειται
287 1144 325 1215 τδ
353 1147 435 1216 κατά
456 1174 533 1217 τινα
562 1153 631 1218 τῶν
663 1147 915 1236 προειρημένων
945 1146 1085 1232 τρόπων

16 1271 50 1322 10
68 1247 145 1319 άντλ
166 1262 229 1320 τοῦ
251 1249 272 1339 ή
296 1252 393 1340 μήκει
414 1254 471 1321 καλ
489 1254 631 1340 δυνάμει
649 1249 827 1340 ήδυνάμει
841 1252 957 1341 μόνον.
984 1245 1085 1323 οὗτοι

67 1355 132 1443 μὰρ
159 1349 248 1443 ήσαν
275 1362 311 1428 οἱ
335 1361 572 1449 προειρημένοι
597 1360 723 1448 τρόποι.
768 1357 848 1428 καθ’
875 1351 918 1428 οὗ
942 1358 980 1428 δὲ
1001 1358 1024 1447 ή
1046 1387 1085 1430 τε

68 1461 165 1548 μήκει
195 1464 252 1530 καὶ
284 1465 426 1552 δυνάμει
456 1457 542 1534 οὖσα
570 1464 592 1552 ή
619 1493 654 1536 τε
686 1467 830 1553 δυνάμει
861 1465 969 1553 μόνον
998 1465 1084 1554 σάμ-

437 1803 492 1869 Αδ
515 1826 621 1890 prop.
644 1803 716 1871 XX.

16 1924 49 1974 15
136 1927 210 1993 137.
249 1927 294 1992 Ec
319 1922 382 2013 μδιρ
410 1924 513 2013 ῥητὸν
541 1921 579 1993 τὸ
605 1929 745 2015 χωρίον,
776 1925 880 2015 ῥητὸν
904 1926 940 1995 δὲ
964 1928 1082 1999 καὶτὸ

68 2033 186 2117 μήκος,
224 2029 353 2118 ἀνάγκη
387 2031 442 2100 καλ
475 2030 513 2099 τὸ
546 2035 615 2098 πᾶν
647 2029 751 2119 ῥητὸν
783 2030 871 2101 εἶναι
912 2033 967 2102 καλ
998 2035 1083 2123 σύμ-

68 2160 190 2222 μετρον
208 2138 254 2227 τῷ
274 2135 383 2222 μήκει·
405 2137 426 2223 ή
446 2134 511 2226 γάρ
531 2135 613 2223 ῥητή
632 2137 737 2224 ῥητὸν
756 2137 954 2228 άναμράφει,
978 2141 1083 2229 ῥητὸν

68 2239 107 2306 δέ
128 2241 184 2308 καλ
207 2240 244 2309 τὸ
268 2241 504 2329 περιεχόμενον
527 2238 573 2320 ὥς
592 2241 648 2310 διὰ
667 2246 766 2312 τοῦτο
786 2245 841 2313 καλ
860 2243 1003 2332 άμεσθαι
1024 2249 1082 2317 καὶ

66 2344 107 2411 τά
131 2345 218 2432 μήκη
242 2347 413 2434 σύμμετρα
436 2344 532 2415 εἶναι.
988 2442 992 2447 .

14 2472 49 2521 κο
136 2455 209 2520 138.
248 2449 327 2520 Ἐὰν
355 2452 458 2540 ῥητὸν
488 2453 646 2540 δηλονότι
673 2461 799 2546 χωρίον
826 2457 864 2526 τὸ
888 2465 967 2546 ΑΓ,
999 2457 1080 2547 ὅπερ

68 2558 166 2644 έτέθη
199 2558 360 2645 μονάδων
392 2562 450 2646 ιἰδ,
486 2561 576 2650 παρὰ
609 2560 715 2649 ῥητήν
747 2564 907 2650 δηλονότι
940 2564 1082 2635 εὐθεῖαν

66 2662 129 2751 τήν
144 2671 221 2751 ΑΒ,
240 2664 312 2752 ήτις
326 2667 423 2753 ἐτέθη
438 2666 599 2753 μονάδων
614 2670 704 2756 δέκα,
722 2676 937 2762 παραβληθῇ,
956 2674 1081 2754 πλάτος

67 2783 160 2839 ποιεῖ
180 2769 286 2860 ῥητήν
308 2773 363 2840 καὶ
387 2772 589 2863 σύμμετρον.
627 2774 666 2844 τὸ
689 2778 873 2864 γενόμενον
896 2777 1020 2860 πλάτος
1044 2781 1079 2848 έκ

140 2973 199 3024 136.
219 2967 296 3023 Βοὴ.
371 2968 481 3024 13⁷..ss
556 2968 988 3044 1asv¹>q<1³²)·eva..‘q

66 3085 280 3097 .--..,--

141 3148 164 3196 1.
184 3141 216 3197 δέ
255 3141 286 3198 δε
307 3147 359 3199 καί
373 3143 406 3200 V.
480 3151 504 3200 3.
523 3144 636 3215 μένοιντ
641 3141 699 3202 ’Β.
772 3153 796 3203 ὅ.
817 3147 922 3237 μέσων]
942 3149 1079 3220 μέσηνΒ.

103 3220 127 3268 6.
148 3207 214 3267 ολου
248 3207 364 3270 ὅλονΒ.
439 3221 463 3271 λ.
483 3216 624 3286 ου’τήςΒ
697 3221 984 3291 παρεμβαλουσανΡ.
1053 3229 1079 3278 9.

68 3281 670 3367 siqnm'uovv.10.r'2'](prius).uoecV
737 3294 778 3343 13.
798 3285 869 3362 ἐστι]
889 3290 923 3348 δέ
940 3292 974 3348 V.
1036 3299 1079 3348 16.

67 3348 99 3407 τὸ
123 3354 229 3426 μῆκος]
252 3351 333 3426 τάδ)
351 3354 489 3444 μήκειΒ.
584 3364 625 3414 18.
649 3359 698 3414 καλ
697 3355 859 3446 ἄρεσθαι]
884 3361 1079 3433 συνάγεσθαιῖ

103 3430 145 3479 22.
164 3428 226 3512 ΑΒ]
247 3431 348 3514 AFq.
432 3426 588 3494 πλάτος-
609 3435 651 3484 33
672 3425 842 3503 συμμετρον]
862 3448 961 3503 ⁰qu
1036 3440 1078 3490 23.

59 3488 93 3547 τά
109 3494 218 3562 πλάτος
236 3495 267 3555 τδ
281 3494 438 3573 γινόμενον
457 3499 492 3556 V.
