2362 3796
128 127 194 191 302
286 127 442 179 scnom
459 129 498 178 ια
516 125 791 178 Ευυιιιιατοῑιοιι
808 127 948 178 mmm
961 127 996 181 v,

128 267 246 351 ι’σάκις,
266 267 335 335 ἐπεὶ
350 266 434 351 πρός
446 294 489 351 τι,
509 263 571 335 οὐκ
586 269 623 334 ἐν
637 265 686 333 ἑνὶ
701 264 802 355 λόγῳ,
817 263 901 333 άλλά
915 264 953 333 τὸ
969 265 1151 354 ἐλάχιστον

127 376 163 441 έν
188 378 295 440 δυσίν.

193 484 245 548 52.
273 479 381 546 Ἔστω
405 477 471 565 γάρ
494 480 638 565 μέγεθος
660 475 701 546 τά
720 470 758 563 ιβ’
778 479 944 564 μεγέθους
961 481 1033 547 τῶν
1053 482 1075 550 5
1099 483 1148 547 δι-

125 589 267 654 πλάσιον
295 585 350 652 καλ
379 581 570 687 ἀφῃρήσθω
601 579 683 663 έξ’
665 585 866 670 αμφοτέρων
893 587 963 651 τῶν
986 588 1149 670 μεγεθῶν

90 714 185 761 στου
204 692 266 776 μὲν
283 683 366 778 ιβθ,
385 688 498 758 τοῦδέ
513 695 579 795 {A
610 689 718 768 ἰσάκις
737 688 803 776 άρα
822 689 891 757 ἐστὶ
910 689 1148 758 πολλαπλάσια

124 800 164 865 τὰ
190 805 225 885 ιβ
247 810 315 866 τῶν
339 803 358 868 5
380 794 493 864 καὶ
458 823 498 863 τα
522 786 544 862 (V
565 799 634 864 τάν
659 802 693 882 β
726 794 828 883 άμφοι
851 791 916 881 γάρ
940 792 1147 920 ἀμφοτέρων

126 904 294 972 διπλάσια.
339 900 484 988 λέγω,“
465 929 517 970 οτι
538 899 651 968 καὶ
617 928 654 969 το
679 899 886 986 παταλειφθὲ
886 927 907 968 ν
929 905 999 970 τοῖιν
1023 908 1098 988 ιβ
1082 905 1146 971 τοῦ

125 1010 407 1096 καταλειφθέντος
429 1012 497 1077 τῶν
517 1013 546 1094 5,
570 1006 678 1093 ἤγουν
696 1033 736 1074 τα
755 1036 776 1094 η
800 1011 920 1092 τωνδ,
944 1005 1055 1087 ίσάκις
1075 1007 1167 1077 έστλ

124 1114 391 1244 πολλαπλάσιον,
420 1111 629 1182 ὁσαπλάσιόν
657 1115 726 1182 έστι
753 1111 793 1180 τὰ
819 1119 855 1199 ιβ
876 1139 946 1182 των
969 1132 1001 1184 5
1040 1112 1144 1202 άμφιο

73 1243 105 1291 10
125 1221 189 1307 γάρ
213 1219 412 1307 ἀμφοτέροιν
437 1220 605 1287 διπλάσια.

192 1329 243 1394 53.
271 1327 366 1394 Ἴσον
385 1325 451 1412 άρα
468 1325 505 1394 τὸ
526 1334 594 1393 ΗΖ
612 1329 658 1416 τῷ
678 1331 740 1394 ΓΛ
757 1330 929 1414 p·.18,13]
949 1325 1018 1394 ἐπεὶ
1030 1326 1144 1403 ίσάτιις

125 1428 193 1500 ἐστὶ
211 1430 462 1499 πολλαπλάσιον
475 1429 513 1498 τὸ
529 1439 595 1499 ΑΒ
614 1432 772 1520 ἑκατέρου
789 1435 859 1500 τῶν
875 1438 953 1517 ΗΖ,
968 1435 1040 1517 ΓΔ,
1063 1423 1143 1499 οἷον

124 1538 224 1626 μέρος
247 1539 315 1606 ἐστὶ
338 1537 376 1605 τὸ
399 1544 466 1605 ΗΖ
489 1532 653 1624 τοῦἈΒ,
685 1536 723 1606 τὸ
753 1535 835 1606 αὐτὸ
864 1538 965 1625 μέρος
992 1535 1063 1606 ἐστὶ
1085 1538 1143 1604 καὶ

123 1643 161 1713 τὸ
185 1651 247 1713 ΓΔ
272 1656 333 1713 τοῦ
362 1652 436 1712 ΑΒ.
482 1652 558 1711 ἴσον
581 1642 647 1728 άρα
674 1642 711 1712 τὸ
736 1651 803 1712 HZ
830 1647 964 1734 τῷΓΔ
991 1646 1049 1710 δια
1077 1641 1142 1729 τὴν

72 1773 104 1820 15
123 1749 242 1837 κοινὴν
266 1738 427 1819 ἔννοιαν·Ι
443 1750 483 1818 τὰ
506 1747 570 1836 γάρ
593 1754 654 1818 τοῦ
679 1748 785 1818 αὐτοῦ
808 1747 911 1843 ἡμίση
934 1749 991 1816 καὶ
1014 1746 1058 1816 τά
1080 1752 1141 1817 τοῦ

124 1855 229 1924 αὐτοῦ
251 1863 346 1943 τρίτα
368 1857 423 1924 καλ
447 1857 565 1943 ἐφεξῆς
586 1858 643 1925 καὶ
667 1855 823 1943 ἀλλήλοις
847 1864 904 1923 λ’σα
927 1855 1029 1923 ἐστίν.

654 2020 659 2029 .
834 1989 854 2031 ο

497 2052 553 2118 Ad
576 2075 681 2138 prop.
704 2054 761 2119 VI.

191 2177 242 2240 54.
276 2170 325 2240 Οὐ
340 2177 509 2261 πρόκειται
524 2177 638 2258 δείξαι,
656 2172 718 2257 ὅτι,
733 2171 792 2240 ἐὰν
807 2169 871 2241 ἀπὸ
886 2178 1143 2242 πολλαπλασίου

122 2277 388 2364 πολλαπλάσιον,
421 2277 458 2347 τὸ
491 2279 612 2360 λοιπὸν
639 2279 713 2367 ἤτοι
743 2287 819 2347 ἴσον
848 2279 939 2347 ἐστὶν
966 2271 987 2365 ἢ
1015 2285 1141 2347 πολλα-

70 2406 105 2456 20
123 2382 278 2452 πλάσιον·
319 2389 418 2453 τοῦτο
447 2385 511 2473 γὰρ
540 2390 654 2471 δῆλον.
706 2382 780 2452 ἄλλ’
807 2385 858 2454 ὅτι
887 2383 950 2452 δύο
980 2387 1141 2470 μεγεθῶν

123 2487 206 2576 πρὸς
230 2490 292 2559 δύο
317 2493 442 2579 μεγέθη
472 2489 578 2572 οὕτως
601 2491 767 2578 ἐχόντων,
797 2489 842 2571 ὡς
869 2499 1014 2577 εἴρηται,
1048 2494 1080 2558 εί
1102 2487 1140 2559 τὸ

122 2595 243 2664 λοιπὸν
265 2602 326 2665 τοῦ
345 2600 510 2686 προτέρου
528 2597 787 2684 πολλαπλάσιον,
810 2596 922 2665 καὶτὸ
941 2599 1002 2665 τοῦ
1021 2597 1141 2683 ἑτέρον
1173 2638 1176 2643 -

120 2704 369 2773 πολλαπλάσιον
393 2709 495 2790 ἔσται,
519 2708 550 2771 εί
573 2703 610 2771 δὲ
636 2712 724 2788 ίσον,
746 2703 802 2770 καὶ
825 2699 863 2771 τὸ
888 2699 1023 2769 λοιπόν·
1062 2696 1139 2770 οἷον

98 2829 100 2834 ·
121 2818 362 2897 τετραπλασίου
377 2809 475 2890 ὄντος
492 2815 523 2878 εί
540 2809 737 2895 τριπλάσιον
756 2807 940 2897 ἀφαιρεθῇ,
958 2806 998 2876 τὸ
1017 2807 1141 2877 λοιπὸν

68 2942 102 2991 25
122 2923 198 2983 ἴσον
222 2922 323 3001 ἔσται,
346 2918 401 2984 καὶ
425 2915 478 2985 έπλ
501 2919 562 2984 τοῦ
585 2917 700 3002 ἑτέρου
723 2913 890 2994 ὡσαύτως.

193 3135 234 3184 τι.
255 3129 302 3183 Ab
318 3127 384 3198 (ον).
458 3132 500 3183 ιι.
519 3126 566 3182 v1.
640 3131 682 3182 ιι.
702 3125 974 3196 πυμάτης).

119 3259 333 3274 ...--—---

193 3332 216 3378 1.
209 3321 315 3411 ἐπεί]
335 3339 405 3377 corr.
425 3337 459 3375 ex
478 3316 527 3375 ε’πί
542 3322 575 3376 A
666 3319 710 3392 το]
730 3321 836 3389 τουΑ;
861 3321 925 3376 fort
944 3316 1139 3409 τουλάχιστον.

155 3401 180 3450 4.
200 3391 242 3461 άφ
245 3416 274 3448 αι
276 3392 488 3518 ρᾙησθωσανοέ
562 3397 602 3446 18.
623 3390 663 3455 είς
682 3390 764 3451 τὰς’
784 3393 814 3446 F.
899 3398 939 3446 19.
959 3387 1072 3462 v'f’wt]
1055 3412 1087 3461 ηι
1105 3390 1138 3445 τό

119 3464 240 3520 FBVat
302 3470 344 3519 23.
365 3460 488 3537 ἔσται]έ
491 3480 534 3518 στι
551 3462 613 3517 FV.
668 3469 711 3520 24
732 3463 773 3534 τί]
790 3459 856 3531 ἠΡ.
914 3468 955 3517 25.
959 3412 1057 3517 ηέσται
1076 3462 1137 3517 Π.
