2362 3796
113 157 179 222 400
257 159 414 212 SCHOLIA
431 161 470 212 IN
488 157 762 212 ELEMENTORUM
780 157 919 210 LIBRUM
932 158 979 208 IX.

112 298 168 367 καὶ
199 297 408 387 τετράγωνος
438 295 503 366 άπὸ
536 301 682 383 πλευράς
712 300 772 384 τῆς
795 284 841 383 ιβ.
895 295 913 365 5
941 295 980 364 δὲ
1004 305 1037 364 Α
1067 293 1088 365 ὃ
1114 302 1133 370 ξ

114 402 234 472 ἑαυτὸν
254 403 548 485 πολλαπλασιάσας
566 408 700 473 ποιείτω
723 403 783 473 τὸν
801 411 835 470 Δ
859 402 941 472 ὅντα
964 400 1131 490 μονάδων

113 517 167 581 2}-
191 508 209 578 5
233 515 273 583 λξ
295 509 512 599 τετράγωνος.

180 620 210 683 4.
238 613 367 696 ’Ἁλλως
387 616 426 684 τὸ
449 616 493 703 β’.

79 745 95 792 5
179 719 267 789 Ἐπεὶ
295 720 359 808 γάρ
391 725 426 790 ολ
451 729 550 807 Α,Β
581 721 929 800 πολλαπλασιάσαντες
961 718 1131 807 ἀλλήλους

116 826 342 915 [τετράγωνον
363 827 423 896 τὸν
447 834 479 896 Γ
502 827 716 915 πεποιήκασι,
743 828 869 913 πλευρά
893 836 954 896 τοῦ
976 833 1010 895 Γ
1028 831 1129 912 ἔστω]

115 930 133 1000 5
157 941 206 1019 Δ,
229 933 284 1001 καὶ
307 939 432 1002 κείσθω
456 935 561 1021 μέσον
583 939 651 1002 τῶν
674 942 716 1021 A,
739 941 778 1002 Β.
822 935 907 1019 λέγω
932 931 990 1020 δή,
1020 933 1074 1001 ὅτι
1098 936 1132 1001 οἱ

114 1048 161 1123 A,
186 1046 286 1124 A,B
317 1039 391 1126 ἑξῆς
414 1038 585 1125 ἀνάλογόν
608 1043 681 1110 εἰσι.
726 1039 796 1108 ἐπεὶ
818 1039 884 1126 γάρ
908 1035 926 1107 5
950 1046 984 1105 A
1008 1047 1129 1107 πολλα-

114 1143 300 1225 πλασιάσας
323 1145 444 1213 ἑαυτὸν
465 1143 525 1213 τὸν
548 1151 580 1213 Γ
605 1150 798 1232 πεποίηκεν,
829 1150 898 1212 ἔστι
922 1143 960 1212 δὲ
983 1142 1002 1213 ὁ
1028 1142 1130 1224 αὐτὸς

64 1271 98 1321 10
117 1240 217 1329 οὗτος
243 1250 299 1317 καὶ
327 1247 345 1318 5
374 1247 440 1319 ὑπὸ
468 1254 535 1318 τῶν
559 1260 606 1336 Α,
630 1258 659 1318 Β
690 1251 885 1338 γινόμενος,
917 1247 936 1319 5
964 1248 1033 1319 ὑπὸ
1061 1255 1129 1322 τῶν

114 1352 229 1440 άκρων
249 1354 314 1443 άρα
329 1365 402 1435 λσος
421 1357 490 1426 ἐστὶ
508 1360 553 1447 τῷ
573 1353 638 1425 άπὸ
659 1360 720 1425 τοῦ
739 1358 852 1444 μέσον.
888 1354 973 1425 ὥστε
993 1360 1029 1425 ολ
1040 1370 1129 1447 τρεῖς

115 1458 257 1550 άμνθμοὶ
280 1459 452 1549 άνάλονον
476 1467 618 1532 ἔσονται.
659 1466 727 1532 τάν
750 1472 793 1549 A,
817 1470 845 1530 B
868 1461 935 1552 ἄρα
958 1456 1007 1545 εἷς
1030 1467 1130 1551 μέσος

115 1564 286 1655 άνάλονον
318 1569 527 1654 ἐμπέπτωκεν
558 1567 577 1637 ὁ
611 1577 652 1638 Δ.
708 1571 743 1637 ol
772 1578 820 1657 A,
848 1577 877 1637 B
912 1567 979 1656 άμα
1017 1568 1129 1658 ὅμοιοι

115 1676 268 1744 ἐπίπεδοί
287 1679 386 1743 εἰσιν·
415 1673 497 1762 ὅπερ
520 1680 589 1744 ἔδει
612 1678 725 1759 δεῖξαι.

63 1801 96 1852 15
181 1784 210 1850 5.
245 1778 469 1868 Ἀντιστοέφει
491 1786 536 1875 τῷ
561 1781 604 1851 α’.

488 1942 545 2009 Ad
571 1967 674 2028 prop.
698 1944 754 2010 IV.

183 2067 212 2130 6.
237 2060 346 2132 Ἔστω
366 2090 384 2131 ο
405 2072 437 2130 Α
454 2074 487 2151 ἣ,
511 2062 529 2132 ὁ
549 2072 577 2132 Β
594 2053 644 2151 κζ,
669 2064 767 2151 κύβοι
786 2065 824 2133 δὲ
842 2063 1038 2153 άμφότεροι.
1075 2068 1132 2135 καὶ

116 2165 134 2236 5
160 2169 193 2249 ἐξ
216 2165 329 2237 αὐτῶν
352 2165 370 2236 5
395 2175 427 2237 Γ
446 2175 508 2241 ᾶῖς.
546 2168 564 2238 5
589 2176 644 2242 ὄϊς
665 2171 780 2258 κύβος,
803 2171 942 2259 πλευραὶ
966 2171 1005 2243 55
1022 2170 1133 2246 αὐτοῦ

117 2271 134 2339 5
159 2277 178 2343 ξ
200 2273 256 2339 καὶ
275 2270 293 2340 5
315 2279 368 2345 λξ·
392 2271 410 2341 5
429 2273 494 2360 γάρ
513 2280 533 2346 ξ
556 2280 603 2356 εἰς
625 2276 745 2345 ἑαυτὸν
768 2277 948 2365 γενόμενος
970 2286 1132 2367 πεποίηκε

64 2400 98 2450 20
116 2375 176 2444 τὸν
199 2382 254 2464 λξ,
282 2376 342 2446 τὸν
366 2379 403 2447 δὲ
426 2382 466 2452 λξ
488 2382 780 2462 πολλαπλασιάσας
802 2388 958 2470 πεποίηκε
979 2383 1042 2454 τὸν
1066 2391 1131 2458 ὅῑξ.

496 2523 553 2590 Ad
576 2523 683 2611 pro'p.
705 2527 745 2594 V.

184 2637 211 2700 7.
246 2631 469 2722 Ἀντιστρέφει
491 2641 537 2728 τῷ
562 2638 605 2705 δ’.

492 2798 548 2864 Ad
572 2822 675 2886 prop.
700 2800 755 2867 Vl.

184 2913 213 2976 8.
247 2906 471 2997 Ἀντιστρέφει
492 2915 537 3001 τῷ
560 2911 603 2998 γ’.

63 3035 97 3084 25
183 3016 213 3081 9.
251 3014 319 3081 Καὶ
343 3012 387 3096 ὡς
411 3013 476 3101 άοα
495 3014 513 3085 5
533 3027 565 3085 A
587 3018 672 3108 πρὸς
688 3017 749 3087 τὸν
767 3026 807 3106 Β,
831 3016 897 3088 5B
920 3017 1005 3105 πρὸς
1022 3019 1085 3089 τὸν
1105 3027 1138 3089 Γ

116 3147 147 3208 p.
167 3122 240 3205 348,
259 3123 315 3204 23]
341 3118 398 3187 διὰ
420 3119 451 3188 τὶ
482 3122 523 3203 ιζ’
547 3135 608 3192 τοῦ
634 3124 780 3211 ἑβδόμου
801 3122 840 3193 τὸ
864 3123 923 3194 ἐὰν
943 3122 1092 3215 ἀριθμὸς
1111 3134 1133 3214 β

117 3221 349 3296 Τις.
368 3244 399 3301 P.
473 3252 496 3301 ο.
516 3246 632 3317 νον).
706 3255 729 3304 τ.
749 3249 779 3303 P.
851 3255 876 3304 s.
895 3249 925 3305 P.
999 3255 1024 3306 ο.
1045 3249 1094 3306 τε.

188 3354 212 3403 6.
236 3348 413 3418 τετράγωνον
432 3382 465 3390 -
486 3349 567 3422 ἔστω]
587 3352 697 3421 addidi3
722 3355 752 3408 in
769 3372 784 3407 r
801 3371 858 3409 una
875 3354 952 3410 linea
969 3355 999 3410 in
1018 3373 1133 3414 summa

107 3435 187 3544 ἕνῇ
204 3419 306 3547 άοοίἵο.
350 3420 436 3474 etiam
464 3422 519 3476 duo
547 3424 686 3479 uocabula.
712 3424 836 3494 proxime
864 3426 1062 3482 antecedentia
1090 3429 1133 3485 in·

141 3507 157 3542 1·
207 3508 280 3547 sun.
