2362 3796
114 137 177 203 146
270 141 426 193 scflom
442 142 481 193 IN
499 141 773 193 ELEMENTORUM
790 141 929 193 LIBRUM
942 142 965 194 1.

181 284 233 348 62.
273 279 338 359 Τὰς
368 281 485 366 ἐφεξῆς
512 286 636 365 γωνίας
667 283 735 348 τῶν
762 282 845 349 ιιατά
871 277 1029 367 κορυφήν
1057 284 1127 349 δια-

114 389 230 475 φέρειν
249 387 371 473 φαμέν·
395 390 463 455 τῶν
487 384 549 472 μὲν
571 388 636 474 γὰρ
653 384 674 472 ή
694 388 822 473 γένεσις
839 388 922 455 κατά
939 384 1003 473 τήν
1020 388 1127 474 τομήν

112 499 239 580 γίνεται
262 497 329 560 τῶν
353 491 416 560 δύο
441 491 604 579 εὐθειῶν,
632 496 700 561 τῶν
728 495 765 560 δὲ
793 497 851 579 τῆς
879 489 991 578 ἑτέρας
1019 491 1127 579 μόνον

112 600 187 687 περὶ
207 597 269 686 τήν
289 595 405 686 ἑτέραν
425 601 670 685 διαιρουμένης.
702 598 762 667 έάν
780 598 845 685 γὰρ
863 590 885 688 ᾖ
904 596 1024 666 εὐθεῖα
1043 597 1126 686 αὐτή

77 706 174 794 ὁμὲν
197 705 354 794 ἀτμητος,
382 705 549 792 τέμνουσα
573 705 610 772 δὲ
632 708 678 794 τῷ
702 705 821 791 ἑαυτῆς
842 706 957 791 πέρατι
981 707 1126 792 ἐκείνην,

44 900 48 907 ¹
112 812 175 882 δύο
198 825 289 881 ποιεί
313 817 453 897 γωνίας,
485 808 526 891 ἀς
550 816 719 898 καλοῦμεν
747 813 879 897 ἑφεξῆς,
912 811 972 880 έάν
1001 809 1040 879 δὲ
1065 809 1122 881 fd

111 918 266 1005 ἀλλήλων
293 927 447 1004 τμηθῶσι
476 916 539 987 δύο
568 914 714 1003 εὐθεῖαι,
747 916 830 986 κατὰ
859 918 1018 1006 κορυφήν
1045 916 1125 987 ἀπο-

111 1029 285 1092 τελοῦνται
298 1029 432 1109 γωνίαι·
455 1029 638 1093 καλοῦνται
654 1023 692 1092 δέ
706 1023 822 1109 οὕτως,
837 1022 888 1093 ὅτι
902 1022 960 1107 τὰς
973 1021 1125 1111 κορυφὰς

112 1134 159 1210 είς
185 1128 287 1198 ταύτὸ
316 1129 553 1216 συμβαλούσας
581 1135 694 1217 έχουσι
723 1144 875 1216 σημεῖον·
911 1130 1060 1218 κορυφαὶ
1087 1129 1124 1201 δὲ

60 1259 93 1308 10
112 1232 223 1303 αὐτῶν
245 1235 286 1303 τδι
311 1250 441 1323 σημεῖα,
464 1235 547 1323 πρὸς
570 1234 591 1303 ἀ
615 1236 828 1324 συναγόμενα
850 1234 891 1303 τά
910 1239 1047 1305 ἐπίπεδα
1062 1234 1123 1315 τάς

111 1345 235 1426 γωνίας
258 1355 354 1410 ποιεί,
398 1346 498 1411 τοῦτο
521 1341 558 1411 τὸ
581 1343 744 1431 θεώρημα
767 1348 940 1411 δείκνυσιν
947 1393 957 1428 ,
984 1339 1033 1411 ὅτι
1054 1337 1117 1408 δύο

112 1446 257 1516 εὐθειῶν
281 1447 426 1536 ἀλλήλας
446 1453 642 1535 τεμνουσῶν
666 1452 703 1517 αί
722 1448 805 1516 κατὰ
829 1447 985 1535 κορυφήν
1002 1452 1123 1533 γωνίαι

112 1561 182 1622 ίσαι
205 1559 306 1642 εἰσίν,
335 1553 529 1642 ηὑρημένον
552 1558 628 1641 μέν,
660 1553 705 1635 ὥς
728 1575 832 1642 φησιν
856 1552 1031 1641 Εὔδημος,
1057 1550 1124 1623 ὑπὸ

110 1666 224 1730 Θαλοῦ
259 1661 412 1748 πρώτου,
453 1666 511 1748 της
548 1662 586 1729 δὲ
622 1664 879 1748 έπιστημονιτιής
912 1658 1121 1742 ἀποδείξεως.

60 1789 93 1838 15
111 1764 322 1854 ἀντιστρέφει
346 1767 384 1836 δέ
406 1771 452 1858 τῷ
477 1767 518 1834 ιε’
542 1766 736 1853 θεωρήματι
759 1764 841 1835 ἀλλο
863 1770 1036 1835 τοιοῦτον·
1065 1763 1124 1835 έάν

110 1873 193 1958 πρός
223 1900 290 1941 τινι
323 1871 441 1963 εὐθείᾳ
472 1870 517 1959 μή
551 1873 604 1940 ἐπὶ
634 1871 675 1939 τά
709 1870 793 1940 αὐτὰ
826 1874 908 1959 μέρη
940 1879 1125 1959 ληφθεῖσαι

109 1983 231 2047 ποιῶσι
258 1977 317 2057 τὰς
343 1977 426 2045 κατὰ
455 1977 611 2066 κορυφήν
638 1984 763 2065 γωνίας
790 1987 880 2065 ίσας,
913 1975 963 2046 ἐπ’
988 1976 1126 2059 εὐθείας

111 2089 244 2152 ἔσονται
267 2081 427 2168 ἀλλήλαις
449 2087 486 2150 αί
507 2082 646 2152 εὐθεῖαι.

174 2188 236 2255 Ἕν
264 2215 296 2254 τι
321 2192 390 2255 τῶν
418 2195 647 2277 γεωμετρικῶν
676 2193 767 2258 ἐστιν
796 2187 975 2276 ὀνομάτων
1003 2189 1042 2258 τὸ
1068 2188 1125 2259 πό-

57 2319 92 2369 20
111 2314 221 2382 ρισμα.
239 2302 379 2362 καλοῦσι
394 2295 432 2363 δέ
444 2302 632 2383 πορίσματα
646 2298 701 2365 καὶ
712 2297 775 2365 ὅσα
785 2295 1124 2383 συγκατασκευάζεται

110 2399 311 2486 θεωρήματα
332 2416 404 2481 ταῖς
426 2400 539 2470 ἀλλων
568 2401 795 2489 ἀποδείξεσιν,
824 2397 899 2471 οἷον
927 2404 1047 2490 ἕρμαια
1069 2403 1124 2471 καί

109 2507 211 2592 κέρδη
234 2511 300 2574 τῶν
320 2510 508 2594 ζητούντων
525 2506 729 2594 ὑπάρχοντα,
751 2509 807 2576 καὶ
826 2507 889 2577 ὅσα
910 2514 1052 2595 ζητεῖται
1070 2508 1123 2577 έπλ

110 2611 271 2698 εὑρέσεως
288 2614 344 2681 καὶ
364 2612 440 2681 οὕτε
457 2615 510 2682 ἐπὶ
523 2616 683 2700 γενέσεως
697 2614 802 2701 μόνης
818 2613 894 2682 οὔτε
909 2614 962 2681 ἐπὶ
976 2619 1124 2700 θεωρίας

110 2715 225 2807 ἁπλῆς.
271 2721 438 2808 γέγραφεν
466 2717 484 2787 ὁ
508 2719 718 2808 στοιχειωτής
740 2721 814 2807 περὶ
837 2718 1056 2807 πορισμάτων
1078 2725 1124 2806 βι·

54 2849 90 2900 τε
108 2831 197 2911 βλία,
212 2825 284 2893 ἀλλ’
300 2828 408 2895 έκείυα
422 2832 595 2912 παρείσθω
610 2827 785 2911 λέγειν,τά
802 2827 840 2896 δὲ
854 2830 920 2895 νῦν
934 2831 1123 2914 πορίσματα

110 2937 395 3017 συναναφαίνεται
418 2931 479 3018 μέν
502 2946 574 3012 ταις
596 2930 709 3000 ἀλλων
732 2928 958 3018 ἀποδείξεσιν,
981 2929 1068 3000 αὐτα
1053 2930 1124 3001 δὲ

108 3039 361 3165 προηγουμένης
385 3035 426 3107 οὐ
448 3040 604 3126 τυγχάνει
629 3037 801 3125 ζητήσεως,
826 3033 901 3107 οἷον
924 3036 1034 3107 καί
999 3065 1039 3108 το
1057 3043 1122 3109 νῦν

168 3159 272 3251 ὅθ’-Ρ.

180 3346 205 3392 4.
207 3301 485 3426 'aimoovpme
577 3345 619 3393 16.
647 3330 769 3413 ευθείᾳ]
793 3356 843 3394 scr
869 3334 973 3393 εάθεία
998 3335 1123 3396 εάθεῖαι.

144 3409 332 3495 ληφθείσηΡ.
388 3414 429 3464 18.
444 3405 587 3481 ἀλλήλαις]
598 3394 807 3498 ἀλληλοιίσαΡ.
863 3416 905 3466 24.
925 3394 1121 3485 πορισμάτων]

99 3475 270 3549 πρισμάτων
285 3479 317 3535 P.
392 3486 434 3538 26.
455 3479 734 3552 συναναφένεταιΡ.
