2362 3796
83 148 150 213 684
357 150 539 202 ΑΡΡεΝοιε
558 149 792 202 εοΗοιεοιιου
806 151 828 205 1.

83 294 141 376 τῆς
159 286 404 375 ὑποτεινούσης
422 287 485 375 τὴν
502 293 564 356 τοῦ
581 289 800 376 πενταγώνου
817 295 947 377 γωνίαν
966 293 1026 360 καὶ
1045 295 1101 379 τῆς

83 399 229 481 πλευράς
256 398 319 463 τοῦ
345 393 564 480 πενταγώνου
591 397 838 464 πενταπλάσιον
864 408 925 465 τοῦ
951 395 1021 466 άπὸ
1045 402 1102 485 τῆς

84 503 120 569 έκ
141 505 203 569 τοῦ
225 503 368 587 κέντρου
390 504 452 568 τοῦ
475 499 616 586 κύκλον,
645 493 672 590 ᾧ
695 502 895 589 ἐγγράφεται
918 501 958 571 τὸ
981 504 1102 571 πεντά-

83 629 212 692 γωνον·
248 604 269 693 ἡ
296 606 363 694 γάρ
390 610 451 675 τοῦ
479 606 698 692 πενταγώνου
719 606 847 692 πλευρά
871 608 1018 677 δάναται
1041 608 1102 696 τὴν

48 717 145 782 οτοῦ
170 711 341 797 ἑξαγώνου
367 712 507 780 καὶτοῦ
531 711 742 799 δεκαγώνου,
769 710 815 792 ώς
843 721 986 801 εἴρηται·
1026 723 1101 783 ἴσον

84 823 176 885 ἔσται
198 816 236 884 τὸ
258 816 325 885 άπὸ
349 821 406 904 της
424 822 489 883 ΑΒ
512 815 632 884 καὶτὰ
656 815 722 884 άπὸ
740 821 809 885 τών
831 824 911 903 ΔΗ,
926 825 1017 886 ΗΓ·
1042 824 1101 888 τοῦ

84 922 149 1009 γὰρ
176 919 243 991 άπὸ
271 927 331 1010 τῆς
358 929 442 990 ΜΝ
464 921 712 991 πενταπλάσιον
738 921 874 991 κάκεῖνο
901 925 958 991 καὶ
986 929 1100 992 ταῦτα.

85 1026 169 1096 ώοτε
196 1030 254 1095 καὶ
281 1035 357 1113 τρία
383 1026 424 1097 τὰ
452 1025 519 1095 άπὸ
547 1031 605 1114 της
627 1035 692 1096 AB
724 1030 813 1115 τρισὶ
839 1041 908 1109 τοῖς
936 1027 1005 1098 άπὸ
1032 1035 1099 1099 τών

85 1141 168 1220 ΔΗ,
192 1141 264 1202 ΗΓ
287 1143 353 1202 ἴσα.
397 1134 486 1219 τρισὶ
513 1132 552 1200 δὲ
577 1145 647 1212 τοῖς
669 1132 735 1201 άπὸ
758 1137 817 1220 της
838 1142 904 1203 ΑΒ
932 1136 1034 1204 πέντε
1060 1139 1100 1203 τὰ

33 1237 149 1309 1οάπό
172 1245 231 1327 τῆς
253 1246 322 1308 ΚΛ
350 1248 419 1307 ἴσα·
456 1239 553 1306 πέντε
581 1236 645 1322 άρα
672 1237 714 1307 τά
744 1237 809 1308 άπὸ
833 1244 892 1327 τῆς
913 1247 985 1308 ΚΛ
1013 1242 1100 1330 τρισὶ

83 1358 153 1425 τοῖς
176 1344 243 1414 άπὸ
266 1354 334 1414 τών
357 1351 440 1429 ΔΗ,
463 1351 536 1411 ΗΓ
554 1351 618 1410 ἴσα.
663 1343 782 1413 καὶτὰ
806 1345 906 1414 λοιπά
929 1350 1027 1433 δῆλα.

153 1457 204 1519 17.
231 1448 276 1518 Τὸ
291 1449 356 1538 γάρ
371 1447 721 1536 παραλληλόγραμμον
734 1449 772 1518 τὸ
786 1447 853 1519 ὑπὸ
867 1463 939 1520 τών
948 1458 1024 1539 ΓΔ,
1034 1459 1100 1520 ΗΖ

85 1556 264 1624 διπλάσιον
287 1559 348 1624 τοῦ
373 1562 473 1623 ΓΖΔ
493 1553 677 1643 τριγώνου·
714 1556 830 1626 καὶτὸ
855 1559 1013 1638 πεντάκις
1035 1556 1100 1644 ἄρα

84 1660 151 1731 ὑπὸ
174 1666 242 1730 τών
266 1668 340 1746 ΓΔ,
363 1670 431 1729 ΗΖ
455 1669 531 1728 ἴσον
553 1660 731 1748 τριγώνοις
754 1665 834 1730 δέκα
857 1666 894 1732 έν
919 1665 998 1731 δυσὶ
1021 1690 1100 1751 γρα-

33 1789 66 1837 15
85 1769 246 1855 φομένοις
269 1766 503 1853 πενταγώνοις.
547 1764 588 1832 τά
612 1763 674 1834 ὅλα
698 1760 761 1834 οὖν
785 1767 894 1848 ἑξάκις
916 1766 957 1836 τά
981 1795 1018 1837 τε
1037 1769 1101 1837 δύο

85 1874 281 1959 πεντάγωνα
298 1874 354 1941 καὶ
372 1873 412 1940 τὰ
426 1885 444 1940 ἒ
457 1871 785 1959 παραλληλόγραμμα
798 1871 839 1939 τά
853 1870 918 1941 ὑπὸ
933 1879 1010 1959 ΓΔ,
1025 1881 1064 1942 Η
1067 1881 1101 1942 Ζ.

155 1984 206 2047 18.
244 1978 333 2048 Ἐπεὶ
356 1977 401 2058 ώς
423 1977 460 2046 τὸ
480 1975 545 2045 ὑπὸ
563 1980 623 2063 τῆς
638 1984 709 2045 ΖΗ
725 1980 873 2047 καθέτου
889 1978 945 2046 καλ
963 1984 1102 2066 τῆςΓΔ

85 2089 230 2173 πλευράς
247 2090 308 2154 τοῦ
323 2084 540 2171 πενταγώνου
562 2084 645 2174 πρὸς
661 2083 724 2171 την
743 2083 941 2171 ἐπιφάνειαν
960 2090 1022 2153 τοῦ
1035 2090 1102 2154 δω-

86 2192 280 2277 δεκαέδρου,
305 2189 412 2269 οὕτως
428 2190 466 2259 τὸ
485 2189 551 2259 ὑπὸ
566 2196 625 2277 τῆς
639 2199 673 2257 Δ
678 2196 710 2256 Ε
729 2191 876 2259 καθέτου
892 2191 949 2258 καὶ
962 2195 1022 2277 τῆς
1035 2197 1104 2259 ΒΓ

32 2317 67 2365 20
85 2301 231 2380 πλευράς
252 2299 313 2362 τοῦ
335 2294 505 2381 τριγώνου
527 2295 610 2383 πρὸς
631 2294 693 2383 τὴν
715 2300 777 2363 τοῦ
796 2297 1016 2382 εἰκοσαέδρου
1034 2300 1100 2365 έπι·

86 2401 243 2487 φάνειαν·
279 2399 436 2486 ἑκάτερον
457 2400 524 2489 γάρ
546 2407 615 2469 τών
633 2401 987 2490 παραλληλογράμμων
1010 2427 1104 2488 τρια·

84 2504 207 2574 κοοτὸν
238 2509 297 2592 τῆς
329 2508 524 2591 ἐπιφανείας
554 2509 616 2573 τοῦ
647 2508 848 2592 πολυέδρου·
894 2508 950 2574 καλ
983 2505 1030 2586 ὡς
1064 2507 1102 2577 τὸ

85 2611 434 2699 παραλληλόγραμμον
452 2610 536 2697 πρὸς
553 2609 591 2679 τὸ
611 2611 969 2699 παραλληλόγραμμον,
995 2611 1015 2699 ἡ
1034 2616 1102 2682 έπι-

86 2716 210 2803 φάνεια
232 2716 317 2802 πρὸς
337 2715 399 2803 τὴν
423 2718 630 2804 ἐπιφάνειαν.

32 2844 67 2893 25
157 2827 205 2892 19.
239 2821 328 2891 Ἐπεὶ
352 2823 415 2893 δύο
438 2829 585 2911 τρίγωνα
609 2833 664 2891 ἴσα
688 2825 757 2891 ἐστὶ
779 2827 824 2914 τῷ
846 2822 912 2892 ὑπὸ
937 2833 1018 2912 ΔΕ,
1039 2833 1105 2895 ΒΓ

86 2930 432 3022 παραλληλογράμμῳ,
457 2930 515 2999 έὰν
537 2938 860 3018 τριπλασιασθώσιν,
883 2934 1040 3016 γίνονται
1061 2933 1101 3001 τά

86 3035 148 3121 μὲν
171 3040 318 3122 τρίγωνα
342 3038 386 3122 ἕξ,
409 3035 449 3104 τά
474 3036 511 3105 δὲ
534 3035 863 3124 παραλληλόγραμμα
884 3041 970 3123 τρία.
1008 3041 1043 3119 ἓξ
1064 3039 1100 3107 δὲ

86 3146 233 3226 τρίγωνα
248 3139 293 3220 ὡς
305 3140 346 3207 τά
357 3151 390 3208 Δ
394 3148 461 3209 ΒΓ
478 3151 534 3209 ἴσα
548 3142 617 3210 ἐστὶ
632 3142 710 3209 δυσὶ
723 3138 900 3228 τριγώνοις
910 3154 981 3221 τοῖς
990 3149 1099 3211 ΑΒΓ.

157 3321 199 3372 τι.
220 3314 260 3369 v²
279 3317 326 3386 (ad
345 3319 500 3389 p.14‚1⁷).
571 3323 612 3372 18.
632 3317 671 3373 v1
690 3317 736 3388 (ad
754 3336 782 3388 p.
799 3323 840 3382 ιε,
856 3317 890 3386 ι).
964 3323 1006 3372 19.
1026 3318 1074 3374 V&

75 3429 301 3442 -...---—

27 3478 120 3578 ι
149 3493 178 3546 3.
197 3487 273 3564 τοῦ]
291 3485 372 3563 (αλλ.)
391 3501 407 3543 ε
428 3498 500 3540 eon.
513 3479 555 3535 ¹1.
