2362 3796
140 143 146 151 ·
223 138 378 191 sonem
395 140 434 190 m
452 140 727 191 ELEMENTORUM
744 140 884 191 LIBRUM
897 140 919 193 1.
1008 136 1071 201 185

57 279 155 359 ἐντὸς
185 286 255 347 ίσαι
283 281 391 346 δυσίν.
438 281 475 345 αί
501 278 614 345 λοιπαὶ
643 277 707 364 ὀίρα
738 282 775 345 αί
796 277 888 357 ἐκτὸς
910 279 1071 364 τέταρσιν.

57 391 92 455 εί
108 386 147 454 δὲ
164 384 421 474 τετράπλευρον,
441 383 525 451 ὀκτω
546 388 584 451 αί
599 388 715 450 πᾶσαι·
740 383 911 452 διπλάσιαι
925 384 989 471 γὰρ
1003 390 1071 454 τῶν

56 495 223 581 πλευρῶν.
268 483 318 560 ὧν
345 488 440 570 ἐντὸς
466 491 633 576 τέτρασιν·
670 490 726 558 καὶ
754 488 847 568 ἐκτὸς
869 489 934 576 ἄρα
957 489 1072 569 ὀίλλαις

57 597 238 678 τοσαύταις
257 606 335 665 ῖσαι.
363 601 394 664 εί
407 595 444 664 δὲ
458 595 719 684 πεντάπλευρον,
740 596 819 664 δέκα
833 594 895 682 μὲν
910 598 946 662 αί
958 600 1072 679 πᾶσαι,

60 707 95 786 ἓξ
118 703 156 772 δὲ
179 707 217 771 αί
238 702 347 789 ἐντός,
375 703 506 791 τέτρασι
535 702 572 770 δὲ
599 706 637 769 αί
657 703 771 770 λοιπαὶ
795 701 895 781 ἐκτός.
940 702 996 768 καὶ
1020 698 1069 767 ἐπ’
1108 729 1126 778 5

60 809 203 899 ὀίπειρον
235 807 360 896 ὁμοίως
390 806 411 896 ἡ
444 808 529 895 αὐτὴ
562 810 716 894 μέθοδος.
773 809 825 876 ἐπὶ
862 807 905 894 δὴ
940 805 1073 885 τούτοις

14 936 22 947 ’
57 915 196 986 αιἰκεῖνα
214 914 424 1001 συνάγωμεν,
448 912 500 983 ὅτι
524 912 581 980 διὰ
599 917 699 981 τοῦτο
718 911 755 982 τὸ
775 918 936 1000 θεώρημα
954 912 991 981 τὸ
1011 910 1072 998 μὲν

59 1021 263 1107 ἰσόπλευρον
290 1026 457 1106 τρίγωνον
485 1016 629 1105 ἑκάστην
660 1024 725 1106 ἔχει
757 1025 886 1106 γωνίαν
917 1024 1073 1106 διμοίρου

59 1127 180 1218 ὀρθῆς·
211 1131 242 1194 εί
258 1125 323 1214 γὰρ
343 1131 381 1194 αί
392 1139 480 1214 τρεῖς
498 1129 593 1193 δυεῖν
613 1124 734 1213 ὀρθαῖς
753 1134 822 1193 ίσαι
841 1127 896 1193 καὶ
915 1122 1072 1211 ἀλλήλαις

56 1231 269 1321 ὑπάρχουσιν
297 1240 382 1318 ἴσαι,
415 1229 528 1318 ἐπειδὴ
556 1229 622 1299 ὑπὸ
650 1230 708 1312 τὰς
736 1240 810 1312 ῖσας
836 1230 979 1320 πλευρὰς
1003 1239 1071 1299 ῖσαι
1093 1257 1126 1306 10

60 1345 182 1428 γωνίαι
212 1342 422 1407 συνεστᾶσιν.
449 1337 504 1405 ,τὸ
534 1337 572 1405 δὲ
600 1339 782 1424 ἰσοσκελές,
815 1336 897 1407 ὅταν
925 1342 981 1427 ἔχη
1010 1337 1072 1425 την

61 1445 146 1536 πρὸς
167 1445 231 1532 τὴν
253 1443 410 1532 κορυφὴν
434 1442 556 1531 ὀρθήν,
579 1444 638 1523 τὰς
660 1443 779 1525 λοιπὰς
796 1444 947 1531 ἡμισείας
966 1443 1073 1532 ὀρθῆς

61 1559 139 1645 ἔχει,
163 1546 238 1620 οἷον
259 1549 298 1619 τὸ
323 1547 605 1638 ημιτετριίγωνον,
628 1549 665 1619 τὸ
690 1551 727 1618 δὲ
751 1549 919 1638 σκαληνὸν
942 1550 979 1618 τὸ
1000 1549 1072 1636 ἡμι-

58 1665 242 1748 τρίγωνον,
271 1653 288 1724 δ
316 1662 443 1742 γίνεται
471 1657 508 1722 ἐν
537 1656 722 1746 ἰσοπλεύρῳ
750 1656 902 1747 τριγώνῳ
926 1657 1073 1723 καθέτου

60 1763 222 1852 ἀχθείσης
240 1760 299 1850 ἀφ’
318 1765 391 1840 οἵας
408 1760 502 1841 τινὸς
519 1766 643 1845 γωνίας
661 1759 727 1828 ὑπὸ
746 1759 808 1847 τὴν
826 1759 1072 1829 ὑποτείνουσαν
1093 1785 1125 1836 15

61 1866 169 1955 αὐτὴν
190 1867 351 1955 πλευράν,
374 1866 437 1955 την
461 1866 522 1953 μὲν
542 1871 607 1953 ἔχει
626 1865 747 1951 ὀρθήν,
770 1865 833 1952 τὴν
851 1866 888 1933 δὲ
905 1872 1072 1953 διμοίρου,

58 1975 132 2065 ἥτις
154 1967 198 2062 ἦν
222 1975 277 2042 καὶ
300 1978 361 2042 τού
386 1972 588 2061 ἰσοπλεύρου
610 1972 789 2058 τριγώνου,
812 1971 875 2058 τὴν
895 1973 932 2040 δὲ
951 1973 1072 2060 λοιπην

58 2082 125 2170 ἄρα
138 2087 264 2172 τρίτον.
293 2085 347 2148 δεῖ
362 2078 427 2168 γὰρ
448 2077 534 2148 εἶναι
554 2080 653 2146 δυσὶν
673 2075 794 2166 ὀρθαῖς
813 2087 887 2158 ῖσας
904 2077 963 2159 τὰς
976 2093 1072 2164 τρεῖς.

57 2193 163 2258 ταῦτα
187 2185 230 2255 ού
252 2187 425 2274 παρέργως
448 2189 716 2272 ἐπισημαίνομαι,
741 2183 813 2253 ἀλλ’
835 2185 880 2265 ὡς
903 2211 1072 2277 προπαρα-

59 2293 264 2376 σκευάζοντα
287 2290 374 2378 ἡμᾶς
396 2290 478 2379 πρὸς
500 2297 562 2360 τοῦ
589 2297 730 2378 Τιμαίου
753 2297 982 2361 διδασκαλίαν.
1090 2316 1125 2365 20

392 2489 448 2552 Ad
471 2511 573 2573 prop.
597 2488 747 2555 xxxnl.

130 2613 204 2679 115.
243 2610 288 2678 Τὸ
317 2609 372 2695 λγ’
396 2608 556 2695 θεώρημα
585 2610 769 2696 σύμπτωμα
797 2613 897 2697 λέγον
924 2616 993 2680 των
1023 2616 1072 2679 δε-

61 2715 217 2800 δομέυωυ
251 2714 473 2804 παραλλήλων
509 2711 654 2782 εὐθειῶν
693 2718 826 2800 γένεσιν
866 2724 1072 2804 παραλληλο-

59 2818 219 2908 γράμμου
237 2820 401 2908 σχήματος
415 2829 601 2906 λεληθυῖαν
615 2823 838 2905 παραδίδωσι·
861 2826 988 2904 γίνεται
1006 2820 1071 2909 γὰρ

58 2925 409 3015 παραλληλόγραμμον
432 2930 468 2994 ἔκ
491 2952 525 2994 τε
553 2930 622 2992 τῶν
650 2927 682 3005 έξ
711 2926 815 3012 ἀρχῆς
843 2933 927 2994 ίσων
953 2927 1008 2994 καὶ
1036 2930 1072 2994 ἐκ
1090 2951 1125 3002 25

56 3037 129 3101 τοῖν
147 3034 267 3113 ταύτας
287 3035 576 3118 ἐπιζευγνυουσῶν
595 3031 651 3098 καὶ
667 3031 895 3117 δεικνυμένων
915 3032 1073 3114 ὡσαύτως

132 3198 191 3248 115.
210 3191 325 3281 wfq).

54 3293 274 3307 *¹-

132 3341 156 3388 6.
178 3331 242 3403 ἐπί]
263 3326 329 3386 έπεί
344 3332 374 3386 Ρ.
438 3337 463 3386 9.
484 3327 597 3402 ὀρθαῖς]
618 3327 711 3399 ὀρθαί
724 3332 754 3387 P.
820 3335 862 3387 16.
882 3326 950 3404 ἄρ’]
970 3327 1024 3387 ἀπ’
1039 3332 1070 3388 Ρ.

93 3400 171 3476 ὑπό]
196 3404 236 3458 sic
256 3401 343 3457 etiam
362 3401 437 3471 apud
455 3401 586 3455 Proclum
604 3421 631 3472 p.
651 3408 717 3472 383,
736 3408 783 3469 233
813 3418 865 3458 sor.
886 3398 940 3459 ἐπί.
1027 3409 1070 3459 16.

55 3476 204 3547 διμοίρους
222 3474 253 3528 Ρ.
327 3477 369 3527 25.
389 3471 468 3544 ίσωυ]
489 3471 553 3544 Vq,
571 3472 657 3534 scrib.
676 3473 744 3531 ἴσων
763 3493 796 3532 τε
814 3473 868 3531 καὶ
884 3469 1095 3545 mmm.
