2362 3796
214 151 371 239 SOHOLLI
388 154 427 204 IN
446 154 722 207 ELEMENTORUM
740 156 879 208 LIBRUM
892 159 939 211 XI.
1013 156 1078 220 613

319 365 376 428 Ad
398 386 503 450 prop.
525 365 668 430 XXXIII
692 369 824 433 coroll.

130 488 184 554 45.
219 484 326 554 Τοῦτό
346 487 415 554 ἐστι
432 485 471 555 τὸ
488 491 551 556 τοῦ
566 488 750 570 Πλάτωνος
768 489 959 578 πρόβλημα,
977 489 1077 578 ἡνίκα

63 588 123 658 τὸν
143 593 179 659 ἐν
194 590 298 683 Δήλῳ
313 591 429 680 βωμὸν
442 593 550 679 κύβον
566 592 647 663 ὕντα
662 597 833 685 προέκειτο
851 596 1077 666 διπλασιάσαι.

392 863 449 929 Ad
472 887 581 951 prop„
598 865 748 932 XXXIV.

129 986 182 1050 46.
212 979 300 1050 Ἐπεὶ
314 983 377 1070 γὰρ
391 985 432 1053 τὰ
448 988 500 1054 ἐπὶ
515 994 599 1055 ίσων
613 987 746 1074 βάσεων
760 987 876 1072 στερεά
890 993 1077 1076 παραλληλ·
1114 1011 1131 1059 5

64 1093 203 1156 επίπεδα
233 1091 289 1156 καὶ
316 1087 382 1157 ὕπὸ
413 1089 451 1160 τδ
481 1090 562 1160 αὐτὸ
593 1092 679 1174 ὕψος
708 1102 764 1161 ἴσα
792 1091 948 1180 ἀλλήλοις
975 1095 1077 1178 ἐστίν,

62 1195 117 1261 καὶ
140 1193 180 1261 τά
200 1196 253 1263 ἐπὶ
272 1204 356 1265 ίσυν
374 1196 507 1283 βάσεων
524 1209 663 1267 τοιαῦτα
683 1199 833 1286 σχήματα
851 1196 918 1266 ὑπὸ
936 1196 974 1266 τὸ
995 1196 1077 1266 αὐτὸ

62 1297 149 1381 ὕψος
172 1305 268 1388 είσίν,
291 1313 325 1371 εἴ
343 1330 381 1390 νε
405 1313 462 1372 ίσα
485 1309 580 1373 είσίν.
627 1309 657 1373 εί
679 1304 744 1392 γάρ
769 1313 825 1373 ἴσα
848 1307 909 1393 μέν
933 1309 998 1372 είσι
1021 1304 1078 1372 καὶ
1119 1351 1124 1371 .

63 1407 115 1473 ἐπὶ
144 1415 226 1476 ίσων
253 1409 401 1497 βάσεων,
433 1409 499 1480 ὑπὸ
530 1411 567 1479 δὲ
594 1409 632 1480 τὸ
661 1409 742 1480 αὐτὸ
771 1412 859 1493 ὕψος
887 1409 950 1478 οὕκ
979 1414 1077 1495 είσίν,

63 1511 267 1602 αὐξηθέντος
302 1521 365 1587 τοῦ
403 1517 512 1599 ὕψους
547 1523 609 1586 τοῦ
645 1519 978 1607 παραλληλεπιπέδου
1014 1517 1076 1584 τοῦ
1097 1541 1131 1590 10

64 1626 198 1707 ἔχοντος
220 1622 258 1691 τὸ
283 1629 420 1692 ἔλαττον
443 1622 530 1705 ὕψος
552 1624 608 1692 καλ
632 1633 708 1692 ίσον
730 1624 909 1711 γεγονότος
930 1625 977 1714 τῷ
998 1619 1078 1700 ὕψει

63 1731 126 1794 τοῦ
145 1729 261 1814 ἑτέρου
274 1730 608 1813 παραλληλεπιπέδου
626 1729 682 1795 καὶ
696 1730 1001 1816 συμπληρωθέντος
1016 1729 1079 1795 τοῦ

65 1834 396 1918 παραλληλεπιπέδου
421 1834 476 1901 καὶ
498 1833 678 1919 γεγονότος
696 1840 846 1921 μείζονος
862 1835 924 1901 τοῦ
943 1837 1079 1920 ἔχοντος

62 1936 99 2007 τὸ
125 1944 261 2007 ἔλαττον
284 1937 371 2019 ὕψος
394 1944 529 2007 ἔσονται
557 1937 596 2006 τά
620 1942 931 2026 παραλληλεπίπεδα
959 1938 1001 2007 τὰ
1024 1939 1079 2007 έπλ

63 2052 146 2113 ίσων
166 2045 297 2130 βάσεων
318 2043 399 2112 ὄντα
421 2046 477 2112 καλ
495 2044 561 2113 ὑπὸ
580 2045 617 2114 τὸ
638 2044 719 2113 αὐτὸ
739 2042 827 2127 ὕψος
841 2052 896 2111 ίσα
910 2042 1076 2131 ἀλληλοις.
1097 2072 1130 2123 15

63 2147 136 2218 ἀλλ’
163 2155 232 2217 ἔστι
254 2151 309 2218 καὶ
333 2149 372 2218 τὸ
396 2155 473 2237 ἔχον
498 2149 696 2219 ἔλαττοντὸ
720 2149 807 2231 ὕψος
828 2147 911 2218 κατά
934 2151 995 2237 μέν
1014 2151 1077 2237 τὴν

61 2252 230 2323 ὑπόθεσιν
254 2264 329 2323 ίσον
352 2259 397 2347 τῷ
421 2257 587 2348 προτέρῳ,
616 2254 698 2324 κατά
725 2256 762 2324 δέ
784 2254 847 2342 τὴν
869 2256 1077 2343 κατασκευὴν

63 2363 199 2428 ἔλαττον
228 2365 289 2429 τοῦ
319 2365 453 2449 ἔχοντος
476 2360 538 2449 τὴν
563 2361 671 2449 αὐτὴν
693 2363 756 2450 μέν
779 2359 869 2454 αὐτῷ
893 2364 1009 2448 βάσιν,
1037 2363 1075 2430 τὸ

63 2465 101 2533 δὲ
123 2467 210 2547 ὕψος
231 2472 357 2554 μείζον’
387 2466 467 2558 ὅπερ
491 2467 627 2537 άτοπον.

327 2718 383 2781 Ad
407 2739 511 2801 prop.
533 2717 659 2782 XXXV
682 2719 815 2783 coroll.
1094 2746 1130 2794 20

129 2841 182 2905 47.
216 2837 372 2924 Ἐδείχθη
396 2838 460 2925 γὰρ
483 2836 504 2924 ἡ
528 2843 596 2906 ΘΚ
617 2839 762 2917 κάθετος
784 2842 824 2927 τῇ
843 2845 927 2905 ΜΝ
944 2841 1076 2931 καθέτῳ

64 2951 136 3028 ίση,
162 2946 286 3023 αἵτινες
308 2944 447 3010 κάθετοι
469 2942 626 3031 ἤχθησαν
650 2941 715 3012 άπὸ
740 2947 808 3011 τῶν
833 2946 1076 3015 έπισταθεισῦν

61 3050 238 3136 μετεώρων
261 3047 406 3118 εὐθειῶν
428 3059 496 3118 τῶν
519 3056 600 3136 ΑΗ,
625 3056 711 3117 ΔΜ.

60 3320 94 3368 47
132 3247 175 3297 45.
195 3243 224 3298 P.
298 3250 341 3301 46.
361 3243 400 3296 V1
419 3243 467 3314 (ad
485 3262 513 3315 p.
530 3249 590 3311 106,
610 3250 705 3314 21sq.,
724 3243 773 3299 cfr.
788 3262 815 3315 p.
832 3250 883 3299 ιον
901 3246 960 3300 not.
977 3248 1012 3316 1).

98 3355 104 3368 .
124 3333 151 3382 q.

59 3435 273 3442 “—

133 3496 157 3545 8.
178 3489 242 3562 μέν]
265 3509 352 3562 supra
373 3509 424 3548 scr.
444 3491 478 3546 V.
553 3497 595 3547 16.
616 3490 701 3564 ἑήονλ
714 3507 790 3547 pm.
806 3509 847 3547 οι
859 3489 936 3558 λημυ
948 3492 998 3540 W.
