2362 3796
120 142 187 206 670
250 144 406 197 SCHOLIA
424 146 463 196 IN
480 142 757 196 ELFMENTORUM
773 142 920 195 LIBRUM
933 146 1019 200 XIII.

471 339 529 404 Ad
552 362 655 423 prop.
679 338 783 404 XVII.

186 464 238 529 62.
269 459 365 528 ’Ἐστι
394 461 431 528 δὲ
458 462 515 528 καλ
542 461 563 548 ἡ
591 468 659 529 ΦΤ
683 486 715 548 p.
737 464 817 546 318,
842 463 901 545 12]
934 464 1146 550 παραλληλό·

119 593 273 654 γραμμον
287 567 351 652 γάρ
363 569 431 634 ἐστι
444 565 483 634 τὸ
494 574 638 634 ΡΣΦΤ
647 570 784 654 χωρίον,
797 568 865 633 τῶν
876 564 919 634 δὲ
934 577 1143 657 παραλληλο·

118 672 282 757 μροέμμων
297 679 431 758 χωρίων
450 675 488 739 αί
505 670 708 741 ἀπεναντίον
727 677 848 758 γωνίαι
866 698 904 741 τε
924 675 988 742 καὶ
1009 675 1144 765 πλευραί

83 786 188 852 ςῖσαι
216 775 374 865 ἀλλήλαις
401 783 502 846 εἰσίν·
539 775 625 845 ὥστε
654 786 709 862 ἴση
739 777 829 845 ἐστὶν
858 774 879 864 ἡ
905 786 982 846 ΣΡ
1009 792 1057 872 τῇ
1084 790 1143 851 ΦΤ.

118 887 217 969 διπλῆ
238 882 469 970 δὲὴΣΡτῆς
490 889 564 949 ΟΡ·
589 887 692 969 διπλῆ
712 883 778 971 ἄρα
796 882 852 949 καὶ
870 879 892 968 ἡ
912 891 989 951 ΦΤ
1007 890 1073 974 τῆς
1088 893 1142 954 ΟΡ.

118 997 172 1074 ἴση
203 988 240 1056 δὲ
267 986 438 1058 ὑπόκειται
465 990 486 1076 ἡ
519 996 583 1057 ΟΡ
610 993 651 1077 τῇ
679 996 758 1055 ΡΤ·
796 991 896 1074 διπλῆ
929 987 1005 1076 ἄρα
1037 990 1061 1081 ἡ
1090 999 1145 1061 ΦΤ

116 1100 174 1180 τῆς
197 1103 270 1163 ΡΤ.

184 1204 235 1268 63.
259 1200 398 1287 Ὁμοίως
414 1200 451 1268 δῖ
472 1199 686 1287 δειχθήσεται
705 1202 826 1286 p.318‚
842 1201 899 1282 15]
924 1204 1141 1292 δειχθήσεται

67 1333 98 1380 10
118 1307 154 1373 δὲ
179 1307 314 1393 ἑκατέρα
338 1317 406 1374 τῶν
430 1312 510 1391 ΒΧ,
534 1312 601 1374 ΧΓ
625 1314 680 1391 ἴση
708 1306 845 1395 ἑκατέρα
870 1309 946 1392 τῶν
972 1315 1062 1398 ΒΤ,
1088 1317 1141 1378 ΤΦ

118 1411 237 1493 οὕτως·
261 1411 515 1498 ἐπεζεύχθωσαν
533 1409 600 1481 ἀπὸ
623 1415 692 1480 τῶν
707 1420 746 1497 Β,
761 1417 793 1479 Γ
812 1417 966 1498 σημείων
991 1418 1052 1485 ἐπὶ
1069 1415 1105 1486 τὸ
1120 1423 1143 1482 Τ

117 1522 154 1585 αί
169 1525 243 1603 ΒΤ,
263 1525 337 1586 ΓΤ.
383 1518 440 1585 καὶ
463 1518 532 1585 ἐπεὶ
556 1515 577 1604 ἡ
601 1526 670 1585 ΠΘ
692 1517 798 1601 ἄκρον
821 1518 877 1584 καὶ
901 1522 1021 1604 μέσον
1045 1524 1139 1610 λόγον

114 1626 269 1711 τέτμηται
291 1622 374 1690 κατὰ
395 1622 434 1693 τὸ
452 1632 489 1711 Τ,
513 1625 569 1691 καὶ
592 1623 630 1692 τὸ
650 1630 762 1710 μεῖζον
780 1623 893 1711 τμῆμά
915 1628 994 1695 ἐστι
1012 1628 1054 1697 τὸ
1069 1635 1139 1712 ΠΤ,

115 1729 155 1797 τὰ
183 1729 249 1818 ἄρα
277 1727 341 1798 ἀπὸ
370 1735 438 1799 τῶν
464 1737 548 1815 ΠΘ,
572 1737 641 1797 ΘΤ
668 1728 938 1826 τριτλοίσιατοῦ
970 1732 1043 1804 ἀπὸ
1069 1740 1139 1804 ΠΤ.

64 1835 134 1922 15η
161 1836 198 1904 δὲ
221 1844 289 1904 ΗΘ
313 1837 448 1926 ἑκατέρη
470 1839 539 1903 τῶν
563 1841 636 1920 ΒΘ,
660 1843 727 1904 ΘΓ
745 1844 800 1922 ἴση
824 1837 933 1920 ἐστίν,
958 1839 984 1926 ἡ
1013 1842 1054 1910 δὲ
1077 1847 1142 1911 ΠΤ

114 1947 153 2030 τῇ
186 1950 260 2010 ΤΧ·
302 1941 342 2010 τὰ
370 1941 435 2026 ἄρα
464 1941 530 2010 ἀπὸ
558 1946 627 2009 τῶν
657 1948 734 2027 ΒΘ,
762 1949 830 2009 ΘΤ
859 1946 1053 2031 τριπλάσια
1086 1952 1138 2017 τοῦ
1179 1951 1181 2050 χ

115 2046 179 2117 ἀπὸ
203 2056 271 2117 ΤΧ.
309 2050 432 2136 ἱμοίως
454 2049 510 2115 καὶ
532 2046 572 2116 τὰ
597 2046 663 2116 ἀπὸ
684 2051 752 2116 τῶν
771 2054 843 2134 ΓΘ,
861 2056 890 2115 Θ
905 2055 935 2114 Τ
955 2058 1139 2139 τριπλάσια
1178 2057 1181 2124 λ

114 2160 175 2224 τοῦ
209 2154 272 2223 ἀπὸ
307 2162 376 2222 ΤΧ.
432 2153 517 2221 ἀλλὰ
548 2153 588 2221 τὰ
617 2151 684 2223 ἀπὸ
711 2158 779 2223 τῶν
802 2161 879 2239 ΒΘ,
903 2161 976 2222 ΘΤ
1007 2169 1072 2229 ἴσα
1099 2166 1137 2253 τῷ

114 2258 178 2328 ἀπὸ
203 2267 285 2327 ΒΤ·
324 2260 447 2347 ὁμοίως
474 2261 531 2327 καὶ
558 2259 597 2327 τὰ
621 2259 686 2328 ἆττὸ
711 2265 779 2329 τῶν
802 2267 880 2346 ΓΘ,
905 2269 978 2329 ΘΤ
1007 2275 1071 2335 ἴσα
1100 2271 1138 2357 τῷ

62 2392 96 2438 20
115 2363 179 2431 ἀπὸ
194 2371 267 2432 ΓΤ.
304 2364 341 2431 τὸ
362 2364 427 2452 ἄρα
442 2364 506 2432 ἆπὸ
520 2369 579 2451 τῆς
595 2373 664 2433 ΒΤ
677 2366 875 2455 τριπλάσιον
894 2370 958 2434 τοῦ
974 2367 1048 2440 ἀπὸ
1070 2381 1138 2441 TX·

114 2467 237 2554 ὁμοίως
259 2470 315 2536 καὶ
338 2469 374 2537 τὸ
399 2469 463 2537 ἀπὸ
488 2475 546 2556 τῆς
569 2478 639 2538 ΓΤ
656 2472 855 2559 τριπλάσιον
878 2476 939 2540 τοῦ
965 2474 1039 2546 ολττό
1072 2488 1138 2549 ΤΧ.

113 2573 152 2643 τὰ
176 2573 241 2662 ἄρα
265 2573 330 2644 ἀπὸ
353 2581 421 2644 τῶν
444 2583 520 2660 ΒΤ,
547 2584 615 2643 ΤΧ
638 2578 862 2661 τετραπλάσια
884 2582 947 2646 τοῦ
972 2580 1045 2652 ἀπὸ
1072 2594 1138 2656 ΤΧ,

113 2678 198 2748 ἀλλὰ
216 2697 286 2762 τοῖς
305 2682 370 2751 ἀπὸ
384 2687 452 2750 τῶν
466 2689 540 2769 ΒΤ,
560 2689 627 2748 ΤΧ
642 2691 718 2752 ἴσον
732 2684 770 2752 τὸ
785 2681 850 2751 ἀπὸ
866 2691 943 2751 ΒΧ·
970 2685 1140 2772 ὡσαύτως

112 2787 168 2854 καὶ
191 2802 260 2869 τοῖς
283 2788 348 2856 ἀπὸ
373 2793 439 2856 τῶν
463 2796 536 2873 ΓΤ,
561 2796 627 2856 ΤΧ
647 2800 723 2858 ἴσον
745 2788 782 2858 τὸ
808 2785 875 2857 ἀπὸ
895 2796 968 2859 ΓΧ.
1006 2796 1052 2865 τὸ
1074 2799 1138 2884 ἄρα
1180 2853 1181 2860 ,

60 2919 94 2968 25
114 2893 173 2980 ἀφ’
196 2897 348 2983 ἑκατέρας
365 2899 434 2963 τῶν
452 2903 528 2979 ΒΧ,
542 2902 609 2963 ΓΧ
627 2894 869 2983 τετραπλάσιον
887 2900 949 2963 τοῦ
971 2898 1044 2971 ἀπὸ
1071 2912 1137 2973 ΤΧ.
1180 2887 1181 2890 ¹

114 3006 212 3087 διπλῆ
236 3001 302 3086 ἄρα
326 3002 462 3088 ἑκατέρα
480 3005 548 3068 τοῖν
563 3008 637 3087 ΒΧ,
652 3009 719 3069 ΓΧ
732 3005 792 3087 τῆς
811 3008 884 3069 ΧΤ.
921 3000 1011 3074 ἀλλὰ
1034 3008 1111 3098 'IX
1116 3018 1141 3078 T

220 3219 225 3230 .
318 3177 347 3231 ².
420 3184 463 3232 63.
483 3176 528 3230 V¹.
