2362 3796
99 138 166 203 364
238 139 396 191 SCHOLIA
413 140 452 191 m
469 136 745 191 ammom!
762 136 900 189 LIBRUM
911 136 974 190 m

98 284 191 347 τοῦῖ
214 274 235 366 ἢ
254 276 273 346 ὁ
293 284 315 364 7
332 282 423 346 τοῦῖ
446 268 581 365 ἢτοῦξ
599 276 643 346 οὐ
664 279 793 363 λέγεται
815 278 951 357 ἕκαστος
970 276 1118 345 ἑκάστου

98 387 209 471 μέρος,
232 382 318 451 om&
340 385 433 471 μέρῃ.
479 384 535 451 καί
559 382 579 452 δ
601 384 664 469 μὲν
684 374 713 470 ᾖ
735 387 797 452 τοῦ
820 388 841 457 ξ
861 384 991 469 λέγεται
1015 384 1118 472 μέρος

98 492 154 559 καὶ
177 494 391 578 καταμετρῶν
414 486 532 575 αὐτόν,
556 487 574 558 ὁ
594 489 632 558 δὲ
650 495 670 561 ξ
691 494 753 558 τοῦ
772 490 835 558 δάο
853 488 1116 569 πολλαπλάσιος·

100 604 168 665 ἔστι
196 596 260 686 γάρ
291 594 398 665 αι’ντοῦ
425 596 621 681 τριπλάσιος
648 592 693 676 ὥς
714 594 1027 683 καταμετροάμενος
1048 592 1113 665 ὑπὸ

64 708 161 780 ατοῦ
185 703 258 772 δάο.

465 793 521 859 Ad
544 793 633 858 deff.
656 794 747 878 6sq.

168 921 196 983 7.
234 919 278 983 Οί
299 915 535 1004 Πυθαγόρειοι
562 912 623 983 τὸν
651 911 802 1003 άριθμὸν
831 908 976 1004 διῄρουν
1004 922 1056 997 είς
1080 941 1113 984 τε

99 1022 220 1107 άρτιον
247 1022 302 1090 καὶ
331 1021 492 1109 περισσὸν
519 1021 575 1088 καὶ
602 1023 665 1089 τὸν
692 1017 810 1107 ἄρτιον
837 1029 886 1102 είς
907 1047 942 1089 τε
965 1020 1115 1109 ἀρτιάκις

99 1126 217 1213 άρτιον
250 1129 305 1195 καὶ
336 1133 384 1207 είς
413 1125 671 1213 άρτιοπερισσὸν
702 1126 759 1193 καὶ
786 1130 834 1206 είς
863 1125 1112 1216 περισσάρτιον,

48 1261 81 1309 10
99 1234 155 1300 καὶ
178 1237 238 1300 τὸν
261 1234 323 1319 μὲν
347 1232 499 1317 άρτιάιιις
517 1231 636 1318 άρτιον
655 1237 772 1318 ἔλεγον
789 1235 852 1300 τὸν
870 1229 948 1321 άχρι
965 1230 1115 1321 μονάδος

101 1341 178 1425 δίχα
201 1338 453 1426 διαιρούμενον,
476 1338 538 1408 τὸν
562 1339 601 1406 δὲ
623 1336 881 1427 άρτιοπερισσὸν
904 1337 965 1407 τὸν
986 1336 1117 1418 εὐθέως

99 1447 181 1531 μετὰ
209 1441 271 1531 τὴν
298 1446 435 1531 πράτῃν
463 1448 660 1533 διχοτομίαν
687 1442 931 1533 άδιαίρετον”
909 1470 1008 1531 οντα,
1041 1438 1118 1512 οἷον

99 1555 161 1621 τὸν
194 1553 273 1619 δέκα
302 1554 389 1630 εἰς’
373 1576 389 1618 ε
415 1551 520 1618 καὶε.
565 1549 802 1639 περισσάρτιον
830 1549 869 1618 δὲ
895 1552 958 1620 τὸν
979 1554 1117 1630 πλείους

101 1657 205 1746 τομάς
233 1654 522 1744 ἐπιδεχόμενον*
498 1684 545 1736 ως
571 1655 633 1725 τὸν
656 1664 699 1743 ιβ.
744 1655 848 1725 πάλιν
874 1658 937 1726 τοῦ
959 1659 1118 1786 περιττοῦ

50 1791 82 1839 15
100 1766 162 1834 τὸν
185 1765 247 1891 μὲν
270 1767 405 1851 πρῶτον
428 1762 488 1831 τὸν
507 1760 573 1831 ὑπὸ
594 1763 742 1851 μονάδος
760 1762 869 1849 μόνον
883 1763 1118 1892 μετρούμενον

101 1868 220 1951 άςτόν
237 1874 324 1958 τρία,
346 1859 449 1955 τὸνζ,
471 1866 532 1936 τὸν
552 1867 590 1935 δὲ
608 1866 819 1937 σύνθετον(
796 1895 842 1948 ως
858 1866 920 1936 τὸν
936 1878 974 1955 θ,
997 1866 1060 1937 τὸν
1079 1894 1119 1937 ιε.

102 1982 218 2063 ελεγον
241 1968 395 2054 οὖντοῖς
418 1972 521 2062 μὲν”
499 1994 617 2062 αρρεσι
634 1983 729 2054 θεοῖς
746 1972 826 2053 τούς
843 1977 1018 2061 περιττοὺς
1037 1972 1118 2043 άνα-

102 2092 236 2150 κεῖσθαι
256 2080 425 2170 ἀριθμοὺς
439 2079 547 2148 διὰτὸ
563 2078 757 2168 άδιαίρετον
770 2081 826 2147 καὶ
839 2078 902 2166 τὴν
916 2084 964 2159 είς
977 2078 1120 2161 ἑαυτοὺς

103 2187 255 2273 στροφὴν
282 2188 338 2254 καὶ
367 2186 477 2274 μονὴν
504 2187 560 2254 καὶ
587 2191 649 2254 τοῦ
679 2189 834 2274 περιττοῦ
861 2183 942 2266 τούς
963 2186 1120 2276 πρώτους

50 2319 83 2367 20
102 2291 271 2379 άριθμοὺς
296 2305 368 2372 τοῖς
394 2294 676 2381 μοναδικιοτέροις
702 2294 758 2360 καὶ
786 2297 833 2372 είς
861 2293 1001 2372 ἑαυτοὺς
1023 2312 1118 2381 στρε·

102 2399 278 2484 φομένοις,
310 2397 390 2478 τοὺς
422 2399 460 2465 δὲ
490 2400 677 2478 συνθέτους
703 2412 773 2479 τοῖς
794 2400 1033 2486 γονιμωτέροις
1061 2398 1119 2466 καὶ

102 2502 271 2589 ἀφεστῶσι
298 2508 360 2571 τοῦ
388 2502 422 2571 α’
446 2508 576 2590 μᾶλλον
602 2505 659 2572 καὶ
680 2504 968 2594 προοδιιιατέροις.
1013 2503 1120 2573 πάλιν

102 2610 161 2678 τὸν
186 2608 302 2698 άρτιον
326 2609 475 2698 ἀριθμὸν
498 2625 569 2692 ταῖς
591 2616 744 2697 θηλείαις
765 2614 834 2679 τῶν
856 2619 950 2679 θεῶν
973 2609 1031 2677 διά
1054 2609 1119 2698 τὴν

103 2720 268 2803 διαίρεσιν
292 2717 348 2786 καὶ
370 2716 434 2804 τὴν
456 2717 620 2804 πρόοδον,
642 2716 766 2785 τούτου
785 2717 823 2785 δὲ
840 2719 902 2785 τὸν
924 2715 987 2804 μὲν
1005 2714 1118 2805 άρτιο-

50 2848 83 2896 νο
104 2823 263 2909 περισσὸν
291 2837 363 2905 ταῖς
390 2821 625 2911 άρρενοποιοῑς
651 2833 763 2909 θεαῖς,
792 2822 852 2909 άς,
879 2826 912 2891 εί
937 2821 1048 2909 τύχοι,
1075 2826 1117 2910 τῇ

103 2934 263 3019 δεσποίνῃ
283 2934 322 3018 τῇ
337 2926 465 3019 Ἀθῃνᾷ
484 2925 505 3015 ἢ
523 2932 564 3018 τῇ
585 2932 745 3017 δεσποίνῃ
758 2926 878 3018 Ἑκάτῃ
896 2924 919 3016 ἢ
935 2925 1120 3016 Ἀρτέμιδι·

102 3036 269 3122 πάρθενοι
296 3040 361 3124 γὰρ
389 3028 488 3104 αὗται
515 3035 570 3103 καὶ
595 3032 657 3104 οὐκ
685 3034 737 3103 ἐπὶ
765 3033 852 3104 πολὺ
877 3037 940 3122 ’τὴν
967 3035 1120 3122 πρόοδον

175 3237 199 3286 7.
219 3232 241 3285 Ρ
260 3232 326 3286 ante
345 3230 456 3285 initium
475 3230 541 3284 libri
558 3228 611 3284 VII
630 3230 659 3283 in
677 3231 768 3286 textu.

29 3410 56 3451 θ’
175 3411 198 3460 7.
223 3402 458 3494 ΠυθαμάριοιΡ.
551 3412 591 3462 17.
617 3402 791 3476 άρρεσινΡ,
816 3424 884 3462 corr.
904 3424 940 3463 m.
963 3413 985 3460 l.
1073 3410 1120 3462 18.

101 3470 269 3548 ἑαυτούς]
253 3478 365 3532 εαντάν
385 3479 423 3532 P?
