2362 3796
182 164 184 169 ·
217 149 374 200 seHOLIA
390 150 429 200 IN
447 149 722 200 ELEMENTORUM
739 149 878 201 LIBRUM
892 151 924 202 X.
1011 146 1076 210 529

64 297 150 373 ΑΛ,
174 297 256 373 ΑΒ,
284 279 334 356 ev
356 286 393 355 τὸ
419 288 471 367 εις
492 284 558 355 διὸ
581 290 649 355 ισι
671 294 756 372 ΑΛ,
783 294 847 354 ΑΒ
872 285 985 372 μειςόι
1008 287 1077 353 ἐστι

64 400 126 463 τοῦ
154 395 206 473 δὶς
232 391 299 461 ὑπὸ
327 397 396 461 τών
420 398 534 478 ΑΓΒ,
566 394 716 460 τουτέστι
744 391 782 461 τὸ
811 391 896 472 ἅπαξ
919 390 984 460 ὑπὸ
1008 397 1077 460 τών

65 505 240 589 ΑΔ,ΔΒ
267 503 329 566 τοῦ
356 499 442 578 ἅπαξ
469 494 534 566 ὑπὸ
559 501 627 566 τών
650 502 729 582 ΑΓ,
751 504 822 565 ΓΒ.
868 497 987 566 λοιπὸν
1010 496 1076 582 άρα

64 606 104 674 τά
128 604 192 675 άπὸ
215 609 285 674 τών
307 611 392 689 ΑΔ,
416 611 483 672 ΛΒ
510 607 579 671 τών
606 600 672 671 άπὸ
699 607 767 672 τῶν
792 608 871 689 ΑΓ,
894 610 956 672 ΓΒ
984 603 1075 672 ἐλάσ-

65 713 149 782 σονά
174 714 274 780 ἐστιν.
1112 735 1129 783 5

132 823 206 894 271.
239 815 284 884 Ἡ
297 815 457 901 πρότασις
473 819 535 884 τοῦ
554 815 722 903 λήμματος
739 815 853 885 τοιάδε
867 813 910 883 άν
925 823 989 902 είη·
1014 813 1074 882 έδιν

64 923 183 993 εὐθεῖα
212 921 346 1011 γραμμή
379 920 487 1001 άλλως
519 923 575 989 καὶ
602 919 710 1001 άλλως
741 924 854 1009 τμηθή
886 925 933 1000 είς
963 920 1075 1006 άνισα,

63 1029 143 1099 καθ’
169 1026 213 1117 ἢν
241 1026 350 1115 τομήν
376 1027 531 1115 ὑπερέχει
557 1025 595 1096 τὸ
624 1034 736 1114 μεῖζον
763 1031 875 1114 τμήμα
901 1031 962 1095 τοῦ
992 1028 1075 1094 κατὰ

63 1135 126 1223 τήν
145 1137 261 1220 ἑτέραν
279 1133 386 1221 τομήν
405 1139 556 1221 μείζονος
574 1132 752 1220 τμήματος,
773 1131 814 1201 τά
834 1130 898 1201 άπὸ
913 1144 982 1201 τών
1000 1131 1073 1200 κατ’

64 1245 196 1329 ἐκείνην
218 1241 408 1328 γινομένων
431 1241 610 1327 τμημάτων
633 1240 825 1326 τετράγωνα
848 1239 981 1326 μείζονά
1005 1240 1074 1306 ἐστι
1093 1263 1128 1312 10

63 1350 131 1416 τών
154 1346 373 1435 τετραγώνων
397 1349 466 1415 τών
488 1343 781 1432 ἀναγραφομένων
810 1343 876 1412 άπὸ
900 1349 969 1413 τών
990 1345 1074 1412 κατά

63 1451 125 1537 τήν
149 1454 264 1539 ἑτέραν
286 1451 393 1540 τομήν
416 1454 606 1540 γινομένων
629 1453 817 1539 τμημάτων.

130 1562 205 1627 272.
231 1557 340 1626 Ἔστω
365 1553 426 1642 ὅλη
450 1557 471 1642 ή
493 1566 557 1624 ΑΒ
580 1555 744 1636 δεκάπους
761 1555 817 1624 καὶ
835 1557 1010 1643 τετμήσθω
1030 1555 1075 1637 ὡς

64 1662 150 1732 εἶναι
172 1664 235 1751 τήν
258 1663 321 1749 μὲν
343 1665 414 1729 ΑΓ
431 1659 611 1747 ὀκτάπουν,
634 1661 698 1749 τήν
721 1661 759 1730 δὲ
776 1666 843 1730 ΒΓ
862 1665 994 1748 δίπουν,
1018 1664 1074 1731 καὶ

63 1775 111 1838 ἔτι
133 1769 196 1856 τήν
214 1777 285 1837 ΑΔ
307 1767 513 1855 τετράπουν,
528 1767 672 1848 ἑξάπουν
697 1767 735 1835 δὲ
756 1764 819 1854 τήν
838 1775 914 1836 ΛΒ.
950 1768 990 1835 τά
1011 1762 1074 1837 οὖν
1095 1793 1128 1843 15

62 1874 128 1944 άπὸ
156 1879 215 1962 τῆς
243 1871 429 1952 ὀκτάποδος
454 1873 511 1941 καὶ
538 1870 603 1942 άπὸ
630 1876 698 1964 τήςΙ
717 1877 857 1953 δίποδος
883 1876 1074 1961 τετράγωνα

62 1983 197 2068 μείζονά
225 1981 295 2049 ἐστι
321 1983 390 2048 τών
418 1976 483 2047 άπὸ
511 1981 569 2063 τής
596 1977 758 2061 ἕξάποδος
788 1980 844 2047 καὶ
872 1980 1075 2065 τετράποδος

62 2086 293 2176 τετραγώνων·
318 2083 358 2152 τά
381 2082 447 2169 γάρ
471 2082 603 2163 ὀκτάκις
627 2081 791 2153 ὀκτώκαὶ
816 2086 868 2165 δὶς
891 2086 965 2172 δύο,
989 2087 1074 2170 άπερ

63 2195 153 2262 ἐστὶν
177 2182 232 2278 ξη,
264 2189 398 2277 μείζονά
422 2190 491 2258 έστι
517 2193 586 2259 τών
614 2190 722 2273 ἑξάκις
742 2195 764 2260 ἓ
790 2192 846 2259 καὶ
868 2192 1019 2280 τετράκις
1042 2181 1074 2271 δ,

62 2297 146 2383 άπερ
170 2297 239 2365 ἐστὶ
259 2301 291 2365 ν.
1092 2325 1128 2374 20

129 2408 204 2472 273.
237 2400 371 2487 Ἰστέον,
390 2399 441 2470 ὅτι
460 2400 505 2481 ὡς
524 2403 561 2470 ἕν
575 2429 607 2470 τι
623 2401 785 2490 λαμβάνει
800 2409 924 2493 χωρίον
938 2404 976 2474 τὸ
997 2425 1073 2491 συγ-

61 2514 216 2595 κείμενον
240 2509 292 2588 δὶς
314 2506 379 2576 ὑπὸ
403 2512 471 2577 τών
490 2514 565 2595 ΑΓ,
580 2514 641 2576 ΓΒ
656 2511 720 2576 καὶ
743 2507 809 2577 άπὸ
833 2513 903 2578 τών
920 2507 985 2579 άπὸ
1004 2521 1073 2579 τών

63 2620 141 2700 ΑΓ,
166 2621 226 2682 ΓΒ
253 2612 487 2704 τετραγώνων,
516 2612 639 2700 ὁμοίως
666 2613 708 2702 δὴ
730 2615 833 2683 πάλιν
858 2614 902 2695 ὡς
925 2618 962 2684 ἕν
984 2644 1015 2684 τι
1033 2615 1071 2685 τὸ

62 2725 282 2806 συγκείμενον
310 2720 362 2798 δὶς
391 2718 457 2788 ὑπὸ
486 2723 544 2806 τής
566 2728 638 2787 ΑΛ
664 2721 719 2787 καὶ
743 2727 810 2788 ΑΒ
837 2722 892 2788 καὶ
915 2720 980 2789 άπὸ
1002 2725 1071 2789 τῶν

10 2905 11 2908 ¹
61 2822 127 2893 άπὸ
146 2829 214 2893 τών
228 2834 260 2892 Α
266 2834 309 2910 Δ,
324 2834 357 2892 Δ
362 2834 390 2892 Β
408 2826 636 2912 τετραγώνων.
672 2826 728 2894 καὶ
747 2825 816 2893 ἐπεὶ
835 2824 1072 2912 συναμφότερα
1090 2852 1130 2900 τε

60 2930 100 3001 τὰ
125 2932 176 3010 δὶς
199 2928 265 2999 ὑπὸ
289 2935 357 2999 τών
377 2937 452 3016 ΑΓ,
471 2938 532 2999 ΓΒ
555 2929 884 3017 παραλληλόγραμμα
905 2930 1072 3016 μετὰτῶν

60 3036 126 3105 άπὸ
150 3040 219 3105 τών
242 3047 274 3104 Α
281 3042 320 3123 Γ,
344 3043 404 3105 ΓΒ
431 3035 650 3124 τετραγώνων
679 3046 734 3104 ίσα
762 3036 830 3105 ἐστὶ
857 3040 902 3127 τῷ
925 3034 991 3105 άπὸ
1013 3041 1074 3124 τής

132 3238 193 3287 ιιι.
212 3251 233 3288 r.
307 3236 367 3286 τιν.
386 3249 413 3300 q.
486 3237 546 3288 ατε.
566 3230 662 3301 τιν’).

132 3415 174 3463 20.
192 3409 222 3489 ν]
242 3425 295 3462 ser.
314 3397 357 3481 ν’β.
438 3413 481 3463 22.
501 3409 543 3471 δίς
575 3407 674 3463 debuit
693 3405 726 3464 έιι
744 3410 794 3465 τοῦ
813 3411 870 3478 δίς,
890 3411 939 3465 sed
957 3410 1073 3489 emn'me

59 3477 256 3548 neglegemus
274 3479 407 3548 loquitur.
481 3473 538 3534 άπό
571 3480 676 3552 <ptine
692 3481 798 3537 δυὀώκ
811 3475 866 3545 ἓν,
887 3479 1081 3532 &Ambu-

108 3577 256 3629 Eumaea,
273 3579 322 3623 edd,
337 3579 443 3634 Heiberg
460 3584 484 3624 ee
495 3581 596 3635 Menge.
615 3583 651 3624 v.
910 3566 958 3612 Ἃ
