2362 3796
224 159 380 212 scflom
397 158 437 212 ια
454 103 729 212 τοταοωαοτυα
745 161 885 212 LIBRUM
897 161 931 212 x,
1018 157 1083 222 505

71 301 127 369 καὶ
145 301 250 387 μέσον
267 298 494 386 περιεχούσας,
514 302 686 367 δείκνυσιν
705 301 741 367 ἐκ
758 301 820 367 τοῦ
837 289 933 378 τάςδ
950 297 1084 381 εὐθείας

73 404 262 492 ἀναλόγους
284 403 428 490 άγεσθαι
450 403 510 483 τάς
528 414 570 490 Α,
592 413 636 490 Δ,
660 412 700 491 Β,
723 411 762 490 Γ,
785 405 901 473 καὶτὸ
925 403 991 474 ὑπὸ
1014 410 1083 473 τῶν

72 521 120 598 Α,
143 518 176 579 Γ
198 520 274 580 ἴσον
297 515 498 579 δείκνυσθαι
520 514 566 602 τῷ
589 508 656 578 ὑπὸ
684 514 751 578 τόν
775 519 823 596 Δ,
845 517 891 595 Β,
919 512 1021 599 μέσον
1046 512 1083 579 δὲ

73 622 110 687 τὸ
143 616 210 686 ὑπὸ
242 628 310 686 των
333 626 381 700 Α,
404 621 447 703 Γ,
480 615 566 684 διότι
599 616 695 704 ῥηταὶ
721 613 914 686 ὑπόκεινται
943 616 1083 704 δυνάμει

74 724 181 811 μόνον
205 723 401 810 σύμμετροι,
433 727 492 790 καί
513 725 581 792 ἐστι
609 722 647 790 τὸ
675 719 732 790 ὑπ’
759 720 870 791 αὐτῶν
893 725 1009 810 μέσον·
1045 722 1083 791 τὸ
1119 745 1136 795 5

73 831 138 920 γὰρ
153 827 219 899 ὑπὸ
239 830 350 916 ῥητῶν
369 832 509 916 δυνάμει
528 827 636 915 μόνον
651 829 848 917 συμμέτρων
862 830 965 916 μέσον
980 831 1084 897 ἐστίν·

74 939 177 1023 μέσον
200 934 266 1025 ἄρα
287 934 404 1004 καὶτὸ
428 932 494 1004 ὑπὸ
517 937 585 1002 τῶν
609 944 653 1019 A,
672 944 714 1004 Β·
742 936 823 1022 ὅπερ
847 939 914 1004 ἔδει
938 937 1052 1016 δεῖξαι.

406 1133 464 1198 Ad
486 1133 624 1198 lemma
647 1156 678 1216 p.
702 1133 754 1198 80.

143 1258 215 1323 198.
234 1251 373 1323 Ἕστω
359 1280 377 1322 ο
393 1261 459 1322 ΑΒ
475 1253 682 1341 μονάδων
651 1277 695 1340 ις,
714 1282 732 1323 ο
720 1251 787 1322 ’δὲ
801 1260 861 1322 ΓΒ
880 1247 1082 1342 μονάδωνδ

74 1358 235 1440 λοιπὸς”
212 1386 279 1445 αρα
301 1359 319 1428 5
344 1366 405 1428 ΓΑ
433 1363 501 1429 ἐστι
525 1359 726 1490 μονάδων
709 1362 799 1429 ικαὶ
822 1367 851 1446 β.
898 1359 1085 1446 τμηθέντος
1103 1387 1137 1436 10

75 1465 112 1533 55
134 1491 196 1534 του
181 1470 271 1534 ΓΑ
294 1468 371 1553 δίχα
389 1476 450 1533 τοῦ
469 1474 504 1552 ιβ
526 1492 609 1534 κατα
621 1492 659 1535 το
677 1476 710 1534 A
732 1472 864 1535 ἔσονται
879 1469 915 1534 οἱ
926 1473 998 1552 ΓΔ
1014 1476 1047 1534 A
1055 1475 1084 1534 A

74 1570 142 1639 άνὰ
175 1571 334 1658 μονάδων
366 1577 392 1643 5.
444 1577 512 1639 ἔστι
545 1570 629 1641 55
614 1599 632 1640 ο
666 1575 702 1641 ἐκ
733 1599 801 1641 των
829 1581 897 1641 ΑΒ
927 1574 984 1641 καὶ
1011 1578 1083 1656 ΒΓ,

74 1679 246 1747 τουτέστιν
271 1675 289 1745 5
312 1674 379 1746 άπὸ
400 1682 468 1745 τῶν
493 1683 526 1750 ἴς
548 1670 649 1746 καδδ
628 1671 829 1764 δ,ξκαδδ·
852 1678 1001 1765 τετράκις
1018 1678 1082 1764 γὰρ

73 1782 114 1849 τά
133 1807 164 1856 ις
139 1785 231 1864 ξδ.
269 1811 287 1852 ο
275 1782 378 1852 ’δὲ’
360 1786 424 1853 από
439 1809 501 1852 του
486 1788 579 1852 ΓΔ
601 1796 662 1852 τοῦ
680 1790 701 1856 5
723 1785 930 1873 τετράγωνός
949 1786 1017 1852 ἐστι
1031 1787 1084 1853 λς

74 1888 239 1971 ἑξάκις
204 1917 268 1976 γαρ
292 1891 332 1957 τά
356 1895 376 1961 5'
398 1895 445 1961 55.
492 1886 532 1956 τά
556 1882 619 1957 οὖν
642 1892 678 1958 έκ
700 1894 768 1958 τῶν
791 1899 857 1958 ΑΒ
880 1895 949 1958 τῶν
971 1894 1005 1961 55
1027 1890 1083 1956 καὶ
1103 1915 1136 1964 15

73 2001 140 2064 ΒΓ
157 1988 286 2081 τῶνδ,
313 1994 397 2125 άπερ
422 1997 512 2064 ἐστὶν
537 1997 576 2076 ξδ
581 2046 591 2079 ,
619 1993 699 2082 μετὰ
722 2001 783 2064 τοῦ
806 1997 911 2082 λς,“
891 2024 928 2076 ος
951 1993 1082 2064 ἐστινὸ

73 2105 109 2171 ἐκ
131 2108 189 2190 τῆς
207 2109 239 2171 Γ
237 2111 271 2169 A
292 2101 510 2188 τετράγωνος,
532 2100 573 2169 τά
597 2095 660 2170 οὖν
680 2106 719 2183 ξδ
741 2103 796 2170 καὶ
815 2109 855 2174 λς
878 2104 1084 2184 συντεθέντα

74 2206 275 2276 ἀποτελοῦσι
305 2205 365 2275 τὸν
393 2235 412 2296 ρ
444 2208 609 2297 άρνθμόν,
646 2205 684 2288 ὃς
711 2213 731 2294 5
762 2208 972 2296 τετράγωνός
1004 2212 1082 2296 ἐστι,

73 2312 200 2400 πλευρά
223 2313 262 2381 δέ
285 2311 391 2381 αὐτοῦ
414 2316 505 2382 ἐστιν
529 2310 546 2382 5
571 2313 753 2403 ῐάριθμός
775 2313 849 2400 ἤτοι
871 2312 889 2382 5
909 2323 990 2383 BA·
1015 2322 1083 2384 ἔστι

74 2416 138 2504 γὰρ
162 2415 180 2486 5
205 2423 271 2486 ΒΓ
289 2419 449 2506 μονάδων
472 2412 508 2505 δ,
533 2417 550 2488 5
576 2421 614 2489 55
631 2425 693 2488 ΓΔ
717 2421 877 2508 μονάδων
901 2427 929 2495 ξ.
975 2419 993 2490 5
1018 2421 1083 2509 ἄρα
1101 2447 1137 2496 20

75 2523 200 2591 ἐκτῶν
219 2533 296 2611 ΑΒ,
314 2532 382 2593 ΒΓ
400 2527 475 2612 ἤτοι
498 2518 579 2607 555
596 2526 676 2613 μετὰ
699 2530 759 2595 τοῦ
778 2524 843 2596 άπὸ
861 2527 1084 2656 559PA5509

74 2631 136 2695 τοῦ
155 2634 194 2701 λξ
218 2637 289 2710 ἴσος
312 2631 380 2700 ἐστὶ
403 2635 449 2722 τῷ
472 2630 537 2699 άπὸ
559 2637 618 2717 τῆς
635 2631 747 2699 BA'
725 2660 800 2718 ητοι
821 2638 868 2724 τῷ
887 2634 1083 2725 τετραγώνῳ

74 2737 120 2823 τῷ
149 2731 214 2802 άπὸ
243 2741 302 2820 τῆς
324 2736 439 2804 BA''
420 2764 493 2805 οντι
522 2737 724 2824 μουαδων
705 2764 733 2825 ρ
780 2736 832 2806 ότι
862 2739 899 2806 δὲ
926 2738 1019 2806 ταδ’
1006 2766 1023 2807 ο
1048 2742 1083 2806 ἐκ

74 2865 143 2906 των
166 2848 243 2925 ΑΒ,
262 2840 403 2955 ΒΓ,“ος
422 2839 554 2910 ἐστινὸ
574 2846 623 2926 ξδ,
646 2842 851 2928 τετράγωνός
866 2848 945 2927 ἐστι,
965 2847 1084 2928 δῆλον

76 2950 145 3012 ε’στι
166 2972 232 3033 γαρ
256 2949 361 3014 αὐτοῦ
384 2924 510 3030 πλευρὰ
534 2973 574 3015 τα
597 2969 632 3033 5
660 2944 791 3027 ὀκτάκις
812 2947 877 3037 γὰρ
900 2947 940 3015 τά
964 2959 985 3034 5
1010 2952 1136 3030 ξδοτ

144 3056 216 3120 199.
246 3049 317 3120 Οὐκ
331 3049 384 3120 άεὶ
397 3051 600 3140 τετράγωνοι
613 3053 832 3140 τετραγῶνοις
848 3056 1083 3181 συντιθέμενοι
1134 3058 1136 3062 ”

73 3157 304 3244 τετραγώνους
326 3162 498 3243 ποιοῦσιν,
527 3157 610 3226 άλλά
635 3162 797 3226 δύνανται
820 3158 937 3227 καὶ
898 3188 942 3247 μη
965 3175 1084 3230 ποιεῖν.

147 3307 204 3355 198.
225 3299 265 3352 V
270 3298 368 3370 ρον)
443 3305 501 3354 199
521 3301 551 3352 Β

146 3430 171 3477 2.
187 3424 259 3506 τῶν]
279 3423 377 3490 τῇςΒ.
434 3430 458 3478 3.
478 3424 546 3495 τῶν]
565 3425 663 3494 τῆςΒ.
720 3430 762 3481 22.
783 3427 932 3498 ἴσοςῙέσον
951 3426 990 3480 V
1041 3433 1094 3477 ἐει

72 3489 120 3564 τά]
141 3492 342 3564 (prius)15V.
