2362 3796
226 137 382 190 scfloffl
399 140 438 190 ια
456 141 731 194 Ειυνυανοιιυιι
747 144 886 196 LIBRUM
899 147 934 200 11.
1021 143 1086 207 223

71 276 203 363 λέγεται
225 273 291 345 ὐπδ
317 276 380 346 δύο
403 281 472 346 τῶν
495 280 556 365 τὴν
581 278 692 366 ὀρθὴν
715 289 843 367 γωνίαν
861 290 1087 371 περιεχουσῶν

71 379 233 466 εὐθειῶν]
262 380 319 450 διὰ
342 389 378 450 τί
396 383 568 472 τεσσάρων
598 383 711 454 οὐσῶν
734 385 880 457 εὐθειῶν
907 393 975 458 τῶν
997 418 1086 480 περι-

71 491 225 576 εχουσοὸν
247 486 285 556 τδ
308 490 659 579 παραλληλόγραμμον
684 494 746 560 δύο
770 493 876 580 μόνας
895 495 1085 583 ὠνόμασεν;

73 598 113 664 αλ
128 593 193 683 γὰρ
211 593 275 681 τὴν
295 591 408 683 ὀρθὴν
421 602 550 682 γωνίαν
568 599 782 685 περιέχουσαι
796 600 859 668 δύο
874 600 974 687 μόναι
990 605 1057 669 είσί
1081 625 1087 638 ·

72 705 142 770 ἔδει
175 691 238 768 οὐν
270 696 291 786 ἢ
324 699 390 770 ὐπὸ
422 713 493 771 τῶν
522 703 582 784 τὰς
610 702 719 791 ὀρθὰς
749 709 855 773 εἰπεῖν
882 707 938 774 καὶ
965 706 1123 792 έδήλουσ

72 809 193 893 πάσας,
211 802 232 893 ἢ
247 810 403 895 φανερῶς
417 811 524 876 εἰπεῖν
537 806 603 877 ὑπὸ
617 810 789 898 τεσσάρων
804 809 958 881 εὐθειῶν.
980 816 1089 893 καλῶς

71 914 130 982 καὶ
153 917 374 999 στοιχειωδῶς
397 920 537 1001 εἴρηται·
574 914 612 983 τὸ
635 916 700 1002 γὰρ
724 919 847 1004 μέλλον
870 921 1028 1005 λέγεσθαι
1052 923 1088 988 έν

71 1032 144 1099 τοῖς
166 1018 363 1107 θεωρήμασι
386 1020 605 1107 προδιδάσκει
628 1020 726 1108 ἡμᾶς,
751 1021 796 1103 ὡς
819 1033 941 1093 είωθεν
964 1029 1001 1094 έν
1019 1039 1089 1105 τοῖς

73 1123 169 1210 ὅροις
191 1124 244 1192 ἀεὶ
266 1139 388 1211 ποιεῖν,
411 1129 469 1193 ἵνα
492 1125 537 1213 μὴ
562 1129 600 1195 ἐν
622 1141 693 1208 τοῖς
710 1128 825 1209 τόποις
848 1131 1089 1218 παραιτώμεθα
1139 1156 1143 1163 ·

75 1229 156 1319 παρ’
180 1229 352 1318 ὑπόληψιν
376 1229 556 1313 ἀκούοντές
582 1259 658 1302 τινα
687 1233 826 1323 ῥήματα.
873 1238 1001 1322 λέγεται
1024 1237 1088 1324 γὰρ
1109 1257 1142 1307 10

73 1339 113 1406 ἐν
135 1340 181 1429 τῷ
206 1343 357 1428 στοιχείῳ
376 1338 483 1428 τούτῳ
502 1342 637 1426 πρῶτον
655 1341 711 1407 καὶ
731 1339 865 1410 οὐδέπω
885 1345 1004 1429 ῥηθέν·
1031 1342 1089 1412 ἐὰν

76 1439 195 1512 εὐθεῖα
222 1442 356 1530 γραμμὴ
385 1447 514 1532 τμηθῇ,
548 1442 593 1524 ὡς
620 1450 728 1532 ἔτυχε,
760 1446 798 1514 τὸ
832 1444 896 1514 ιἰπδ
925 1452 983 1532 της
1011 1447 1090 1533 ὅλης

79 1548 289 1635 τετράγωνον
309 1558 384 1618 ἴσον
404 1551 473 1617 ἐστὶ
491 1554 537 1641 τῷ
557 1575 592 1617 τε
610 1548 675 1618 ὑπὸ
696 1554 753 1636 τῆς
767 1550 846 1636 ὅλης
859 1553 915 1619 καὶ
934 1555 1090 1638 ἑκατέρου

76 1658 148 1723 των
173 1658 352 1744 τμημάτων
380 1656 604 1744 περιεχομένῳ
636 1652 820 1746 ὐρθογωνίχ
864 1659 926 1742 [Ι1,
950 1664 998 1741 2]·
1034 1660 1090 1725 καὶ

74 1767 112 1829 τί
131 1762 192 1848 μέν
215 1764 284 1830 ἐστι
303 1760 340 1829 τὸ
364 1759 430 1830 ἀπὸ
454 1764 513 1847 τῆς
537 1764 697 1847 δοθείσης
720 1759 855 1840 εὐθείας
872 1762 1090 1851 τετράγωνον,
1111 1785 1143 1834 15

73 1865 142 1955 ἤδη
167 1874 315 1956 ἔγνωμεν
338 1867 422 1955 πρὸς
443 1871 489 1959 τῷ
514 1868 600 1935 τέλει
622 1870 684 1934 τοῦ
708 1868 743 1933 α’
767 1873 934 1953 στοιχείου
958 1871 998 1954 [1,
1021 1873 1090 1955 46],

75 1974 134 2043 καὶ
156 1978 222 2043 νῦν
246 1974 284 2042 δὲ
307 1978 425 2060 δῆλον·
462 1970 515 2041 ἀεὶ
537 1972 603 2060 γὰρ
625 1971 663 2041 τὸ
688 1970 754 2041 ὐπὸ
777 1973 988 2061 τετραγώνου
1012 1973 1091 2043 ὐνα-

79 2079 216 2169 γραφὴν
231 2084 338 2166 δηλοῖ.
357 2078 394 2148 τὸ
410 2082 524 2167 μέντοι
538 2077 604 2147 ὐπὸ
620 2077 751 2147 οὐδέπω
767 2081 920 2167 οὐδαμοῦ
936 2080 1091 2167 ἐγνώσθη

77 2189 234 2256 τοιοῦτόν
252 2212 284 2253 τι
303 2185 358 2254 ὅν·
381 2184 435 2253 ἀεὶ
453 2185 520 2273 γὰρ
539 2212 577 2253 το
597 2184 663 2253 ὑπὸ
683 2189 785 2271 τῆσδε
807 2186 863 2253 καὶ
884 2191 986 2273 τῆσδε
1003 2213 1091 2272 περι-

78 2293 240 2382 εχόμενον
254 2291 604 2379 παραλληλόγραμμον
624 2296 729 2378 δηλοῖ.
766 2288 831 2360 αὐέν
846 2292 907 2379 μέν
923 2302 991 2361 ἴσαι
1007 2285 1091 2362 οὸσιν
1111 2314 1145 2363 20

79 2403 117 2468 αί
139 2400 202 2468 δύο
226 2396 358 2468 εὐθεῖαι
365 2449 375 2484 ,
404 2403 580 2485 συμβαίνει
603 2397 641 2467 τὸ
664 2397 1013 2487 παραλληλόγραμμον
1035 2401 1092 2468 καὶ

81 2505 291 2591 τετράγωνον
322 2503 424 2589 εἶναι,
457 2500 501 2572 ὅν
525 2504 563 2572 δὲ
585 2503 714 2590 ὅνισοι,
743 2505 1091 2593 παραλληλόγραμμον

82 2609 283 2697 ἑτερόμηκδς·
327 2608 416 2697 πλὴν
439 2607 523 2677 ἄλλα
547 2606 611 2677 κὸν
637 2610 848 2697 τετράγωνον
876 2607 957 2678 αὐτὸ
981 2614 1091 2699 συμβῇ

83 2716 254 2804 γενέσθαι,
278 2715 339 2804 οὐχ
361 2715 407 2796 ’ὥς
429 2716 639 2804 τετράγωνον
664 2717 854 2784 διδάσκεται
878 2713 993 2801 οὕτως,
1017 2712 1090 2782 ἀλλ’

84 2820 130 2901 ὡς
153 2820 510 2910 παραλληλόγραμμον.
546 2821 674 2901 εὐθέως
696 2825 781 2906 γοῦν
799 2820 837 2888 τὸ
855 2819 921 2888 ὑπὸ
940 2825 998 2906 τῆς
1015 2820 1093 2906 ὅλης
1111 2839 1145 2890 25

83 2927 140 2995 καὶ
159 2927 316 3013 ἑκατέρου
329 2931 397 2995 τῶν
410 2928 590 3016 τμημάτων
605 2925 759 2996 οὐδέποτ’
776 2921 820 2995 δν
834 2927 965 3012 γίνοιτο
982 2924 1092 3013 τετρί-

82 3060 197 3121 γωνον
221 3030 350 3100 ὐνίσων
372 3033 500 3102 τούτων
525 3033 644 3102 ὅντων.

154 3200 179 3249 4.
199 3190 233 3247 αλ
245 3189 311 3264 γάρ]
331 3187 374 3248 ὅτι
388 3189 441 3248 δύο
457 3191 490 3248 αί
501 3215 529 3264 μ,
548 3193 633 3259 falso3
652 3189 730 3254 λύσις
749 3191 822 3246 enim
837 3191 873 3246 ab
887 3191 936 3245 lin.
950 3197 965 3245 6
981 3191 1094 3245 demum

81 3265 191 3336 incipit.
279 3270 321 3319 12.
346 3258 450 3319 εὐθεῖα
469 3259 594 3334 γραμμή]
615 3259 818 3334 εὐθύγραμμον
837 3263 892 3333 Ε’μ.
979 3268 1021 3318 17.
1044 3261 1095 3317 καὶ

82 3337 136 3391 υύν
155 3334 187 3390 δὲ
208 3335 307 3407 δῆλον]
327 3353 380 3390 om.
401 3354 427 3405 μ.
505 3331 678 3404 ἀπογραφήν
697 3355 724 3404 μ.
803 3339 844 3388 18.
864 3329 976 3388 οὐδέπω
996 3365 1029 3374 -
1050 3339 1093 3390 19.

83 3403 131 3493 ὅγ]
151 3407 240 3548 nime
256 3403 362 3475 ἄδηλον
378 3399 412 3460 ὅν
428 3403 469 3460 ἔτι
483 3403 669 3475 προδιδάσκει
683 3401 757 3475 ἡμᾶς
771 3400 809 3468 ὡς
824 3400 855 3460 έν
870 3399 946 3476 ὅροις
964 3425 990 3475 μ.
1049 3410 1097 3459 24.

82 3496 172 3540 ουτως
205 3492 258 3532 om.
279 3496 306 3546 μ.
