2362 3796
225 162 381 214 SCHOLIA
399 163 438 213 IN
455 161 730 213 ELEMENTORUM
747 162 886 212 LIBRUM
899 162 946 212 XI.
1019 158 1086 224 599

71 303 142 370 ἐστὶ
160 303 198 369 τὸ
217 307 325 369 ΑΕΓ.
361 300 463 367 πάλιν
487 300 556 367 ἐπεὶ
574 299 611 367 τὸ
627 307 655 367 Β
673 301 813 386 κέντρον
829 300 897 366 ἐστὶ
911 304 971 367 τοῦ
987 308 1086 367 ΑΕΖ

71 407 214 492 κύκλου,
243 405 299 474 διὰ
327 404 365 474 δὲ
389 409 450 473 τοῦ
474 413 502 473 Β
531 404 649 474 εύθεῖύ
672 433 722 485 τις
748 397 845 493 ἦκται
872 403 893 491 ἡ
918 414 1037 491 ΑΒΔ,
1064 405 1085 493 ἡ

75 521 182 581 ΑΒΔ
205 511 271 601 ἄρα
295 512 470 599 διάμετρός
489 513 557 579 ἐστι
576 516 638 580 τοῦ
657 519 757 579 ΑΕΖ
780 511 912 581 κύκλου.
951 515 1086 600 ἐδείχθη

582 618 619 687 δὲ
650 619 706 686 καὶ
737 617 758 705 ἡ
784 625 886 686 ΑΒΓ
911 618 1087 706 διάμετρος

579 734 641 792 τοῦ
654 723 759 792 αὐτοῦ
773 731 874 792 ΑΕΖ
887 724 1026 793 κύκλου·
1045 723 1085 793 τὰ
1123 751 1141 800 ε

507 885 542 945 Γ
581 831 702 899 (11τοῦ
726 828 831 898 αὐτοῦ
859 831 985 899 κύκλου
1013 829 1086 918 ἡμι-
1146 923 1152 931 .

326 950 512 1084 Δ
579 937 697 1004 κύκλια
725 946 781 1004 ἴσα
804 935 962 1023 ἀλλήλοις
984 941 1086 1006 ἐστίν·

79 1047 117 1106 Δ
580 1051 656 1111 ἴσον
674 1042 741 1132 ἄρα
760 1042 829 1111 ἐστὶ
843 1043 880 1111 τὸ
897 1050 999 1111 ΑΕΓ
1013 1041 1087 1130 ἡμι-

578 1148 716 1217 κύκλιον
726 1153 771 1241 τῷ
782 1157 879 1216 ΑΕΔ
890 1147 1086 1240 ἡμικυκλίῳ,

578 1253 616 1323 τὸ
632 1261 768 1324 ἔλαττον
782 1260 828 1349 τῷ
844 1261 981 1342 μείζονι·
1006 1253 1086 1345 ὅπερ
1107 1281 1141 1330 1ο

579 1362 669 1430 ἐστὶν
701 1360 881 1430 ἀδύνατον.
926 1359 988 1429 ούκ
1020 1359 1088 1447 ἄρα

580 1467 644 1536 δύο
668 1469 814 1536 εὐθειῶν
838 1466 956 1535 κοινὸν
977 1470 1088 1554 τμῆμά

73 1573 156 1638 ἐστι·
189 1573 337 1663 διάφορα
359 1574 434 1661 ἄρα.
478 1575 534 1642 καὶ
563 1572 620 1641 διὰ
646 1578 746 1642 τοῦτο
770 1571 850 1642 οὐδὲ
874 1572 1022 1641 δυνατὸν
1046 1577 1086 1662 τῇ

73 1681 303 1767 πεπερασμένη
324 1678 441 1769 εὐθείᾳ
460 1682 595 1759 εὐθείας
612 1678 694 1747 κατὰ
713 1679 750 1748 τὸ
772 1679 906 1766 συνεχὲς
924 1681 1086 1765 ἐκβαλεῖν,

72 1781 147 1849 ἄλλ’
165 1781 314 1868 εὐθεῖαν,
335 1782 389 1852 διὰ
403 1783 441 1852 τὸ
458 1788 647 1871 δειχθῆναι,
662 1785 713 1852 ὅτι
729 1782 791 1852 δύο
807 1782 953 1852 εὐθειῶν
967 1783 1086 1854 κοινὸν
1107 1807 1140 1856 11

72 1899 185 1974 τμῆμα
209 1887 270 1956 οὐκ
294 1894 394 1959 ἔστιν.

144 1999 193 2064 18.
231 1993 293 2062 Ἕν
320 2015 387 2063 τισι
415 1992 496 2064 οὐδὲ
529 1993 615 2074 ὅλας
646 1992 783 2080 εύρηται
813 1995 943 2083 γραφὲν
974 1998 1086 2081 τοῦτο,

73 2100 158 2169 ἀλλὰ
180 2099 217 2168 τὸ
242 2099 356 2186 ἐπειδὴ
380 2098 440 2169 ἐὰν
462 2103 588 2193 κέντρῳ
612 2104 657 2193 τῷ
677 2108 710 2167 Α
731 2101 787 2168 καὶ
811 2100 1008 2188 διαστήματι
1030 2101 1086 2169 καὶ

71 2205 113 2273 τὰ
137 2207 211 2292 ἑξῆς
233 2205 310 2293 ἄχρι
332 2210 393 2274 τοῦ
416 2207 702 2294 συμπεράσματος,
726 2209 764 2274 ἐν
787 2206 902 2287 ἄλλοις
925 2207 963 2275 δὲ
985 2211 1085 2276 τοῦτο

71 2311 134 2397 μὲν
157 2314 349 2399 γέγραπται,
373 2317 490 2381 λεί...
616 2314 629 2374 ,⁹
856 2358 858 2363 ,
1105 2335 1142 2386 νο

459 2509 516 2575 Ad
538 2533 642 2596 prop.
665 2508 707 2574 II.

141 2633 192 2698 19.
233 2629 277 2698 Τὸ
301 2629 521 2718 προκείμενόν
545 2633 613 2699 ἐστι
638 2633 742 2711 δεῖξαι
766 2629 825 2709 τὰς
843 2629 1030 2714 τεμνούσας
1049 2631 1085 2698 ἐν

143 2824 204 2894 Fig.
224 2837 277 2880 om.
298 2825 379 2880 codd.
454 2831 495 2880 18.
514 2823 558 2878 13².
634 2829 674 2878 19.
693 2823 852 2892 BV⁰vV⁸q
866 2826 877 2894 (
891 2826 912 2893 ).

144 3006 169 3054 2.
194 2999 230 3070 B]
252 3000 369 3068 κέντρου
395 3015 485 3069 comp.
503 2998 537 3053 V.
633 3005 658 3054 ὅ.
682 2994 787 3070 αὐτοῦ]
811 3017 865 3055 om.
884 2998 968 3055 PVv.
1059 3005 1085 3054 7.

75 3066 165 3141 ἐστίν]
184 3087 239 3124 om.
257 3070 291 3125 V.
364 3075 388 3125 8.
409 3067 484 3140 ε’στί]
504 3087 558 3125 om.
577 3070 611 3124 V.
685 3070 928 3140 9.ΑΕΔ]ΑΖΓ
942 3069 977 3126 V.
1043 3075 1085 3125 10.

73 3139 202 3210 ἔλαττον]
222 3136 294 3209 ὑπὲρ
314 3141 346 3194 V.
419 3138 450 3196 τὸ
471 3143 567 3225 μεῖζον
586 3139 621 3195 V.
696 3145 737 3196 11.
758 3137 846 3212 ἐστίν]
866 3157 920 3196 om.
939 3139 974 3196 V.
1043 3147 1085 3197 13.

71 3210 202 3282 διάφορα
217 3210 359 3300 ewino]
379 3208 427 3266 διὰ
446 3231 478 3266 το
498 3211 531 3266 V.
591 3212 623 3280 τὴ
659 3206 691 3265 ἐκ
709 3211 743 3266 V.
809 3216 851 3266 14.
870 3210 1086 3282 πεπερασμένης

73 3277 191 3346 εύθείας
209 3282 243 3336 V.
320 3283 440 3344 ενθείας
458 3313 491 3322 -
511 3265 626 3350 συνεχές
658 3297 713 3337 om.
732 3283 765 3339 V.
849 3287 891 3338 15.
918 3283 1085 3369 &etffl'voetJ

71 3354 166 3419 δεῖξαι
184 3348 259 3423 ἡμᾶς
277 3353 310 3409 V.
384 3358 425 3408 16.
445 3351 512 3408 Post
531 3350 606 3408 ἔστιν
625 3352 689 3408 add.
709 3345 756 3408 ὅτε
771 3347 828 3424 ἄρα
842 3353 994 3434 διάμετρος
1005 3302 1085 3408 ἔστιν

70 3419 193 3492 ἡΑΒΓ
213 3424 245 3478 V.
338 3428 381 3477 17.
406 3420 516 3493 γραφὲν
534 3424 636 3495 τοῦτο]
663 3440 772 3495 oompp.
792 3425 918 3480 obscum
937 3424 967 3477 B.
1027 3429 1090 3503 jao.

72 3493 142 3549 Post
155 3495 202 3549 λεί
212 3511 269 3549 una
282 3492 358 3549 linea
372 3511 485 3565 prorsus
499 3493 590 3552 recisa
602 3495 636 3551 in
647 3495 681 3551 Β.
733 3501 784 3553 11.
802 3490 1116 3564 ἔστιχοεοὲύεΨ·
