2362 3796
224 134 382 189 scnom
399 136 438 188 IN
456 137 730 190 ELEMENTORUM
747 138 887 191 LIBRUM
900 140 932 191 V.
1022 135 1086 200 317

71 278 133 347 τοῦ
156 272 220 344 τίν’·
250 273 425 362 γεγόνασι,
453 281 572 362 φησίν,
595 277 651 345 καὶ
674 278 812 345 ἐπὶτῶν
837 276 945 356 ἰσάκις
967 285 1087 345 πολλα-

72 387 236 468 πλασίων,
260 377 305 461 ὥς
328 383 366 450 έν
388 384 435 475 τῷ
456 392 494 449 ἕω
516 383 712 469 θεωρήματι
734 386 796 450 τοῦ
820 379 925 450 αὐτοῦ
946 386 980 450 5⁸
1001 380 1087 453 στοι-

72 494 166 577 γείον
188 492 309 576 φησίν·
345 486 406 557 ἐὰν
433 490 577 575 μέγεθος
599 489 764 574 μεγέθους
787 486 897 567 ίσάκις
923 480 944 578 ᾖ
968 496 1088 557 πολλα-

71 593 228 680 πλάσιον,
252 590 333 678 ὅπερ
351 591 542 680 ἀφαιρεθὲν
560 591 816 680 ἀφαιρεθέντος,
838 592 895 660 καὶ
913 595 951 660 τὸ
968 599 1088 661 λοιπον

72 703 134 769 τοῦ
152 703 274 768 λοιποῦ
293 697 405 775 ίσάκις
422 698 491 766 ἐστὶ
510 697 772 783 πολλαπλάσιον,
795 695 1003 767 ὁσαπλάσιόν
1020 701 1089 767 ἐστι
1126 722 1141 772 5

71 803 110 875 τό
144 805 227 874 ὅλον
258 807 320 872 τοῦ
350 801 442 872 όλον.
486 804 543 871 καὶ
571 802 752 890 γεγόνασιν
782 806 817 872 os
838 803 935 890 λόγοι
957 803 1012 871 καί
1036 803 1089 872 ἐπὶ

71 914 143 981 τόν
156 909 361 997 ἀναλογιῶν,
376 907 423 990 ὡς
436 913 473 980 έν
487 914 533 1002 τῷ
547 909 692 997 παρόντι
705 909 900 998 θεωρήματι
914 910 1089 994 δέδεικται,

73 1015 258 1103 ἀναλογίας
280 1018 388 1104 λέγων
411 1019 561 1086 ἐνταῦθα
583 1015 691 1097 πάσας
713 1017 771 1096 τάς
789 1016 927 1102 σχέσεις,
948 1015 1028 1084 καθ’
1050 1014 1091 1096 ἃς

74 1127 143 1211 ἔχει
160 1125 305 1210 μέγεθος
323 1121 407 1211 πρὸς
424 1123 567 1209 μέγεθος
584 1121 688 1208 λόγον
707 1119 870 1207 όποιονόή
890 1149 965 1191 τινα
983 1119 1005 1209 ἢ
1025 1125 1090 1190 ἐπι-

73 1228 198 1317 μόριον
219 1224 241 1316 ἢ
265 1231 404 1317 ἐπιμερῆ
426 1223 448 1316 ἢ
473 1236 550 1296 ίσον
571 1229 627 1295 καὶ
650 1227 763 1308 ἁπλῶς
781 1232 886 1296 είπεϊν
904 1224 925 1315 ἢ
945 1227 1049 1315 ῥητὸν
1068 1224 1089 1314 ἢ
1111 1255 1143 1304 10

75 1332 234 1422 ἄρρητον,
250 1332 363 1418 ὥσπερ
376 1334 432 1402 καὶ
442 1331 543 1414 αὐτὸς
555 1332 680 1402 κατιὼν
690 1337 791 1421 δηλοῖ
801 1336 923 1420 λέγων·
935 1334 1089 1420 καθάπερ

76 1441 130 1510 ἐπὶ
151 1442 221 1510 τόν
243 1437 409 1528 ἡμιολίων
427 1436 448 1527 ἢ
468 1443 642 1528 ἐπιτρίτων
661 1439 773 1527 λόγων
790 1438 812 1527 ἢ
831 1441 1090 1510 τῶντοιούτων.

75 1547 345 1633 προσκολλητέον
367 1543 431 1633 γάρ
452 1549 499 1636 τῷ
522 1544 593 1613 ἅνω
617 1545 713 1636 κάλω
736 1545 775 1615 τὸ
797 1545 887 1615 κάτω
905 1555 1016 1616 κῶλον
1034 1546 1089 1613 καὶ

75 1648 313 1739 άναγνωστέον
332 1649 451 1733 οὕτως·
469 1653 652 1737 γεγόνασιν
672 1650 709 1719 δέ
724 1654 759 1720 οί
774 1652 871 1736 λόγοι
885 1653 941 1720 καί
955 1652 1008 1720 ἐπὶ
1022 1654 1090 1718 τῶν

70 1757 186 1855 ιίσάκις
203 1762 462 1827 πολλαπλασίων
479 1756 536 1824 καὶ
555 1757 608 1824 ἐπὶ
633 1759 714 1840 [τῶν
733 1753 926 1843 άναλογιοῖν
944 1758 1013 1840 καὶ]
1037 1757 1091 1824 ἐπὶ
1112 1782 1144 1845 ιε

75 1866 146 1934 τῶν
176 1862 341 1951 ἡμιολίων
372 1859 394 1950 ἢ
427 1866 602 1950 ἐπιτρίτων
634 1863 746 1948 λόγων
781 1860 802 1947 ἢ
835 1865 896 1930 τοῦ
926 1861 1092 1931 τοιούτου.

76 1970 182 2058 μέσον
205 1969 243 2039 δὲ
264 1969 396 2039 τούτων
419 1968 704 2059 προσεπεμβάλλει
726 1970 783 2035 καὶ
805 1967 867 2053 τὴν
890 1973 1017 2053 αίτίαν,
1043 1965 1088 2035 δι’

76 2072 121 2163 ἣν
142 2076 227 2160 [κ]αὶ
248 2077 286 2144 έν
305 2087 375 2156 τοῖς
392 2079 654 2154 πολλαπλασίοις
672 2075 728 2142 καὶ
746 2086 894 2160 μερικοῑς
911 2073 1092 2159 γεγόνασιν

78 2185 115 2251 οί
138 2182 250 2267 λόγοι,
286 2183 407 2262 οἵτινες
434 2179 659 2268 εὑρίσκονται,
692 2181 748 2248 καὶ
775 2183 813 2249 έν
834 2194 908 2261 ταῖς
930 2179 1093 2259 καθόλοις

77 2287 222 2375 σχέσεσι,
235 2289 295 2352 καί
306 2304 423 2371 φησιν·
442 2285 523 2356 ὅταν
538 2296 695 2374 εἴπωμεν·
710 2283 770 2355 έάν
784 2291 918 2374 πρῶτον
933 2290 1092 2375 ὃεντέρον
1111 2312 1145 2360 20

79 2389 190 2468 ίσάκις
206 2381 228 2479 ᾖ
246 2391 496 2462 πολλαπλάσιον
513 2393 570 2461 καὶ
587 2399 702 2482 τρίτον
720 2393 890 2482 τετάρτου,
915 2393 1093 2481 δυνάμεθα

81 2498 187 2563 είπείν
209 2496 246 2565 έν
270 2494 385 2578 αὐτοῖς
410 2498 542 2580 τούτοις
567 2501 624 2568 καὶ
650 2500 706 2586 τό,
740 2497 791 2568 ότι
819 2496 865 2579 ὡς
891 2499 929 2568 τὸ
957 2505 1092 2587 πρῶτον

80 2596 165 2688 πρὸς
181 2601 218 2671 τό
238 2602 412 2693 δεύτερον,
435 2603 542 2686 οὕτως
559 2605 597 2674 τὸ
616 2612 730 2695 τρίτον
748 2603 832 2692 πρὸς
849 2632 887 2673 το
907 2605 949 2674 δ’.
982 2604 1093 2675 ἔπειτά

79 2711 227 2795 φη[σιν]·
252 2707 365 2778 οὐκέτι
384 2709 422 2778 δὲ
435 2712 491 2778 καὶ
505 2708 728 2799 ἀποστρέφει.
752 2711 833 2780 οὐδὲ
850 2710 915 2798 γάρ
934 2711 1092 2796 είπόντες,

78 2811 131 2882 ότι
153 2812 199 2895 ὡς
220 2814 258 2883 τὸ
286 2814 320 2882 α’
344 2816 428 2903 πρὸς
449 2814 487 2885 τὸ
507 2820 552 2903 β’,
576 2816 681 2898 οὕτως
698 2820 737 2884 τὸ
754 2816 789 2903 γ’
808 2815 891 2905 πρὸς
908 2816 946 2884 τὸ
967 2816 1013 2903 δ’,
1038 2820 1092 2884 όν·
1112 2837 1146 2886 25

78 2918 214 3005 νάμεθα
241 2919 488 3007 άντιστρέμγαι]
517 2924 572 2990 καὶ
601 2926 721 3009 είπείν,
750 2920 800 2989 ότι
828 2923 884 2989 καὶ
911 2921 944 2990 τό
973 2921 1034 3007 μὲν
1058 2922 1092 2988 α’

78 3027 142 3093 τοῦ
164 3022 201 3111 β’
225 3023 335 3105 ίσάκις
362 3027 431 3095 ἐστὶ
458 3028 725 3112 πολλαπλάσιον,
757 3028 813 3096 καὶ
842 3025 880 3096 τὸ
903 3027 937 3114 γ’
960 3031 1022 3095 τοῦ
1046 3028 1093 3095 δ’·

79 3130 252 3201 ἀδύνατον
267 3129 456 3222 γάρτοῦτο.
483 3133 528 3222 μὴ
543 3132 839 3223 προδιορισάμενοι
855 3130 995 3222 μὲνγὰρ
1010 3135 1094 3221 μηδὲ

79 3237 297 3327 προειπόντες
319 3264 352 3307 τι
374 3237 563 3328 ὡρισμένον
585 3244 653 3310 τεόν
676 3240 760 3326 πρός
782 3267 813 3308 τι
836 3246 1094 3308 πολλαπλασίων

152 3404 177 3454 8.
197 3394 339 3470 ἐνταῦθα]
361 3415 515 3470 suprascr.
535 3419 571 3454 m.
588 3406 602 3453 1
621 3404 642 3456 t.
734 3405 776 3454 29.
803 3399 893 3470 Supra
910 3399 1095 3471 προειπόντες

80 3484 134 3524 sor.
152 3467 417 3539 προνποστήσαντες
435 3471 455 3525 t.
