2362 3796
224 127 380 182 scnom
397 130 436 180 IN
454 126 729 179 ELEMENTORUM
746 127 886 180 LIBRUM
898 127 945 182 IV.
1019 125 1084 189 273

70 274 235 356 πλασίων,
258 266 303 350 ὥς
325 268 443 337 πολλοὶ
466 272 674 355 νομίζουσιν,
696 264 781 334 ἀλλὰ
801 272 921 353 μείζων
939 278 998 355 τῆς
1019 295 1085 353 τρι-

72 382 269 459 πλασίονος,
301 373 461 453 ὡσαύτως
489 374 527 442 δὲ
555 370 600 452 ὡς
628 371 708 440 ούδέ
736 370 754 440 ὅ
777 372 900 453 κύκλος
925 378 987 442 τοῦ
1009 377 1085 462 περὶ

71 481 179 552 αύτδν
197 481 491 570 περιγραφομένου
507 477 676 567 τριγώνου
689 484 765 565 τρία
784 480 930 565 τέταρτα.
958 478 1087 566 εὸρημα

72 589 112 658 δέ
134 593 235 658 τοῦτο
258 588 296 655 τὸ
319 592 453 672 βιβλίον
475 589 543 653 τῶν
567 590 827 671 Πυθαγορείων.
918 629 921 635 ·

142 699 172 764 3.
210 693 349 781 Ἰστέον,
386 691 438 762 ὅτι
469 691 508 759 τὸ
539 691 697 775 τέταρτον
728 696 863 790 βιβλίον
896 690 978 760 ὅλον
1009 715 1087 776 προ·
1124 711 1144 761 ο

73 800 280 889 βληματικόν
304 803 402 869 ἐστιν.

143 913 174 976 4.
211 905 267 976 Ἐν
296 917 342 998 τῳ
370 911 469 996 τρίτῳ
498 909 617 995 βιβλίῳ
643 902 814 990 διαλαβὼν
837 901 855 973 ό
879 903 1091 992 στοιχειωτὴς

75 1015 151 1102 περὶ
188 1017 256 1082 τῶν
294 1015 331 1082 ἐν
367 1011 504 1091 κύκλοις
534 1007 555 1095 ἢ
587 1010 662 1093 περὶ
693 1009 836 1090 κύκλους
866 1013 1091 1098 γραφομένων

77 1118 235 1205 εὐθειῶν,
258 1125 362 1188 τίνων
385 1118 471 1186 εἰσὶν
490 1115 743 1185 άποτελεστικαί
756 1142 791 1184 τε
809 1117 865 1184 καὶ
883 1115 1091 1204 άποδοτικαί,

78 1229 117 1296 ἐν
139 1234 185 1317 τῳ
208 1223 352 1310 παρόντι
374 1227 525 1313 στοιχείῳ
550 1220 583 1289 δ’
603 1219 677 1289 ὅντι
699 1222 774 1307 περὶ
793 1222 971 1310 σχημάτων
990 1217 1092 1305 αὖθις
1112 1240 1146 1291 10

78 1334 147 1401 τῶν
162 1332 424 1418 ἐγγραφομένων
443 1325 779 1416 ἢπεριγραφομένων
794 1329 930 1411 κύκλοις
943 1331 998 1398 καλ
1013 1327 1093 1398 ιἰνά-

78 1445 182 1506 παλιν
201 1436 354 1505 διδάσκει
377 1434 442 1503 άπὸ
466 1445 535 1531 τφν
554 1433 775 1520 ἀτελεστέρων
793 1441 988 1522 προβαίνων
1007 1437 1110 1541 ἕξῆςζέ

80 1546 149 1612 πᾶν
180 1540 245 1629 γὰρ
277 1545 387 1629 σχῆμα
415 1542 448 1621 ἐξ
477 1538 632 1609 εύθειιόν.
677 1537 717 1606 τά
747 1539 809 1607 ὅλα
832 1540 870 1608 δὲ
892 1528 1110 1655 θεωρήματῆ

76 1660 142 1718 τοῦ
165 1650 388 1736 προκειμένου
410 1637 598 1733 βιβλίονῖξ
622 1644 704 1713 ὅντα
728 1652 978 1734 Πυθαγορείων
1000 1642 1110 1733 εὑρά-Ι

82 1780 177 1842 ματα.
214 1754 345 1835 ἐξέδοτο
369 1751 533 1820 δὲταῦτα
558 1748 603 1830 ὡς
625 1751 681 1817 καὶ
703 1748 766 1835 τὴν
790 1748 873 1838 ὅλην
891 1755 1097 1838 γεωμετρίαν

82 1859 194 1951 χρόνῳ
217 1871 469 1946 παραρρυείσαν
492 1854 510 1924 ὅ
535 1856 645 1942 Θόων,
672 1856 757 1924 ὅθεν
779 1858 834 1924 καί
857 1858 1021 1944 γράφεται
1045 1852 1096 1927 ἐπ’

84 1968 197 2035 ἐνίων·
234 1963 410 2034 εύκλείδου
438 1982 539 2050 στοιχ.
563 1961 597 2029 α’
627 1958 647 2049 ἢ
671 1963 706 2049 β’
735 1963 816 2050 φέρε
844 1967 950 2031 εἰπεῖν
977 1964 1014 2032 ἐκ
1041 1971 1100 2048 τῆς

83 2075 217 2151 Θέωνος
246 2069 417 2150 ἐκδόσεως.
468 2068 548 2136 ἑπτδι
578 2070 618 2136 δέ
644 2073 730 2136 είσιν
761 2071 797 2136 οἱ
826 2065 899 2137 ὅλοι
932 2067 1007 2155 ὅροι
1038 2070 1100 2136 τοῦ

85 2175 308 2266 προκειμένου
323 2180 468 2261 βιβλίον,
492 2174 605 2260 οἱμὲν
625 2177 687 2242 δύο
707 2177 743 2242 οἱ
758 2178 895 2262 πρῶτοι,
917 2180 953 2242 τί
973 2177 1043 2245 ἐστι
1060 2171 1099 2242 τδ
1155 2189 1157 2193 ’

88 2287 198 2368 σχῆμα
226 2282 263 2348 ἐν
292 2280 432 2367 σχήματι
461 2277 704 2367 εὐθύγραμμον
728 2279 957 2372 εὐθυγράμμῳ
982 2279 1101 2369 ἐγγρά-
1117 2296 1157 2351 20

89 2396 216 2472 φεσθαι
234 2383 254 2473 ἢ
273 2386 554 2473 περιγράφεσθαι,
579 2386 768 2472 διεξιόντες,
792 2390 827 2454 οί
844 2384 875 2454 δ’
892 2389 1009 2477 ἐφεξῆς
1029 2386 1102 2474 δύο,

89 2498 124 2559 τί
156 2495 193 2560 τὸ
231 2489 475 2579 εὐθύγραμμον
508 2492 750 2579 ἐγγράφεσθαι
775 2488 795 2580 ἢ
832 2495 1102 2584 περιγράφεσθαι

89 2599 214 2689 κύκλῳ,
244 2600 280 2665 οί
300 2597 339 2665 δέ
361 2595 441 2683 μετὰ
465 2596 605 2678 τούτους
633 2598 711 2684 δύο,
739 2603 775 2665 τί
793 2598 831 2667 τὸ
855 2599 980 2668 κύκλον
1003 2599 1103 2668 εὐθυ-

89 2703 229 2792 γράμμῳ
254 2701 483 2790 ἐγγράφεσθαι
507 2699 527 2789 ἢ
552 2705 834 2791 περιγράφεσθαι,
864 2702 883 2773 ὅ
907 2703 938 2772 δ’
960 2706 1104 2792 ἕβδομος

89 2811 145 2877 καὶ
177 2817 378 2894 τελευταῖος,
410 2812 445 2874 τί
468 2807 505 2875 τὸ
535 2805 674 2876 εὐθεῖαν
706 2811 949 2896 ἐναρμόζεσθαι
980 2808 1104 2902 κύκλῳ.
1120 2824 1157 2883 εσ

163 3083 188 3129 3.
207 3069 281 3142 Vbq.
353 3079 378 3130 4.
397 3092 452 3143 ομ.

92 3227 308 3239 ——-—-

165 3329 188 3377 1.
208 3322 241 3393 τῇ
257 3323 430 3390 τριπλασίονι
443 3319 477 3376 V.
533 3327 558 3378 4.
578 3318 623 3395 δέ]
643 3319 679 3391 δή
695 3321 730 3377 V.
785 3327 810 3377 ό.
829 3316 907 3395 ὅλον]
928 3336 982 3378 om.
997 3337 1024 3393 q.
1078 3328 1107 3383 8.

91 3393 162 3464 τῶν]
181 3390 231 3448 τόν
245 3411 271 3446 v.
355 3398 396 3447 12.
416 3389 584 3460 τελεστέρων
602 3412 629 3462 p.
714 3397 755 3447 18.
775 3391 830 3448 είσι
847 3411 876 3464 p.
960 3397 1005 3448 21.
1022 3390 1064 3451 δέ,

129 3470 172 3518 23.
192 3460 236 3535 οί]
255 3460 273 3532 ἡ
292 3482 318 3518 v.
391 3468 434 3518 25.
455 3459 743 3535 ἐφαρμόζεοθαιωυ.
1011 3410 1110 3594 A

144 3561 291 3612 Eucliden,
305 3563 355 3608 odd.
369 3564 476 3618 Ηείλιιες
491 3567 515 3608 ει
530 3566 628 3618 Manno.
651 3567 683 3608 V.
942 3546 988 3594 Ἣ
1019 3530 1025 3537 ⁵
