<?xml version="1.0" encoding="UTF-8"?>
<!DOCTYPE html PUBLIC "-//W3C//DTD XHTML 1.0 Transitional//EN"
    "http://www.w3.org/TR/xhtml1/DTD/xhtml1-transitional.dtd">
<html xmlns="http://www.w3.org/1999/xhtml" xml:lang="en" lang="en">
 <head>
  <title>
</title>
<meta http-equiv="Content-Type" content="text/html;charset=utf-8" />
  <meta name='ocr-system' content='tesseract 3.04.00' />
  <meta name='ocr-capabilities' content='ocr_page ocr_carea ocr_par ocr_line ocrx_word'/>
</head>
<body>
  <div class='ocr_page' id='page_1' title='image "./euclidisoperaom02unkngoog_0601.png"; bbox 0 0 2362 3796; ppageno 0'>
   <div class='ocr_carea' id='block_1_1' title="bbox 98 141 962 212">
    <p class='ocr_par' dir='ltr' id='par_1_1' title="bbox 98 141 962 212">
     <span class='ocr_line' id='line_1_1' title="bbox 98 141 962 212; baseline -0.007 -13"><span class='ocrx_word' id='word_1_1' title='bbox 98 146 167 212; x_wconf 78' lang='grc'><strong><em>484</em></strong></span> <span class='ocrx_word' id='word_1_2' title='bbox 254 145 410 199; x_wconf 68' lang='lat' dir='ltr'>sellom</span> <span class='ocrx_word' id='word_1_3' title='bbox 427 145 467 196; x_wconf 75' lang='lat' dir='ltr'><strong>m</strong></span> <span class='ocrx_word' id='word_1_4' title='bbox 484 142 759 195; x_wconf 68' lang='lat' dir='ltr'><strong>mil-monum</strong></span> <span class='ocrx_word' id='word_1_5' title='bbox 775 141 916 194; x_wconf 76' lang='lat' dir='ltr'>LIBRUM</span> <span class='ocrx_word' id='word_1_6' title='bbox 928 141 962 194; x_wconf 81' lang='lat' dir='ltr'><strong><em>X.</em></strong></span> 
     </span>
    </p>
   </div>
   <div class='ocr_carea' id='block_1_2' title="bbox 101 280 1120 375">
    <p class='ocr_par' dir='ltr' id='par_1_2' title="bbox 101 280 1120 375">
     <span class='ocr_line' id='line_1_2' title="bbox 101 280 1120 375; baseline -0.009 -18"><span class='ocrx_word' id='word_1_7' title='bbox 101 286 294 375; x_wconf 79' lang='grc' dir='ltr'><strong><em>σύμμετροι.</em></strong></span> <span class='ocrx_word' id='word_1_8' title='bbox 338 288 377 352; x_wconf 91' lang='grc' dir='ltr'><strong><em>αί</em></strong></span> <span class='ocrx_word' id='word_1_9' title='bbox 402 282 467 370; x_wconf 88' lang='grc' dir='ltr'><strong><em>γάρ</em></strong></span> <span class='ocrx_word' id='word_1_10' title='bbox 494 282 591 369; x_wconf 80' lang='grc' dir='ltr'><strong><em>μήκει</em></strong></span> <span class='ocrx_word' id='word_1_11' title='bbox 618 280 798 369; x_wconf 85' lang='grc' dir='ltr'><strong><em>σάμμετροι</em></strong></span> <span class='ocrx_word' id='word_1_12' title='bbox 822 281 956 360; x_wconf 76' lang='grc' dir='ltr'><strong><em>πάντως</em></strong></span> <span class='ocrx_word' id='word_1_13' title='bbox 976 281 1035 349; x_wconf 80' lang='grc' dir='ltr'><strong><em>καὶ</em></strong></span> <span class='ocrx_word' id='word_1_14' title='bbox 1059 284 1120 348; x_wconf 85' lang='grc' dir='ltr'><strong><em>δυ-</em></strong></span> 
     </span>
    </p>
   </div>
   <div class='ocr_carea' id='block_1_3' title="bbox 63 385 1119 904">
    <p class='ocr_par' dir='ltr' id='par_1_3' title="bbox 100 385 1119 691">
     <span class='ocr_line' id='line_1_3' title="bbox 100 385 1117 480; baseline -0.007 -20"><span class='ocrx_word' id='word_1_15' title='bbox 100 392 210 480; x_wconf 86' lang='grc' dir='ltr'><strong><em>νάμει,</em></strong></span> <span class='ocrx_word' id='word_1_16' title='bbox 233 394 271 458; x_wconf 85' lang='grc' dir='ltr'><strong><em>αί</em></strong></span> <span class='ocrx_word' id='word_1_17' title='bbox 292 391 330 459; x_wconf 74' lang='grc' dir='ltr'><strong><em>δὲ</em></strong></span> <span class='ocrx_word' id='word_1_18' title='bbox 353 391 494 476; x_wconf 75' lang='grc' dir='ltr'>δυνάμει</span> <span class='ocrx_word' id='word_1_19' title='bbox 518 387 560 457; x_wconf 84' lang='grc' dir='ltr'><strong><em>οὐ</em></strong></span> <span class='ocrx_word' id='word_1_20' title='bbox 582 387 717 468; x_wconf 84' lang='grc' dir='ltr'><strong><em>πάντως</em></strong></span> <span class='ocrx_word' id='word_1_21' title='bbox 738 389 794 457; x_wconf 78' lang='grc' dir='ltr'><strong><em>καὶ</em></strong></span> <span class='ocrx_word' id='word_1_22' title='bbox 813 386 919 474; x_wconf 81' lang='grc' dir='ltr'><strong><em>μήκει.</em></strong></span> <span class='ocrx_word' id='word_1_23' title='bbox 954 385 1036 456; x_wconf 68' lang='grc' dir='ltr'><strong><em>ποτε</em></strong></span> <span class='ocrx_word' id='word_1_24' title='bbox 1054 385 1117 474; x_wconf 76' lang='grc' dir='ltr'><strong><em>μὲν</em></strong></span> 
     </span>
     <span class='ocr_line' id='line_1_4' title="bbox 100 492 1117 586; baseline -0.004 -19"><span class='ocrx_word' id='word_1_25' title='bbox 100 499 165 586; x_wconf 82' lang='grc' dir='ltr'><strong><em>γὰρ</em></strong></span> <span class='ocrx_word' id='word_1_26' title='bbox 194 497 376 584; x_wconf 85' lang='grc' dir='ltr'><strong><em>σύμμετροι</em></strong></span> <span class='ocrx_word' id='word_1_27' title='bbox 404 495 449 575; x_wconf 76' lang='grc' dir='ltr'><strong><em>ὡς</em></strong></span> <span class='ocrx_word' id='word_1_28' title='bbox 477 494 530 562; x_wconf 76' lang='grc' dir='ltr'><strong><em>ἐπὶ</em></strong></span> <span class='ocrx_word' id='word_1_29' title='bbox 557 498 620 563; x_wconf 80' lang='grc' dir='ltr'><strong><em>τοῦ</em></strong></span> <span class='ocrx_word' id='word_1_30' title='bbox 643 493 690 571; x_wconf 85' lang='grc' dir='ltr'><strong><em>ις’</em></strong></span> <span class='ocrx_word' id='word_1_31' title='bbox 713 495 770 562; x_wconf 78' lang='grc' dir='ltr'><strong><em>καὶ</em></strong></span> <span class='ocrx_word' id='word_1_32' title='bbox 793 498 855 562; x_wconf 81' lang='grc' dir='ltr'><strong><em>τοῦ</em></strong></span> <span class='ocrx_word' id='word_1_33' title='bbox 878 492 940 574; x_wconf 80' lang='grc' dir='ltr'><strong><em>ξδ’·</em></strong></span> <span class='ocrx_word' id='word_1_34' title='bbox 985 492 1117 563; x_wconf 74' lang='grc' dir='ltr'><strong><em>τούτων</em></strong></span> 
     </span>
     <span class='ocr_line' id='line_1_5' title="bbox 100 598 1119 691; baseline -0.003 -18"><span class='ocrx_word' id='word_1_35' title='bbox 100 604 165 691; x_wconf 80' lang='grc' dir='ltr'><strong><em>γάρ</em></strong></span> <span class='ocrx_word' id='word_1_36' title='bbox 188 602 228 672; x_wconf 84' lang='grc' dir='ltr'><strong><em>τὰ</em></strong></span> <span class='ocrx_word' id='word_1_37' title='bbox 252 602 339 691; x_wconf 90' lang='grc' dir='ltr'><strong><em>μήκη</em></strong></span> <span class='ocrx_word' id='word_1_38' title='bbox 363 601 546 688; x_wconf 83' lang='grc' dir='ltr'><strong><em>σύμμετρα·</em></strong></span> <span class='ocrx_word' id='word_1_39' title='bbox 583 599 661 668; x_wconf 67' lang='grc' dir='ltr'><strong><em>ποτε</em></strong></span> <span class='ocrx_word' id='word_1_40' title='bbox 690 599 727 667; x_wconf 73' lang='grc' dir='ltr'><strong><em>δὲ</em></strong></span> <span class='ocrx_word' id='word_1_41' title='bbox 752 601 810 668; x_wconf 83' lang='grc' dir='ltr'><strong><em>καὶ</em></strong></span> <span class='ocrx_word' id='word_1_42' title='bbox 837 598 1044 689; x_wconf 85' lang='grc' dir='ltr'><strong><em>άσάμμετροι</em></strong></span> <span class='ocrx_word' id='word_1_43' title='bbox 1074 598 1119 680; x_wconf 78' lang='grc' dir='ltr'><strong><em>ὥς</em></strong></span> 
     </span>
    </p>

    <p class='ocr_par' dir='ltr' id='par_1_4' title="bbox 63 704 1119 904">
     <span class='ocr_line' id='line_1_6' title="bbox 63 704 1119 793; baseline -0.003 -15"><span class='ocrx_word' id='word_1_44' title='bbox 63 712 153 786; x_wconf 51' lang='lat' dir='ltr'><strong><em>aaz</em></strong></span> <span class='ocrx_word' id='word_1_45' title='bbox 179 714 240 778; x_wconf 84' lang='grc' dir='ltr'><strong><em>τοῦ</em></strong></span> <span class='ocrx_word' id='word_1_46' title='bbox 264 761 294 777; x_wconf 92' lang='grc'><strong><em>..</em></strong></span> <span class='ocrx_word' id='word_1_47' title='bbox 316 709 372 775; x_wconf 83' lang='grc' dir='ltr'><strong><em>καὶ</em></strong></span> <span class='ocrx_word' id='word_1_48' title='bbox 394 706 455 775; x_wconf 88' lang='grc' dir='ltr'><strong><em>κε’.</em></strong></span> <span class='ocrx_word' id='word_1_49' title='bbox 505 704 560 774; x_wconf 90' lang='grc' dir='ltr'><strong><em>διὸ</em></strong></span> <span class='ocrx_word' id='word_1_50' title='bbox 586 704 650 792; x_wconf 86' lang='grc' dir='ltr'><strong><em>τήν</em></strong></span> <span class='ocrx_word' id='word_1_51' title='bbox 678 705 842 793; x_wconf 75' lang='grc' dir='ltr'><strong><em>ρητότητα</em></strong></span> <span class='ocrx_word' id='word_1_52' title='bbox 874 707 911 774; x_wconf 83' lang='grc' dir='ltr'><strong><em>έκ</em></strong></span> <span class='ocrx_word' id='word_1_53' title='bbox 941 709 1003 792; x_wconf 80' lang='grc' dir='ltr'><strong><em>τῆς</em></strong></span> <span class='ocrx_word' id='word_1_54' title='bbox 1034 726 1119 793; x_wconf 92' lang='grc' dir='ltr'><strong><em>συμ-</em></strong></span> 
     </span>
     <span class='ocr_line' id='line_1_7' title="bbox 100 812 496 904; baseline -0.013 -19"><span class='ocrx_word' id='word_1_55' title='bbox 100 823 234 904; x_wconf 83' lang='grc' dir='ltr'><strong><em>μετρίας</em></strong></span> <span class='ocrx_word' id='word_1_56' title='bbox 255 812 496 895; x_wconf 79' lang='grc' dir='ltr'><strong><em>κατασκευάζει.</em></strong></span> 
     </span>
    </p>
   </div>
   <div class='ocr_carea' id='block_1_4' title="bbox 460 1008 755 1094">
    <p class='ocr_par' dir='ltr' id='par_1_5' title="bbox 460 1008 755 1094">
     <span class='ocr_line' id='line_1_8' title="bbox 460 1008 755 1094; baseline 0.003 -20"><span class='ocrx_word' id='word_1_57' title='bbox 460 1010 517 1075; x_wconf 89' lang='lat' dir='ltr'><strong><em>Ad</em></strong></span> <span class='ocrx_word' id='word_1_58' title='bbox 538 1032 643 1094; x_wconf 87' lang='lat' dir='ltr'>prop.</span> <span class='ocrx_word' id='word_1_59' title='bbox 667 1008 755 1075; x_wconf 74' lang='lat' dir='ltr'>xlx.</span> 
     </span>
    </p>
   </div>
   <div class='ocr_carea' id='block_1_5' title="bbox 44 1125 1123 3018">
    <p class='ocr_par' dir='ltr' id='par_1_6' title="bbox 99 1125 1118 1326">
     <span class='ocr_line' id='line_1_9' title="bbox 169 1125 1118 1219; baseline -0.003 -18"><span class='ocrx_word' id='word_1_60' title='bbox 169 1135 241 1201; x_wconf 80' lang='lat'><strong>132.</strong></span> <span class='ocrx_word' id='word_1_61' title='bbox 266 1129 365 1218; x_wconf 76' lang='grc' dir='ltr'><strong><em>’Ἁχρι</em></strong></span> <span class='ocrx_word' id='word_1_62' title='bbox 382 1134 452 1198; x_wconf 78' lang='grc' dir='ltr'><strong><em>τῶν</em></strong></span> <span class='ocrx_word' id='word_1_63' title='bbox 471 1131 621 1197; x_wconf 76' lang='grc' dir='ltr'><strong><em>ἐνταῦθα</em></strong></span> <span class='ocrx_word' id='word_1_64' title='bbox 641 1131 817 1197; x_wconf 75' lang='grc' dir='ltr'><strong><em>διείλεκται</em></strong></span> <span class='ocrx_word' id='word_1_65' title='bbox 836 1125 918 1215; x_wconf 79' lang='grc' dir='ltr'><strong><em>ἡμῖν</em></strong></span> <span class='ocrx_word' id='word_1_66' title='bbox 936 1131 1012 1213; x_wconf 84' lang='grc' dir='ltr'><strong><em>περὶ</em></strong></span> <span class='ocrx_word' id='word_1_67' title='bbox 1033 1149 1118 1219; x_wconf 89' lang='grc' dir='ltr'><strong><em>συμ-</em></strong></span> 
     </span>
     <span class='ocr_line' id='line_1_10' title="bbox 99 1233 1117 1326; baseline -0.001 -19"><span class='ocrx_word' id='word_1_68' title='bbox 99 1239 229 1326; x_wconf 79' lang='grc' dir='ltr'><strong><em>μέτρων</em></strong></span> <span class='ocrx_word' id='word_1_69' title='bbox 252 1238 307 1305; x_wconf 81' lang='grc' dir='ltr'><strong><em>καὶ</em></strong></span> <span class='ocrx_word' id='word_1_70' title='bbox 331 1233 568 1324; x_wconf 88' lang='grc' dir='ltr'><strong><em>άσυμμέτρων,</em></strong></span> <span class='ocrx_word' id='word_1_71' title='bbox 597 1235 635 1303; x_wconf 89' lang='grc' dir='ltr'><strong><em>τὸ</em></strong></span> <span class='ocrx_word' id='word_1_72' title='bbox 660 1235 698 1304; x_wconf 72' lang='grc' dir='ltr'><strong><em>δὲ</em></strong></span> <span class='ocrx_word' id='word_1_73' title='bbox 721 1237 880 1303; x_wconf 81' lang='grc' dir='ltr'><strong><em>έντεῦδεν</em></strong></span> <span class='ocrx_word' id='word_1_74' title='bbox 903 1235 979 1321; x_wconf 78' lang='grc' dir='ltr'><strong><em>περὶ</em></strong></span> <span class='ocrx_word' id='word_1_75' title='bbox 1001 1237 1117 1322; x_wconf 76' lang='grc' dir='ltr'><strong><em>ῥητῶν</em></strong></span> 
     </span>
    </p>

    <p class='ocr_par' dir='ltr' id='par_1_7' title="bbox 48 1345 299 1431">
     <span class='ocr_line' id='line_1_11' title="bbox 48 1345 299 1431; baseline -0.02 -15"><span class='ocrx_word' id='word_1_76' title='bbox 48 1366 81 1416; x_wconf 84' lang='grc' dir='ltr'><strong><em>ιο</em></strong></span> <span class='ocrx_word' id='word_1_77' title='bbox 99 1345 154 1412; x_wconf 84' lang='grc' dir='ltr'><strong><em>καὶ</em></strong></span> <span class='ocrx_word' id='word_1_78' title='bbox 178 1345 299 1431; x_wconf 89' lang='grc' dir='ltr'><strong><em>μέσων.</em></strong></span> 
     </span>
    </p>

    <p class='ocr_par' dir='ltr' id='par_1_8' title="bbox 98 1437 1117 1855">
     <span class='ocr_line' id='line_1_12' title="bbox 168 1437 1117 1538; baseline -0.001 -21"><span class='ocrx_word' id='word_1_79' title='bbox 168 1451 241 1518; x_wconf 88' lang='grc'><strong>133.</strong></span> <span class='ocrx_word' id='word_1_80' title='bbox 279 1446 450 1535; x_wconf 82' lang='grc' dir='ltr'><strong><em>Δεύτερον</em></strong></span> <span class='ocrx_word' id='word_1_81' title='bbox 473 1445 673 1533; x_wconf 79' lang='grc' dir='ltr'><strong><em>κεφάλαιον,</em></strong></span> <span class='ocrx_word' id='word_1_82' title='bbox 702 1448 739 1515; x_wconf 86' lang='grc' dir='ltr'><strong><em>έν</em></strong></span> <span class='ocrx_word' id='word_1_83' title='bbox 766 1437 793 1538; x_wconf 74' lang='grc' dir='ltr'><strong><em>ᾧ</em></strong></span> <span class='ocrx_word' id='word_1_84' title='bbox 822 1447 897 1534; x_wconf 78' lang='grc' dir='ltr'><strong><em>περὶ</em></strong></span> <span class='ocrx_word' id='word_1_85' title='bbox 923 1448 1036 1535; x_wconf 76' lang='grc' dir='ltr'><strong><em>ῥητῶν</em></strong></span> <span class='ocrx_word' id='word_1_86' title='bbox 1059 1449 1117 1516; x_wconf 76' lang='grc' dir='ltr'><strong><em>καὶ</em></strong></span> 
     </span>
     <span class='ocr_line' id='line_1_13' title="bbox 99 1549 1117 1642; baseline -0.005 -17"><span class='ocrx_word' id='word_1_87' title='bbox 99 1557 210 1642; x_wconf 80' lang='grc' dir='ltr'><strong><em>μέσων</em></strong></span> <span class='ocrx_word' id='word_1_88' title='bbox 243 1553 386 1641; x_wconf 79' lang='grc' dir='ltr'><strong><em>δυνάμει</em></strong></span> <span class='ocrx_word' id='word_1_89' title='bbox 417 1579 453 1621; x_wconf 89' lang='grc' dir='ltr'><strong><em>τε</em></strong></span> <span class='ocrx_word' id='word_1_90' title='bbox 485 1554 683 1642; x_wconf 84' lang='grc' dir='ltr'><strong><em>συμμέτρων</em></strong></span> <span class='ocrx_word' id='word_1_91' title='bbox 716 1549 830 1622; x_wconf 81' lang='grc' dir='ltr'><strong><em>οάσῶν</em></strong></span> <span class='ocrx_word' id='word_1_92' title='bbox 863 1553 1030 1640; x_wconf 84' lang='grc' dir='ltr'><strong><em>ἑκατέρων</em></strong></span> <span class='ocrx_word' id='word_1_93' title='bbox 1059 1555 1117 1622; x_wconf 79' lang='grc' dir='ltr'><strong><em>καὶ</em></strong></span> 
     </span>
     <span class='ocr_line' id='line_1_14' title="bbox 99 1655 1117 1749; baseline -0.001 -20"><span class='ocrx_word' id='word_1_94' title='bbox 99 1660 194 1749; x_wconf 81' lang='grc' dir='ltr'><strong><em>μήκει</em></strong></span> <span class='ocrx_word' id='word_1_95' title='bbox 219 1660 367 1729; x_wconf 75' lang='grc' dir='ltr'><strong><em>διδάσκει</em></strong></span> <span class='ocrx_word' id='word_1_96' title='bbox 397 1661 543 1728; x_wconf 78' lang='grc' dir='ltr'><strong><em>καὶτῶν</em></strong></span> <span class='ocrx_word' id='word_1_97' title='bbox 566 1663 715 1747; x_wconf 85' lang='grc' dir='ltr'><strong><em>χωρίων,</em></strong></span> <span class='ocrx_word' id='word_1_98' title='bbox 747 1655 768 1727; x_wconf 80' lang='grc' dir='ltr'><strong><em>ά</em></strong></span> <span class='ocrx_word' id='word_1_99' title='bbox 797 1660 1025 1749; x_wconf 88' lang='grc' dir='ltr'><strong><em>περιέχουσιν,</em></strong></span> <span class='ocrx_word' id='word_1_100' title='bbox 1057 1663 1117 1728; x_wconf 79' lang='grc' dir='ltr'><strong><em>καὶ</em></strong></span> 
     </span>
     <span class='ocr_line' id='line_1_15' title="bbox 98 1764 1117 1855; baseline 0 -20"><span class='ocrx_word' id='word_1_101' title='bbox 98 1767 160 1855; x_wconf 87' lang='grc' dir='ltr'><strong><em>τήν</em></strong></span> <span class='ocrx_word' id='word_1_102' title='bbox 187 1771 245 1855; x_wconf 82' lang='grc' dir='ltr'><strong><em>τῆς</em></strong></span> <span class='ocrx_word' id='word_1_103' title='bbox 273 1769 375 1854; x_wconf 83' lang='grc' dir='ltr'><strong><em>μέσης</em></strong></span> <span class='ocrx_word' id='word_1_104' title='bbox 404 1765 488 1855; x_wconf 82' lang='grc' dir='ltr'><strong><em>πρὸς</em></strong></span> <span class='ocrx_word' id='word_1_105' title='bbox 513 1764 577 1852; x_wconf 84' lang='grc' dir='ltr'><strong><em>τήν</em></strong></span> <span class='ocrx_word' id='word_1_106' title='bbox 604 1765 709 1853; x_wconf 79' lang='grc' dir='ltr'><strong><em>ῥητήν</em></strong></span> <span class='ocrx_word' id='word_1_107' title='bbox 738 1768 936 1853; x_wconf 86' lang='grc' dir='ltr'><strong><em>συγγένειαν</em></strong></span> <span class='ocrx_word' id='word_1_108' title='bbox 967 1767 1023 1834; x_wconf 78' lang='grc' dir='ltr'><strong><em>καὶ</em></strong></span> <span class='ocrx_word' id='word_1_109' title='bbox 1051 1766 1117 1853; x_wconf 86' lang='grc' dir='ltr'><strong><em>τήν</em></strong></span> 
     </span>
    </p>

    <p class='ocr_par' dir='ltr' id='par_1_9' title="bbox 48 1869 1050 1962">
     <span class='ocr_line' id='line_1_16' title="bbox 48 1869 1050 1962; baseline -0.001 -20"><span class='ocrx_word' id='word_1_110' title='bbox 48 1894 81 1944; x_wconf 80' lang='lat'><strong><em>16</em></strong></span> <span class='ocrx_word' id='word_1_111' title='bbox 101 1872 271 1962; x_wconf 81' lang='grc' dir='ltr'><strong><em>διαφορὰν</em></strong></span> <span class='ocrx_word' id='word_1_112' title='bbox 297 1879 392 1960; x_wconf 78' lang='grc' dir='ltr'><strong><em>ἔλαχε</em></strong></span> <span class='ocrx_word' id='word_1_113' title='bbox 414 1873 468 1940; x_wconf 80' lang='grc' dir='ltr'><strong><em>καὶ</em></strong></span> <span class='ocrx_word' id='word_1_114' title='bbox 492 1871 553 1959; x_wconf 87' lang='grc' dir='ltr'><strong><em>τήν</em></strong></span> <span class='ocrx_word' id='word_1_115' title='bbox 577 1869 712 1959; x_wconf 85' lang='grc' dir='ltr'><strong><em>εὕρεσιν</em></strong></span> <span class='ocrx_word' id='word_1_116' title='bbox 734 1872 790 1940; x_wconf 82' lang='grc' dir='ltr'><strong><em>καὶ</em></strong></span> <span class='ocrx_word' id='word_1_117' title='bbox 814 1870 878 1942; x_wconf 81' lang='grc' dir='ltr'><strong><em>ὅσα</em></strong></span> <span class='ocrx_word' id='word_1_118' title='bbox 899 1876 1050 1942; x_wconf 82' lang='grc' dir='ltr'><strong><em>τοιαῦτα.</em></strong></span> 
     </span>
    </p>

    <p class='ocr_par' dir='ltr' id='par_1_10' title="bbox 98 1975 1123 2387">
     <span class='ocr_line' id='line_1_17' title="bbox 170 1975 1117 2067; baseline 0.001 -21"><span class='ocrx_word' id='word_1_119' title='bbox 170 1983 240 2048; x_wconf 89' lang='grc'><strong>134.</strong></span> <span class='ocrx_word' id='word_1_120' title='bbox 265 1980 392 2067; x_wconf 84' lang='grc' dir='ltr'><strong><em>Εὑρεῖν</em></strong></span> <span class='ocrx_word' id='word_1_121' title='bbox 407 1977 470 2047; x_wconf 82' lang='grc' dir='ltr'><strong><em>δύο</em></strong></span> <span class='ocrx_word' id='word_1_122' title='bbox 485 1975 587 2065; x_wconf 73' lang='grc' dir='ltr'><strong><em>ῥητὰς</em></strong></span> <span class='ocrx_word' id='word_1_123' title='bbox 600 1977 696 2064; x_wconf 80' lang='grc' dir='ltr'><strong><em>μήκει</em></strong></span> <span class='ocrx_word' id='word_1_124' title='bbox 711 1979 927 2066; x_wconf 75' lang='grc' dir='ltr'><strong><em>συμμέτρους.</em></strong></span> <span class='ocrx_word' id='word_1_125' title='bbox 950 1981 1117 2048; x_wconf 75' lang='grc' dir='ltr'><strong><em>ἐκκείσθω</em></strong></span> 
     </span>
     <span class='ocr_line' id='line_1_18' title="bbox 98 2082 1118 2173; baseline 0.001 -21"><span class='ocrx_word' id='word_1_126' title='bbox 98 2111 147 2165; x_wconf 79' lang='grc' dir='ltr'><strong><em>τις</em></strong></span> <span class='ocrx_word' id='word_1_127' title='bbox 170 2084 253 2173; x_wconf 78' lang='grc' dir='ltr'><strong><em>ῥητή</em></strong></span> <span class='ocrx_word' id='word_1_128' title='bbox 276 2083 297 2171; x_wconf 85' lang='grc' dir='ltr'><strong><em>ή</em></strong></span> <span class='ocrx_word' id='word_1_129' title='bbox 322 2095 354 2151; x_wconf 86' lang='grc' dir='ltr'><em>Λ</em></span> <span class='ocrx_word' id='word_1_130' title='bbox 380 2087 436 2152; x_wconf 88' lang='grc' dir='ltr'><strong><em>καὶ</em></strong></span> <span class='ocrx_word' id='word_1_131' title='bbox 464 2084 527 2152; x_wconf 89' lang='grc' dir='ltr'><strong><em>δύο</em></strong></span> <span class='ocrx_word' id='word_1_132' title='bbox 555 2082 696 2171; x_wconf 78' lang='grc' dir='ltr'><strong><em>ἀριθμοὶ</em></strong></span> <span class='ocrx_word' id='word_1_133' title='bbox 721 2087 756 2152; x_wconf 72' lang='lat' dir='ltr'><strong><em>ol</em></strong></span> <span class='ocrx_word' id='word_1_134' title='bbox 775 2090 819 2170; x_wconf 95' lang='grc' dir='ltr'><strong><em>Γ,</em></strong></span> <span class='ocrx_word' id='word_1_135' title='bbox 843 2092 877 2151; x_wconf 89' lang='grc' dir='ltr'><em>Δ</em></span> <span class='ocrx_word' id='word_1_136' title='bbox 903 2083 978 2173; x_wconf 88' lang='grc' dir='ltr'><strong><em>ήτοι</em></strong></span> <span class='ocrx_word' id='word_1_137' title='bbox 999 2089 1118 2173; x_wconf 87' lang='grc' dir='ltr'><strong><em>τετρά-</em></strong></span> 
     </span>
     <span class='ocr_line' id='line_1_19' title="bbox 98 2185 1118 2280; baseline 0.005 -23"><span class='ocrx_word' id='word_1_138' title='bbox 98 2216 203 2274; x_wconf 90' lang='grc' dir='ltr'><strong><em>γωνοι</em></strong></span> <span class='ocrx_word' id='word_1_139' title='bbox 221 2185 242 2275; x_wconf 88' lang='grc' dir='ltr'><strong><em>ή</em></strong></span> <span class='ocrx_word' id='word_1_140' title='bbox 262 2187 375 2269; x_wconf 79' lang='grc' dir='ltr'><strong><em>ἁπλῶς</em></strong></span> <span class='ocrx_word' id='word_1_141' title='bbox 393 2189 496 2275; x_wconf 80' lang='grc' dir='ltr'><strong><em>λόγον</em></strong></span> <span class='ocrx_word' id='word_1_142' title='bbox 514 2193 658 2275; x_wconf 73' lang='grc' dir='ltr'><strong><em>ἔχοντες,</em></strong></span> <span class='ocrx_word' id='word_1_143' title='bbox 681 2186 722 2256; x_wconf 83' lang='grc' dir='ltr'><strong><em>δν</em></strong></span> <span class='ocrx_word' id='word_1_144' title='bbox 741 2188 947 2278; x_wconf 84' lang='grc' dir='ltr'><strong><em>τετράγωνος</em></strong></span> <span class='ocrx_word' id='word_1_145' title='bbox 965 2187 1118 2280; x_wconf 78' lang='grc' dir='ltr'><strong><em>άρνδμὸς</em></strong></span> 
     </span>
     <span class='ocr_line' id='line_1_20' title="bbox 98 2292 1123 2387; baseline 0.007 -26"><span class='ocrx_word' id='word_1_146' title='bbox 98 2296 181 2382; x_wconf 84' lang='grc' dir='ltr'><strong><em>πρὸς</em></strong></span> <span class='ocrx_word' id='word_1_147' title='bbox 202 2294 415 2381; x_wconf 88' lang='grc' dir='ltr'><strong><em>τετράγωνον</em></strong></span> <span class='ocrx_word' id='word_1_148' title='bbox 433 2292 594 2380; x_wconf 79' lang='grc' dir='ltr'><strong><em>ἀριθμόν,</em></strong></span> <span class='ocrx_word' id='word_1_149' title='bbox 616 2295 672 2361; x_wconf 82' lang='grc' dir='ltr'><strong><em>καὶ</em></strong></span> <span class='ocrx_word' id='word_1_150' title='bbox 691 2296 856 2381; x_wconf 77' lang='grc' dir='ltr'><strong><em>γεγονέτω</em></strong></span> <span class='ocrx_word' id='word_1_151' title='bbox 876 2292 922 2374; x_wconf 79' lang='grc' dir='ltr'><strong><em>ιδς</em></strong></span> <span class='ocrx_word' id='word_1_152' title='bbox 940 2292 958 2364; x_wconf 86' lang='grc' dir='ltr'>ὁ</span> <span class='ocrx_word' id='word_1_153' title='bbox 978 2301 1011 2363; x_wconf 88' lang='grc' dir='ltr'><strong><em>Γ</em></strong></span> <span class='ocrx_word' id='word_1_154' title='bbox 1029 2296 1123 2387; x_wconf 82' lang='grc' dir='ltr'><strong><em>πρὸς-</em></strong></span> 
     </span>
    </p>

    <p class='ocr_par' dir='ltr' id='par_1_11' title="bbox 45 2397 1117 2698">
     <span class='ocr_line' id='line_1_21' title="bbox 45 2397 1115 2489; baseline 0.001 -18"><span class='ocrx_word' id='word_1_155' title='bbox 45 2422 80 2471; x_wconf 70' lang='lat'><strong><em>20</em></strong></span> <span class='ocrx_word' id='word_1_156' title='bbox 98 2399 159 2468; x_wconf 88' lang='grc' dir='ltr'><strong><em>τὸν</em></strong></span> <span class='ocrx_word' id='word_1_157' title='bbox 188 2411 235 2484; x_wconf 91' lang='grc' dir='ltr'><strong><em>Δ,</em></strong></span> <span class='ocrx_word' id='word_1_158' title='bbox 269 2398 374 2479; x_wconf 79' lang='grc' dir='ltr'><strong><em>οὕτως</em></strong></span> <span class='ocrx_word' id='word_1_159' title='bbox 405 2425 442 2467; x_wconf 91' lang='grc' dir='ltr'><strong><em>το</em></strong></span> <span class='ocrx_word' id='word_1_160' title='bbox 472 2397 538 2467; x_wconf 87' lang='grc' dir='ltr'><strong><em>άπὸ</em></strong></span> <span class='ocrx_word' id='word_1_161' title='bbox 567 2411 626 2485; x_wconf 79' lang='grc' dir='ltr'><strong><em>τῆς</em></strong></span> <span class='ocrx_word' id='word_1_162' title='bbox 653 2410 685 2468; x_wconf 92' lang='grc' dir='ltr'><em>Α</em></span> <span class='ocrx_word' id='word_1_163' title='bbox 717 2399 800 2488; x_wconf 86' lang='grc' dir='ltr'><strong><em>πρὸς</em></strong></span> <span class='ocrx_word' id='word_1_164' title='bbox 826 2398 864 2469; x_wconf 88' lang='grc' dir='ltr'><strong><em>τὸ</em></strong></span> <span class='ocrx_word' id='word_1_165' title='bbox 893 2398 958 2469; x_wconf 86' lang='grc' dir='ltr'><strong><em>άπὸ</em></strong></span> <span class='ocrx_word' id='word_1_166' title='bbox 985 2412 1047 2489; x_wconf 78' lang='grc' dir='ltr'><strong><em>τῆς</em></strong></span> <span class='ocrx_word' id='word_1_167' title='bbox 1075 2412 1115 2473; x_wconf 85' lang='grc' dir='ltr'><strong><em>Ε.</em></strong></span> 
     </span>
     <span class='ocr_line' id='line_1_22' title="bbox 55 2503 1117 2603; baseline 0.005 -29"><span class='ocrx_word' id='word_1_168' title='bbox 55 2595 58 2603; x_wconf 28' lang='lat'>¹</span> <span class='ocrx_word' id='word_1_169' title='bbox 98 2511 232 2574; x_wconf 79' lang='grc' dir='ltr'><strong><em>ἔσονται</em></strong></span> <span class='ocrx_word' id='word_1_170' title='bbox 252 2503 293 2591; x_wconf 86' lang='grc' dir='ltr'><strong><em>δή</em></strong></span> <span class='ocrx_word' id='word_1_171' title='bbox 314 2504 371 2572; x_wconf 84' lang='grc' dir='ltr'><strong><em>διὰ</em></strong></span> <span class='ocrx_word' id='word_1_172' title='bbox 389 2504 429 2571; x_wconf 79' lang='grc' dir='ltr'><strong><em>τὰ</em></strong></span> <span class='ocrx_word' id='word_1_173' title='bbox 448 2506 710 2593; x_wconf 78' lang='grc' dir='ltr'><strong><em>προδεδειγμένα</em></strong></span> <span class='ocrx_word' id='word_1_174' title='bbox 729 2510 768 2574; x_wconf 85' lang='grc' dir='ltr'><strong><em>αί</em></strong></span> <span class='ocrx_word' id='word_1_175' title='bbox 784 2518 826 2594; x_wconf 93' lang='grc' dir='ltr'><strong><em>Α,</em></strong></span> <span class='ocrx_word' id='word_1_176' title='bbox 847 2514 878 2574; x_wconf 83' lang='grc' dir='ltr'><strong><em>Ε</em></strong></span> <span class='ocrx_word' id='word_1_177' title='bbox 899 2507 996 2595; x_wconf 77' lang='grc' dir='ltr'><strong><em>ῥηταὶ</em></strong></span> <span class='ocrx_word' id='word_1_178' title='bbox 1014 2508 1117 2596; x_wconf 90' lang='grc' dir='ltr'><strong><em>μήκει</em></strong></span> 
     </span>
     <span class='ocr_line' id='line_1_23' title="bbox 98 2614 286 2698; baseline -0.005 -19"><span class='ocrx_word' id='word_1_179' title='bbox 98 2614 286 2698; x_wconf 87' lang='grc' dir='ltr'><strong><em>σύμμετροι.</em></strong></span> 
     </span>
    </p>

    <p class='ocr_par' dir='ltr' id='par_1_12' title="bbox 96 2715 1115 2913">
     <span class='ocr_line' id='line_1_24' title="bbox 166 2715 1115 2811; baseline 0.004 -25"><span class='ocrx_word' id='word_1_180' title='bbox 166 2720 238 2788; x_wconf 85' lang='lat'>135.</span> <span class='ocrx_word' id='word_1_181' title='bbox 274 2716 463 2804; x_wconf 81' lang='grc' dir='ltr'><strong><em>Θαυμάζειν</em></strong></span> <span class='ocrx_word' id='word_1_182' title='bbox 486 2715 596 2804; x_wconf 83' lang='grc' dir='ltr'><strong><em>άξιον,</em></strong></span> <span class='ocrx_word' id='word_1_183' title='bbox 628 2719 718 2799; x_wconf 78' lang='grc' dir='ltr'><strong><em>ὅπως</em></strong></span> <span class='ocrx_word' id='word_1_184' title='bbox 744 2719 765 2806; x_wconf 92' lang='grc' dir='ltr'><strong><em>ή</em></strong></span> <span class='ocrx_word' id='word_1_185' title='bbox 792 2723 851 2805; x_wconf 83' lang='grc' dir='ltr'><strong><em>τής</em></strong></span> <span class='ocrx_word' id='word_1_186' title='bbox 873 2718 1010 2808; x_wconf 78' lang='grc' dir='ltr'><strong><em>τριάδος</em></strong></span> <span class='ocrx_word' id='word_1_187' title='bbox 1032 2747 1115 2811; x_wconf 90' lang='grc' dir='ltr'><strong><em>κρα-</em></strong></span> 
     </span>
     <span class='ocr_line' id='line_1_25' title="bbox 96 2822 1115 2913; baseline 0.006 -22"><span class='ocrx_word' id='word_1_188' title='bbox 96 2823 210 2911; x_wconf 85' lang='grc' dir='ltr'><strong><em>τητική</em></strong></span> <span class='ocrx_word' id='word_1_189' title='bbox 235 2824 378 2911; x_wconf 82' lang='grc' dir='ltr'><strong><em>δύναμις</em></strong></span> <span class='ocrx_word' id='word_1_190' title='bbox 399 2824 455 2892; x_wconf 80' lang='grc' dir='ltr'><strong><em>καὶ</em></strong></span> <span class='ocrx_word' id='word_1_191' title='bbox 478 2823 540 2910; x_wconf 86' lang='grc' dir='ltr'><strong><em>τήν</em></strong></span> <span class='ocrx_word' id='word_1_192' title='bbox 564 2823 691 2912; x_wconf 78' lang='grc' dir='ltr'><strong><em>άίογον</em></strong></span> <span class='ocrx_word' id='word_1_193' title='bbox 713 2822 866 2913; x_wconf 76' lang='grc' dir='ltr'><strong><em>ἀφορίζει</em></strong></span> <span class='ocrx_word' id='word_1_194' title='bbox 886 2823 1034 2912; x_wconf 82' lang='grc' dir='ltr'><strong><em>δύναμιν</em></strong></span> <span class='ocrx_word' id='word_1_195' title='bbox 1055 2830 1115 2896; x_wconf 80' lang='grc' dir='ltr'><strong><em>καὶ</em></strong></span> 
     </span>
    </p>

    <p class='ocr_par' dir='ltr' id='par_1_13' title="bbox 44 2927 1114 3018">
     <span class='ocr_line' id='line_1_26' title="bbox 44 2927 1114 3018; baseline 0.005 -20"><span class='ocrx_word' id='word_1_196' title='bbox 44 2950 77 3000; x_wconf 79' lang='lat'><strong><em>25</em></strong></span> <span class='ocrx_word' id='word_1_197' title='bbox 97 2930 204 3016; x_wconf 88' lang='grc' dir='ltr'><strong><em>διήκει</em></strong></span> <span class='ocrx_word' id='word_1_198' title='bbox 228 2933 323 3018; x_wconf 85' lang='grc' dir='ltr'><strong><em>μέχρι</em></strong></span> <span class='ocrx_word' id='word_1_199' title='bbox 341 2943 410 2999; x_wconf 80' lang='grc' dir='ltr'><strong><em>τῶν</em></strong></span> <span class='ocrx_word' id='word_1_200' title='bbox 429 2932 586 3018; x_wconf 80' lang='grc' dir='ltr'><strong><em>ἐσχάτων,</em></strong></span> <span class='ocrx_word' id='word_1_201' title='bbox 610 2927 719 2999; x_wconf 71' lang='grc' dir='ltr'><strong><em>ἔπειθ’</em></strong></span> <span class='ocrx_word' id='word_1_202' title='bbox 737 2929 788 2999; x_wconf 84' lang='grc' dir='ltr'><strong><em>ὅτι</em></strong></span> <span class='ocrx_word' id='word_1_203' title='bbox 807 2932 863 2999; x_wconf 83' lang='grc' dir='ltr'><strong><em>καὶ</em></strong></span> <span class='ocrx_word' id='word_1_204' title='bbox 882 2932 1022 3000; x_wconf 79' lang='grc' dir='ltr'><strong><em>ἕκαστον</em></strong></span> <span class='ocrx_word' id='word_1_205' title='bbox 1041 2938 1114 3002; x_wconf 79' lang='grc' dir='ltr'><strong><em>τάν</em></strong></span> 
     </span>
    </p>
   </div>
   <div class='ocr_carea' id='block_1_6' title="bbox 97 3107 1115 3246">
    <p class='ocr_par' dir='ltr' id='par_1_14' title="bbox 97 3107 1115 3246">
     <span class='ocr_line' id='line_1_27' title="bbox 169 3107 1115 3177; baseline 0.008 -18"><span class='ocrx_word' id='word_1_206' title='bbox 169 3113 227 3163; x_wconf 78' lang='lat'>132.</span> <span class='ocrx_word' id='word_1_207' title='bbox 243 3109 273 3162; x_wconf 91' lang='lat' dir='ltr'><strong><em>P.</em></strong></span> <span class='ocrx_word' id='word_1_208' title='bbox 330 3107 476 3162; x_wconf 77' lang='lat' dir='ltr'><strong>133.PV⁰.</strong></span> <span class='ocrx_word' id='word_1_209' title='bbox 542 3107 790 3177; x_wconf 62' lang='lat' dir='ltr'><strong>134.Pv0(t&amp;v).</strong></span> <span class='ocrx_word' id='word_1_210' title='bbox 850 3107 1115 3167; x_wconf 77' lang='lat' dir='ltr'><strong>136.PFBVat.V⁰</strong></span> 
     </span>
     <span class='ocr_line' id='line_1_28' title="bbox 97 3175 577 3246; baseline 0.004 -15"><span class='ocrx_word' id='word_1_211' title='bbox 97 3175 150 3244; x_wconf 85' lang='grc' dir='ltr'><strong><em>(είς</em></strong></span> <span class='ocrx_word' id='word_1_212' title='bbox 167 3175 198 3231; x_wconf 87' lang='grc' dir='ltr'><strong><em>τὸ</em></strong></span> <span class='ocrx_word' id='word_1_213' title='bbox 218 3177 264 3231; x_wconf 75' lang='grc' dir='ltr'><strong><em>ιδ’</em></strong></span> <span class='ocrx_word' id='word_1_214' title='bbox 284 3178 305 3231; x_wconf 81' lang='lat' dir='ltr'><strong>F</strong></span> <span class='ocrx_word' id='word_1_215' title='bbox 325 3181 354 3232; x_wconf 82' lang='lat' dir='ltr'><strong><em>et</em></strong></span> <span class='ocrx_word' id='word_1_216' title='bbox 372 3178 403 3232; x_wconf 89' lang='lat' dir='ltr'><strong><em>in</em></strong></span> <span class='ocrx_word' id='word_1_217' title='bbox 418 3195 472 3233; x_wconf 81' lang='lat' dir='ltr'>ras.</span> <span class='ocrx_word' id='word_1_218' title='bbox 492 3179 577 3246; x_wconf 56' lang='lat' dir='ltr'><strong>Vah).</strong></span> 
     </span>
    </p>
   </div>
   <div class='ocr_carea' id='block_1_7' title="bbox 79 3331 1114 3535">
    <p class='ocr_par' dir='ltr' id='par_1_15' title="bbox 79 3331 1114 3535">
     <span class='ocr_line' id='line_1_29' title="bbox 158 3331 1112 3425; baseline 0.012 -37"><span class='ocrx_word' id='word_1_219' title='bbox 158 3341 209 3417; x_wconf 70' lang='lat'><strong><em>,¹5¹</em></strong></span> <span class='ocrx_word' id='word_1_220' title='bbox 231 3333 324 3407; x_wconf 77' lang='grc' dir='ltr'><strong><em>ἔλαχε]</em></strong></span> <span class='ocrx_word' id='word_1_221' title='bbox 345 3333 445 3406; x_wconf 71' lang='grc' dir='ltr'><strong><em>ἔλαχεν</em></strong></span> <span class='ocrx_word' id='word_1_222' title='bbox 463 3338 497 3424; x_wconf 57' lang='grc' dir='ltr'><strong><em>ξ,</em></strong></span> <span class='ocrx_word' id='word_1_223' title='bbox 522 3331 559 3406; x_wconf 84' lang='grc' dir='ltr'><strong><em>ήν</em></strong></span> <span class='ocrx_word' id='word_1_224' title='bbox 579 3335 661 3408; x_wconf 77' lang='grc' dir='ltr'><strong><em>ἔλαχε</em></strong></span> <span class='ocrx_word' id='word_1_225' title='bbox 680 3337 714 3392; x_wconf 87' lang='lat' dir='ltr'><strong><em>V.</em></strong></span> <span class='ocrx_word' id='word_1_226' title='bbox 807 3344 848 3425; x_wconf 74' lang='lat'><strong><em>²⁶:</em></strong></span> <span class='ocrx_word' id='word_1_227' title='bbox 868 3334 966 3410; x_wconf 72' lang='grc' dir='ltr'><strong><em>ᾇητάς]</em></strong></span> <span class='ocrx_word' id='word_1_228' title='bbox 987 3336 1060 3410; x_wconf 72' lang='grc' dir='ltr'><strong><em>ὁητά</em></strong></span> <span class='ocrx_word' id='word_1_229' title='bbox 1080 3344 1112 3399; x_wconf 92' lang='grc' dir='ltr'><strong><em>Ρ.</em></strong></span> 
     </span>
     <span class='ocr_line' id='line_1_30' title="bbox 79 3405 1114 3535; baseline 0.008 -74"><span class='ocrx_word' id='word_1_230' title='bbox 79 3423 275 3535; x_wconf 33' lang='lat' dir='ltr'><strong><em>[aava</em></strong></span> <span class='ocrx_word' id='word_1_231' title='bbox 292 3407 322 3463; x_wconf 89' lang='lat' dir='ltr'><strong><em>P.</em></strong></span> <span class='ocrx_word' id='word_1_232' title='bbox 412 3412 452 3464; x_wconf 78' lang='lat'><strong><em>18.</em></strong></span> <span class='ocrx_word' id='word_1_233' title='bbox 472 3409 504 3481; x_wconf 87' lang='grc' dir='ltr'><strong><em>η]</em></strong></span> <span class='ocrx_word' id='word_1_234' title='bbox 524 3405 553 3463; x_wconf 86' lang='grc' dir='ltr'><strong><em>οί</em></strong></span> <span class='ocrx_word' id='word_1_235' title='bbox 568 3407 602 3462; x_wconf 90' lang='lat' dir='ltr'><strong><em>V.</em></strong></span> <span class='ocrx_word' id='word_1_236' title='bbox 696 3413 739 3464; x_wconf 77' lang='lat'><strong><em>25.</em></strong></span> <span class='ocrx_word' id='word_1_237' title='bbox 761 3406 838 3464; x_wconf 81' lang='grc' dir='ltr'><strong><em>ἔπειτ</em></strong></span> <span class='ocrx_word' id='word_1_238' title='bbox 870 3408 943 3478; x_wconf 59' lang='lat' dir='ltr'><strong><em>Vah,</em></strong></span> <span class='ocrx_word' id='word_1_239' title='bbox 962 3408 1058 3469; x_wconf 78' lang='grc' dir='ltr'><strong><em>έπειτε</em></strong></span> <span class='ocrx_word' id='word_1_240' title='bbox 1079 3414 1114 3487; x_wconf 86' lang='grc' dir='ltr'><strong><em>Ρ,</em></strong></span> 
     </span>
    </p>
   </div>
   <div class='ocr_carea' id='block_1_8' title="bbox 0 0 1186 3796">
    <p class='ocr_par' dir='ltr' id='par_1_16' title="bbox 0 0 1186 3796">
     <span class='ocr_line' id='line_1_31' title="bbox 0 0 1186 3796; baseline 0 0"><span class='ocrx_word' id='word_1_241' title='bbox 0 0 1186 3796; x_wconf 95' lang='lat' dir='ltr'><strong><em> </em></strong></span> 
     </span>
    </p>
   </div>
  </div>
 </body>
</html>
