2362 3796
69 148 135 213 506
222 148 379 201 SCHOLIA
396 148 436 199 IN
454 148 729 201 ELEMENTORUM
746 146 886 201 LIBRUM
899 147 933 203 X.

69 285 87 356 5
112 287 234 375 μὲν
197 316 262 376 γαρ
281 299 307 356 5
334 289 390 357 καί
413 316 431 358 ο
457 293 488 360 ἴς
516 286 807 375 συντιθέμενοι
774 313 835 357 τον
857 293 895 357 αἶ
922 292 1087 359 ποιοῦσιν

69 393 281 481 τετράγωνον
305 393 397 481 ὄντα,
421 422 439 463 ο
426 393 554 463 δὲ’
517 422 555 463 κε
577 393 665 463 καί
652 422 670 463 ο
689 385 716 464 5
737 398 874 463 ποιοῦσι
890 393 951 462 τδν
969 398 1014 463 λδ
1037 393 1085 525 μή

71 502 153 569 ὄντα
175 500 396 587 τετράγωνον.
434 499 488 569 διὸ
507 498 716 588 ὑποθέμενοι
736 502 798 570 δύο
817 497 987 589 άριδμοὺς
1003 499 1084 582 τοὺς

70 616 102 673 Α
106 615 135 674 Β
143 605 212 674 Γ”
190 634 292 694 αμφω
311 605 480 695 άρτίουςή
494 607 668 695 περιττοὺς
681 632 723 675 κα
725 604 890 695 ίὸμοίους
903 608 1086 689 ἐπιπέδους

33 709 153 780 οὑστε
180 713 241 782 τὸν
269 716 302 795 ἐξ
330 711 442 781 αὐτῶν
470 718 690 800 συγκείμενον
715 712 848 793 πάντως
869 715 1085 802 τετράγωνον

70 824 227 903 γίνεσθαι
255 818 465 909 εὑρίσκοντες
491 819 553 888 τὸν
580 817 645 888 άπὸ
670 828 738 888 ΒΔ
763 817 976 907 τετράγωνον
1006 838 1085 906 συγ-

68 931 223 1010 κείμενον
250 924 315 994 ὑπό
345 930 406 994 τοὺ
429 932 533 994 ΑΒΓ
560 926 616 994 καί
643 929 705 993 τοῦ
732 922 797 993 άπὸ
822 930 896 993 ΓΔ·
932 926 991 993 καί
1017 923 1084 1013 γὰρ

70 1033 219 1120 ἑκάτεροι
237 1032 452 1119 τετράγωνοι,
476 1028 494 1099 5
514 1030 576 1119 μὲν
591 1036 700 1116 ΑΒΓ,
719 1032 832 1118 ἐπειδὴ
852 1030 954 1118 άμφω
969 1029 1086 1118 ὅμοιοί

70 1144 134 1207 είσι
152 1137 365 1224 τετράγωνοι,
385 1141 446 1207 ἐάν
463 1138 501 1206 δὲ
515 1136 628 1224 ὅμοιοι
642 1140 793 1206 ἐπίπεδοι
808 1135 948 1223 ἀριθμοὶ
964 1143 1079 1205 πολλα-

18 1262 51 1310 10
70 1247 310 1324 πλασιάσαντες
325 1243 490 1330 ἀλλήλους
502 1248 628 1312 ποιεόσί
637 1270 724 1330 τινα,
743 1239 762 1313 5
777 1241 959 1331 γενόμενος
972 1239 1077 1327 τετρά·

68 1379 177 1439 μωνος
200 1356 301 1419 ἔσται.
346 1349 430 1418 άλλὰ
453 1351 508 1418 καί
531 1347 549 1418 5
574 1347 639 1419 άπὸ
664 1356 726 1418 ΓΔ
749 1348 962 1437 τετράγωνος.
1009 1355 1082 1427 ίσος

70 1458 107 1525 δὲ
135 1455 152 1525 5
182 1455 246 1525 ὑπὸ
271 1462 376 1524 ΑΒΓ
397 1455 479 1543 μετά
507 1459 569 1524 τοῦ
592 1463 655 1525 ΓΔ
681 1462 726 1548 τῷ
756 1453 820 1524 άπὸ
845 1462 924 1523 ΒΔ·
959 1452 1085 1523 εὐθεῖα

70 1566 134 1648 γάρ
158 1559 178 1649 5
203 1568 272 1630 ΑΓ
290 1565 442 1649 τέτμηται
465 1567 543 1649 δίχα
565 1560 647 1630 κατά
670 1565 709 1631 τὸ
735 1571 784 1648 Δ,
810 1562 866 1629 καὶ
888 1558 1084 1649 πρόσκειται

70 1667 152 1758 αὐτῇ
177 1665 227 1736 ἐπ’
253 1667 389 1748 εὐθείας
410 1667 431 1755 5
455 1675 529 1754 ΒΓ,
551 1670 607 1737 καί
631 1672 687 1736 διὰ
711 1670 810 1736 τοῦτο
832 1664 870 1735 τὺ
894 1664 959 1735 ὑπὸ
980 1673 1087 1737 ΑΒΓ

18 1797 51 1846 15
70 1780 150 1862 μετὰ
173 1785 235 1843 τοῦ
257 1773 323 1843 άπὸ
348 1781 409 1843 ΓΔ
433 1783 510 1843 ἴσον
533 1780 579 1868 τῷ
603 1773 667 1844 άπὸ
692 1782 768 1843 ΒΔ.

135 1885 209 1950 200.
246 1889 387 1971 Είρηται
415 1882 589 1968 πολλάκις,
622 1879 673 1950 ὅτι
701 1885 738 1949 at
763 1880 860 1968 μήκει
885 1878 948 1966 μὲν
976 1878 1084 1967 άσάμ-

68 2014 192 2075 μετροι,
217 1988 359 2075 δυνάμει
383 1988 420 2056 δὲ
444 1988 625 2077 σύμμετροι
648 1988 745 2074 ῥηταί
762 1990 945 2056 καλοῦνται
964 1984 1023 2055 διά
1042 1985 1081 2055 τδ

67 2098 108 2162 τά
127 2092 184 2162 ὑπ’
202 2092 312 2161 αὐτῶν
330 2095 520 2181 τετράγωνα
539 2091 709 2180 σύμμετρα
728 2089 901 2180 ὑπάρχειν.
930 2095 1084 2161 ἔστωσαν

70 2190 134 2266 οὖν
162 2197 224 2266 δύο
253 2197 385 2267 εὐθεῖαι
408 2201 445 2265 ac
465 2207 513 2284 A,
537 2196 630 2284 Β,
613 2226 635 2285 η
659 2198 720 2284 μὲν
743 2208 775 2266 Α
805 2195 887 2285 ῥητή
914 2200 1082 2267 ποδῶν
1062 2225 1083 2286 η

16 2324 51 2373 20
70 2302 200 2388 πήχεων
227 2299 248 2387 5
279 2300 312 2386 5,
332 2329 363 2370 τι
391 2305 507 2388 βούλει
539 2315 577 2390 η,
614 2306 651 2371 τὸ
682 2299 772 2370 δὲ’
754 2300 810 2370 στ’
841 2301 944 2389 αὐτῆς
969 2304 1083 2432 τετρά·

68 2434 181 2492 μωυου
209 2405 311 2490 ξδ,
296 2434 316 2492 η
345 2409 383 2475 δὲ
410 2416 438 2475 Β
465 2408 644 2495 τμημάτων
672 2435 687 2477 ε
713 2416 743 2490 ιζ
767 2418 830 2492 κθ,
861 2409 917 2476 καί
949 2408 987 2477 τὸ
1021 2405 1080 2479 ἄπ’

68 2511 171 2598 αὐτῆς
194 2539 210 2578 ε
235 2519 264 2594 ιζ
285 2523 331 2580 κδ
353 2514 564 2603 τετράγωνον
587 2541 637 2601 κη.
678 2520 768 2583 ἔστιν
792 2508 856 2582 οὖν
878 2517 998 2600 μείζων
1017 2540 1082 2600 μεν

69 2617 229 2687 εὐθεῖα*
212 2647 233 2706 η
259 2618 438 2706 ὀκτάπους,
467 2620 612 2689 ἐλάττων
641 2618 722 2689 δὲ
706 2648 726 2707 η
750 2648 766 2688 ε
790 2628 820 2702 ιζ
841 2630 902 2706 κθ,
929 2623 989 2689 καί
1009 2620 1081 2687 ἐστι

68 2724 105 2794 τὸ
129 2722 232 2811 μὲν’
214 2724 278 2793 απὸ
302 2731 360 2812 τής
383 2725 569 2807 ὀκτάποδος
591 2726 801 2814 τετράγωνον
820 2730 870 2812 ξδ,
893 2729 930 2794 τὸ
956 2721 1033 2793 δὲ’
1012 2724 1081 2793 απὸ

15 2857 50 2906 25
68 2836 125 2918 της
148 2859 164 2900 ε
184 2839 213 2914 ιζ
229 2839 338 2899 κδ’
294 2861 346 2920 κη.
386 2839 480 2902 καίε
482 2837 530 2900 ίσι
552 2831 592 2901 τά
616 2832 677 2919 μὲν
700 2831 891 2947 τετράγωνα
913 2834 954 2899 τὰ
977 2834 1082 2913 ξδ’
1036 2858 1079 2918 κη

69 2938 252 3026 σύμμετρα
289 2945 402 3026 ε’χουσι
428 2939 493 3064 γάρ
521 2941 639 3007 κοινὸν
667 2926 788 3025 μίτρὺν
816 2937 931 3007 τὸνδ.
976 2939 1014 3004 αί
1041 2937 1080 3006 δὲ

68 3042 199 3112 εὐθεῖαι
209 3043 426 3174 άσάμμετροι
449 3045 556 3172 μήκει,
580 3045 676 3133 ῥηταί
700 3043 738 3112 δὲ
761 3043 878 3112 διὰτὸ
902 3069 942 3109 τα
964 3047 1080 3130 τετρά-

67 3176 160 3233 γωνα
182 3149 223 3217 τά
242 3148 289 3216 άπ
292 3149 430 3218 ἀὐτῶν
452 3149 623 3238 σύμμετρα
646 3151 835 3237 τυγχάνειν,
858 3148 914 3216 καὶ
934 3148 1081 3219 δάνυται

67 3277 280 3286 ——--———-

139 3333 199 3383 τοο.
218 3327 282 3394 vaq
297 3327 362 3395 (Ρη.

129 3497 152 3546 6.
176 3485 373 3565 τετράγωνον]
392 3486 571 3561 τετραγώνου
587 3485 624 3541 Β.
692 3490 739 3541 Ὠ.
757 3487 889 3555 mant,
907 3478 967 3541 άπὸ
988 3489 1051 3543 ΓΔ.
