2362 3796
102 146 167 210 298
259 146 416 199 SOHOLIA
432 148 472 198 IN
488 146 764 198 ELEAOENTORUM
780 148 921 199 LIBRUM
935 149 967 202 V.

101 288 139 356 τὸ
157 289 192 375 γ’
211 291 272 355 τοῦ
290 286 325 373 β’
343 288 399 353 καί
416 290 478 355 τοῦ
497 291 517 353 δ
522 285 540 353 '.
577 283 637 353 ἐὰν
656 278 720 353 οὖν
738 293 856 375 ληφθῇ
870 289 980 366 ἰσάκις
992 296 1127 356 πολλα-

101 394 224 461 πλάσιοι
246 398 309 462 τοῦ
330 393 466 480 πρώτου
488 393 543 458 καὶ
566 397 682 482 τρίτου
704 390 815 478 ἤγουν
836 398 873 480 ῖη
895 395 952 460 καὶ
969 398 1029 462 νἰδ·
1053 421 1127 479 τρι-

101 504 244 567 πλάσιον
263 498 326 585 γάρ
345 497 383 566 τὸ
402 497 465 585 μέν
482 501 543 566 τοῦ
561 496 607 582 α’,
624 496 662 565 τὸ
683 497 721 565 δὲ
738 502 801 566 τοῦ
818 498 863 584 γ’·
898 499 955 566 καί
974 497 1024 567 δι’
1042 508 1125 569 ίσου

100 610 169 674 τάν
188 606 391 692 ληφθέντων
410 603 568 689 ἑκάτερον
587 603 746 691 ἑκατέρου
759 604 869 684 ἰσάκις
883 609 975 671 ἔσται
994 615 1125 674 πολλα-

67 737 83 785 5
102 711 246 779 πλάστου
264 739 301 779 το
288 710 384 786 μὲν
401 714 462 777 τοῦ
482 704 703 795 δευτέρου,
670 735 709 777 το
728 709 767 778 δὲ
778 712 900 778 τοῦδ’.
934 712 1123 791 ἑξαπλάσια

100 817 165 925 γάρ
189 817 315 904 ὁμοίως
336 815 449 883 καὶ
415 843 455 883 τα
480 844 513 902 ιη
536 820 605 884 τῶν
627 843 650 901 γ
630 814 783 883 καί
749 842 790 882 τα
812 820 855 884 τἰδ
877 819 946 884 τῶν
970 808 1000 885 6

478 1013 535 1077 Ad
556 1033 660 1096 prop.
682 1011 738 1077 IV.

167 1139 219 1203 43.
260 1139 367 1203 Τοῦτο
394 1133 432 1203 τὸ
459 1132 622 1220 θεάρημα
649 1138 708 1220 τῆς
730 1137 791 1201 τοῦ
815 1132 898 1220 ὅρου
921 1136 1013 1204 ἐστὶν
1036 1132 1120 1204 άπο-

102 1244 234 1322 δείξεως
260 1251 329 1309 τοῦν
358 1243 395 1307 έν
422 1251 467 1333 τῷ
497 1239 586 1332 αὐτῷ
615 1238 705 1330 λόγῳ
738 1250 909 1327 μεγεθῶν,
943 1239 982 1322 ὅς
1010 1243 1118 1310 έστιν·

49 1375 82 1425 10
100 1346 182 1417 ὅταν
200 1348 241 1414 τδι
259 1345 368 1426 ἰσάκις
386 1348 616 1415 πολλαπλάσια
634 1350 697 1414 τοῦ
710 1373 746 1415 τε
760 1347 897 1432 πράτου
915 1348 972 1415 καί
988 1353 1116 1434 τρίτου,

100 1454 250 1521 τουτέστι
277 1464 347 1521 τῶν
375 1451 591 1540 ἡγουμένων,
622 1456 692 1521 τῶν
719 1452 829 1534 ἰσάκις
855 1459 1117 1524 πολλαπλασίων

100 1563 169 1629 τῶν
196 1560 369 1646 ἑπομένου
396 1555 417 1644 ἣ
441 1558 509 1643 άμα
531 1555 674 1647 ὑπερέχῃ
702 1555 723 1644 6
747 1559 815 1644 ἅμα
843 1560 975 1647 ἐλλείπη
1003 1555 1117 1647 ἢάμα

102 1676 157 1734 ἰσα
179 1658 210 1754 ᾖ.
247 1663 300 1734 ὅτι
322 1664 379 1732 καὶ
403 1662 488 1733 αὐτὰ
512 1663 572 1732 τὸν
597 1661 702 1733 αὐτὸν
725 1662 841 1745 αὐτοῖς
863 1671 978 1752 ἔχουσι
1001 1667 1118 1753 λόγον,

101 1775 262 1841 ἐντεῦθεν
282 1776 463 1854 δείκνυται,
481 1768 716 1857 άπεσιοέπησεν
730 1770 768 1839 δὲ
780 1775 880 1839 τοῦτο
900 1774 937 1840 ἐν
956 1776 997 1860 τῇ
1016 1771 1117 1862 ἀρχῇ·

48 1905 83 1955 15
102 1877 143 1947 06
165 1877 231 1966 γάρ
254 1875 404 1964 ἠδύνατο
423 1877 533 1962 λέγειν
551 1877 662 1944 ἐκεῖνα
681 1873 770 1944 εἰναι
787 1878 824 1944 ἐν
842 1887 887 1967 τῷ
907 1874 997 1968 αὐτῷ
1017 1878 1118 1971 λόγῳ,

101 1977 150 2052 ὧν
174 1984 214 2052 τὰ
243 1983 475 2053 πολλαπλάσια
508 1985 544 2050 έν
574 1993 620 2073 τῷ
654 1980 744 2074 αὐτῷ
774 1983 863 2073 λόγῳ
891 1985 998 2069 έστίν,
1031 1982 1116 2055 αὐτὸ

100 2102 200 2160 τοῦτο
233 2089 329 2177 ἡμῶν
362 2089 566 2176 ζητούντων,
597 2095 633 2157 τί
655 2091 738 2159 ποτέ
763 2092 855 2158 ἐστιν
883 2092 920 2157 έν
948 2093 994 2179 τῷ
1023 2091 1116 2184 αὐτῷ

36 2262 39 2267 ,
100 2199 200 2287 λόγῳ.
245 2194 348 2263 εἰπάν
377 2187 441 2262 οὖν
469 2193 553 2264 αὐτὰ
582 2198 619 2264 έν
644 2199 684 2283 τῇ
708 2193 794 2284 άρχῇ
818 2193 886 2282 άμα
909 2193 1117 2283 ὑπερέχοντα

102 2298 121 2387 ἢ
146 2300 301 2382 ἰσάζοντα
329 2297 350 2386 ἢ
375 2302 568 2391 ἐλλείποντα
593 2304 764 2368 δείκνυσιν
787 2301 953 2387 ἐνταῦθα,
981 2298 1032 2370 ὅτι
1059 2301 1117 2369 καί

48 2434 83 2483 20
101 2408 138 2474 ἐν
152 2411 197 2498 τῷ
213 2404 303 2496 αὐτῷ
318 2408 408 2497 λόγῳ
423 2405 507 2492 πρὸς
515 2405 642 2492 άλληλά
654 2411 753 2474 εἰσιν·
768 2404 853 2475 ὥστε
862 2404 1117 2494 ἀναφαίνεσθαι

100 2512 160 2581 τὸν
193 2511 275 2599 ὅρον
307 2512 367 2581 τὸν
395 2515 432 2581 ἐν
459 2517 504 2603 τῷ
533 2511 622 2602 αὐτῷ
651 2511 739 2603 λόγῳ
762 2516 932 2580 τοιοῦτον·
968 2510 1051 2580 ὅταν
1075 2512 1116 2581 τά

100 2623 160 2687 τοῦ
187 2618 323 2705 πράτου
349 2619 405 2686 καὶ
427 2624 544 2705 τρίτον
567 2619 676 2698 ἰσάκις
701 2616 932 2687 πολλαπλάσια
959 2620 1044 2706 πρὸς
1075 2619 1117 2688 τδι

99 2736 160 2795 τοῦ
193 2728 350 2812 δευτέρου
382 2725 438 2792 καί
472 2725 630 2813 τετάρτου
658 2724 766 2803 ἰσάκις
793 2723 1025 2793 πολλαπλάσια
1054 2723 1115 2793 τὸν

171 2909 213 2957 43
233 2900 380 2956 Ροονα
389 2919 408 2970 q
426 2876 478 2972 (τις
495 2897 527 2955 ιο
547 2897 682 2971 οεοιεριι
700 2900 803 2971 ενα)
822 2899 863 2972 (ι)

70 3094 72 3099 -
173 3070 198 3118 4.
222 3057 370 3149 ἑκάτερον]
394 3055 581 3146 ἕκατίρωνὶ).
673 3065 697 3114 6.
721 3059 787 3131 καί]
811 3076 866 3115 om.
879 3052 919 3114 A
1010 3060 1066 3147 v6v
1084 3061 1114 3132 η]

15 3148 22 3160 ·
99 3134 236 3200 τριῶνΑ.
304 3124 434 3219 9ος]
412 3151 449 3192 ως
467 3130 558 3184 FVat
619 3135 660 3184 10.
679 3130 723 3202 τε]
743 3147 796 3185 om
816 3129 907 3185 FVat.
970 3137 1010 3186 12.
1030 3126 1115 3198 ὑπερ

100 3198 320 3328 {213666636
307 3201 428 3326 6446926
446 3201 512 3338 VaBt.
532 3275 550 3325 ὃ
576 3197 697 3256 ἐλλείπει
712 3201 871 3288 BFVatq.
899 3207 968 3326 Ρλδ.
987 3192 1018 3274 ᾗ]
1039 3153 1114 3258 ἐστίν

100 3363 154 3401 om.
174 3292 247 3429 q.a
258 3350 299 3399 16.
320 3272 412 3398 66]—
395 3289 523 3429 σιδάρῳ]
539 3267 922 3430 οείιοςῖνοάῦταδθωέίτσίν]
925 3267 1116 3469 ἐστιναδῗδιὲ

136 3421 178 3470 21.
199 3410 249 3468 τὸν
269 3410 353 3469 έν-
373 3411 462 3486 λόγῳ]
486 3434 542 3468 των
560 3407 655 3468 αὐτῶν
674 3410 810 3482 λόγωνη.
886 3409 977 3481 λόγον
996 3417 1066 3471 mut.

93 3483 234 3554 λόγωνΡ,
311 3492 353 3541 22
374 3468 481 3559 τρίτον]
500 3485 550 3541 τοῦ
569 3488 636 3557 posss
652 3485 708 3541 lae.
725 3485 760 3553 P,
774 3485 825 3539 τοῦ
844 3484 988 3552 τρίτουΒ.
