2362 3796
83 134 199 190 LXXVI
368 134 639 187 PROLEGOMENA
658 134 811 188 culmen.

85 292 202 346 operum
212 275 387 330 Archimedis
403 276 439 329 ab
450 273 563 329 homine
574 272 727 343 Byzantino
742 273 827 341 facta,
842 273 877 326 de
888 288 944 340 qua
954 271 1101 341 disputaui

84 355 163 410 Neue
177 355 353 410 Jahrbdcher
367 354 463 424 Suppl.
478 354 518 408 XI
531 374 558 424 p.
573 359 626 408 384
636 371 676 421 sq.
691 353 766 407 inter
780 370 850 422 quos
865 352 990 406 medium
1003 352 1099 407 locum

85 435 206 504 obtinet,
224 435 275 491 illo
293 434 409 490 inferior
423 434 581 504 diligentia,
599 434 653 489 hoc
666 433 771 502 peritia
783 433 999 487 mathematicos
1013 431 1100 502 longe

86 514 220 584 superior.
248 515 339 583 nobis,
356 532 474 584 qnorum
488 514 542 568 hoc
557 513 648 569 solum
661 514 779 568 interest
793 513 873 582 scire,
887 510 957 581 quid
966 511 1100 566 Euclides

87 594 242 665 scripserit,
268 612 325 649 non
347 594 463 665 probari
485 609 601 663 operam
618 592 742 648 Theonis
766 591 850 661 longe
874 591 932 646 alia
949 590 1098 646 uoluntate

86 677 253 743 susceptam,
266 674 328 743 quis
338 673 505 727 mirabitur?
524 672 671 740 discipulis
681 672 742 726 eius
752 672 783 725 in
790 672 888 726 Museo
898 671 1101 739 Alexandrino,

86 770 205 822 quornm
224 771 310 808 causa
328 753 389 808 sine
408 752 496 807 dubio
515 751 669 807 editionem
687 769 767 806 suam
785 751 903 820 curauit,
919 751 1008 805 -ibi
1026 752 1099 805 enim

86 850 158 889 saec.
168 835 209 889 IV
227 836 293 905 post
307 834 408 889 Chnn.
423 832 655 887 mathematicam
674 849 738 886 eum
756 831 913 901 professum
928 846 998 898 esse,
1017 830 1102 886 testis

12 920 16 927 '
86 915 130 970 est
148 914 248 969 Suidas
268 945 302 954 —
321 930 378 968 non
403 911 560 982 displicuit,
584 913 614 965 et
636 929 653 966 a
673 911 877 982 posterioribus
896 909 1013 965 Graecis
1031 910 1103 964 haec

87 993 173 1049 editio
193 993 251 1047 fere
270 992 333 1047 sola
351 991 565 1046 describebatur
587 993 617 1044 et
639 990 835 1060 lectitabatur,
858 992 901 1045 ita
922 993 955 1046 ut
972 989 1104 1044 recensio
1133 1029 1140 1042 .

88 1073 230 1141 antiquior
256 1088 311 1126 uno
336 1074 448 1126 tantum
466 1070 563 1126 codice
587 1071 625 1124 ad
647 1073 775 1126 nostmm
796 1073 908 1141 tempus
931 1071 1101 1127 seruaretur.

86 1155 202 1222 propter
219 1153 295 1206 hunc
317 1152 444 1206 fauorem
466 1152 597 1206 fortunae
620 1151 703 1205 nobis
727 1152 967 1221 congratulemur,
992 1148 1104 1204 Theoni

86 1233 141 1286 hoc
156 1231 351 1301 concedamus,
370 1231 417 1286 nix
431 1231 549 1287 meliora
563 1231 701 1299 nobisque
714 1231 831 1285 utiliora
843 1232 879 1285 ab
894 1247 928 1284 eo
943 1229 1104 1300 exspectari

87 1313 226 1382 potuisse,
251 1329 336 1380 quam
355 1329 425 1380 quae
443 1310 600 1379 praestitit,
625 1310 831 1380 editionemqne
850 1311 923 1378 eius,
946 1309 971 1364 si
988 1327 1047 1365 non
1066 1310 1104 1363 ad

88 1389 215 1446 Euclidis
234 1392 322 1445 uerba
340 1391 530 1458 restituenda,
554 1393 585 1444 at
602 1393 699 1445 tamen
718 1391 754 1444 ad
773 1391 897 1445 studium
914 1389 1105 1459 peritiamque

89 1470 305 1526 mathematicas
331 1473 407 1541 apud
430 1469 635 1525 Alexandrinos
659 1469 754 1537 quarti
778 1469 883 1524 saeculi
906 1470 1106 1538 cognoscenda

90 1552 119 1604 et
137 1550 174 1604 ad
193 1550 331 1605 rationem
349 1552 513 1606 recensendi
537 1549 678 1604 editorum
699 1549 881 1617 antiquorum
902 1547 1105 1603 illustrandam

88 1630 242 1700 plurimum
260 1633 396 1686 conferre.

522 1753 593 1830 Cap.
617 1754 671 1813 111.

91 1855 139 1908 De
157 1855 465 1918 interpolationibus
486 1854 715 1916 erroribusque
734 1857 811 1906 ante
828 1855 992 1906 wheonem
1011 1853 1103 1906 ortis.

160 1949 201 2003 Ex
219 1951 269 2019 iis,
288 1968 361 2020 quae
380 1951 411 2005 in
430 1967 491 2019 cap.
511 1950 524 2002 I
543 1949 762 2019 disputauimus,
781 1951 910 2018 adparet,
935 1947 1105 2018 scripturam

90 2028 195 2083 codicis
218 2029 241 2082 P
263 2033 293 2084 et
310 2031 518 2085 Theoninorum
543 2045 732 2096 communem,
760 2029 785 2083 si
806 2045 898 2097 pauca
920 2027 1039 2083 fortuita
1056 2042 1104 2080 ex-

90 2108 188 2178 cipias,
208 2109 296 2163 talem
313 2109 396 2163 nobis
415 2107 563 2162 Euclidem
581 2110 739 2177 praestare,
759 2108 851 2176 qualis
872 2123 889 2160 a
908 2107 1022 2162 Graecis
1040 2121 1104 2161 sae-

91 2186 149 2240 culi
173 2187 269 2255 quarti
286 2186 437 2255 legeretur.
476 2186 603 2239 sedtum
622 2186 679 2240 iam
697 2188 762 2257 plus
782 2188 863 2242 annis
882 2185 1022 2242 sexcentis
1040 2185 1104 2240 Ele·

91 2268 187 2320 menta
200 2282 251 2335 per
264 2282 363 2319 manus
378 2266 555 2321 librariorum
563 2265 883 2335 mathematicommque
893 2265 1000 2319 tradita
1015 2267 1107 2320 erant.

90 2344 187 2413 itaque
207 2346 313 2399 certum
332 2348 389 2413 est,
412 2348 500 2401 uerba
518 2346 645 2402 Euclidis
668 2347 726 2400 iam
749 2349 809 2400 tum
828 2345 936 2400 mendis
954 2344 1107 2413 inquinata

90 2424 187 2478 fuisse.
207 2441 240 2479 ea
249 2424 354 2494 partim
363 2425 488 2480 librariis
502 2427 608 2496 partim
617 2426 868 2495 interpolatoribns
878 2424 967 2480 tribui
975 2426 1106 2495 possunt.

92 2502 169 2571 quod
179 2505 214 2558 ad
224 2503 354 2560 librarios
365 2505 483 2574 adtinet,
493 2505 551 2560 iam
559 2522 644 2574 supra
651 2525 678 2575 p.
684 2505 814 2561 XXXVII
824 2505 955 2574 uidimus,
966 2504 1107 2574 quaedam

91 2582 234 2638 Thoonem
252 2583 397 2654 fefellisse,
417 2602 490 2654 quae
509 2602 526 2640 a
540 2585 744 2656 posterioribus
758 2585 788 2640 in
802 2585 944 2641 nonnullis
959 2583 1108 2640 codicibus

92 2663 242 2717 emendata
266 2666 338 2720 sunt.
380 2665 425 2719 hic
447 2663 571 2734 primum
597 2681 704 2720 errores
727 2665 837 2734 aliquot
859 2666 1030 2732 adferemus,
1054 2663 1107 2733 qui

91 2743 121 2797 in
150 2744 280 2799 omnibus
308 2744 388 2801 codd.
412 2746 517 2799 nostris
544 2745 723 2813 reperiuntur
747 2761 798 2800 nec
822 2745 940 2801 fortuito
964 2743 1020 2801 orti
1034 2760 1108 2800 ‘esse

91 2827 209 2894 possunt
226 2827 256 2880 in
274 2824 415 2894 utrisque,
440 2824 490 2879 sed
514 2824 550 2878 ad
573 2824 681 2879 fontem
705 2842 881 2880 communem
898 2825 1013 2880 Theone
1032 2823 1108 2879 anti-

92 2905 221 2973 quiorem
242 2905 383 2959 referendi
406 2908 479 2960 sunt.
526 2904 586 2959 eius
616 2905 728 2974 generis
751 2907 795 2960 est
819 2901 955 2960 ἁπτέσθω
978 2921 1030 2974 pro
1054 2901 1107 2974 lq>-

92 2984 226 3041 απτέσθω
245 2986 258 3038 Ι
276 3003 304 3054 p.
324 2991 385 3052 216,
406 2992 448 3052 23,
472 3001 556 3053 quam
575 2983 786 3039 distinctionem
805 2985 903 3040 Theon
920 3000 978 3038 non
996 2985 1112 3039 curauit

93 3067 128 3133 (u.
149 3082 235 3135 supra
253 3085 280 3135 p.
300 3065 400 3133 LVII),
429 3061 571 3134 ἀνάλογον
591 3064 719 3119 additum
737 3065 764 3119 ΙΙ
782 3083 809 3133 p.
830 3069 873 3132 58,
893 3070 940 3131 17,
959 3060 1038 3119 ἔστιν
1057 3063 1107 3118 ad·

92 3143 183 3198 ditum
201 3145 214 3196 l
232 3164 258 3214 p.
280 3150 340 3211 188,
362 3151 394 3198 19
415 3145 475 3213 (cfr.
493 3162 520 3213 p.
542 3150 601 3210 182,
621 3147 661 3213 9),
686 3141 723 3199 ἄν
742 3144 876 3199 omissum
894 3143 935 3198 III
952 3161 979 3213 p.
999 3149 1061 3211 410,
1082 3150 1110 3212 7,

92 3225 142 3278 καὶ
160 3221 216 3278 ὑπὸ
243 3222 274 3277 τὸ
298 3220 368 3278 αὐτὸ
394 3218 468 3293 ὕψος
496 3223 535 3277 ΙΙΙ
559 3243 586 3293 p.
605 3230 652 3290 90,
678 3230 754 3291 7,13
784 3223 930 3291 omissum
959 3221 1109 3291 aliquanto

93 3302 207 3372 grauior
226 3319 302 3356 error
321 3305 364 3357 est
382 3304 394 3356 Ι
413 3323 440 3373 p.
458 3309 516 3370 186,
533 3309 565 3356 10
587 3305 616 3357 et
629 3303 660 3357 in
674 3303 722 3371 ΙΙΙ,
737 3308 753 3358 8
769 3306 804 3373 (u.
819 3304 875 3358 uol.
890 3305 903 3357 I
916 3321 944 3372 p.
962 3308 1013 3357 187
1027 3304 1113 3373 not).

93 3381 162 3437 alibi
189 3382 309 3437 fortasse
337 3399 394 3436 non
420 3400 496 3437 error
522 3382 645 3451 librarii,
679 3382 729 3436 sed
755 3381 939 3452 neglegentia
966 3382 1111 3450 quaedam

92 3461 220 3519 Euclidis
236 3462 266 3515 in
281 3463 364 3530 culpa
379 3465 434 3529 est3
455 3480 481 3518 u.
497 3465 509 3516 Ι
522 3480 550 3530 p.
563 3468 612 3516 131
628 3465 696 3531 not,
716 3481 743 3532 p.
754 3468 805 3518 281
819 3463 889 3528 not,
907 3478 935 3530 p.
946 3467 998 3518 283
1012 3463 1073 3517 not.
1083 3467 1116 3530 2,
