2362 3796
72 123 174 178 LXXX
357 123 627 176 PROLEGOMEIIA
645 122 798 175 CRITICA.

73 265 163 319 uideri
181 267 296 335 potest),
315 266 346 319 at
364 264 514 334 pleraeque
529 262 728 333 supposititiae
744 265 808 317 eunt
823 262 870 333 (66
883 262 1089 333 phaenomenis

77 363 104 398 u.
124 343 241 398 Studien
261 344 330 399 iiber
347 344 451 398 Euklid
469 362 497 413 p.
512 348 546 397 47
557 344 624 412 66.);
646 343 677 397 in
691 342 843 412 Apollonio
862 343 997 398 Eutocius
1015 359 1090 397 non-

75 423 167 478 nullas
187 423 296 478 addidit
313 425 402 495 (Neue
420 423 596 478 Jahrbiieher
615 423 711 491 Suppl.
731 423 769 476 XI
789 440 816 492 p.
832 423 957 492 36116).

146 502 272 558 eiusdem
299 503 409 572 generis
432 520 482 559 eae
505 501 687 557 dilatationes
715 501 987 558 demonstrationum
1014 505 1091 572 sunt,

78 581 135 650 ubi,
155 600 218 638 cum
236 582 366 639 Euclides
384 600 462 638 more
480 583 686 652 geometrarum
701 579 882 650 antiquorum
896 598 982 636 unum
997 582 1091 637 solum

76 678 171 718 casum
193 665 354 732 tractasset,
377 662 564 733 interpolator
586 660 709 729 reliquos
732 660 850 718 addidit
888 663 917 716 et
934 661 965 715 in
983 661 1034 729 Xl,
1053 667 1090 716 23

75 742 257 814 interpolatio
280 743 512 799 manifestissima
534 743 578 796 est
600 742 639 810 (6.
657 740 696 793 IV
719 741 898 810 petinet).
934 740 965 794 in
982 738 1034 806 III,
1056 747 1090 796 11

77 822 301 880 additamentum
319 840 433 893 prorsus
451 819 551 875 inutile
571 823 614 874 est
633 819 655 889 (I
673 839 702 889 p.
721 821 798 890 330);
817 821 848 875 in
866 819 913 888 VI,
931 825 966 875 27
984 838 1012 890 p.
1027 826 1090 890 420,

75 903 171 959 multis
188 905 224 960 de
242 903 332 958 causis
351 905 512 972 suspectum
531 901 567 969 (II
585 918 612 970 p.
633 907 683 955 161
703 903 761 956 not.
781 901 818 969 2),
836 898 958 954 Theonis
977 903 1029 955 est.

146 983 176 1037 in
195 981 337 1036 lemmatis
356 997 467 1049 quoquc
487 996 571 1049 saepe
590 981 642 1048 eet
662 996 710 1034 cur
729 980 898 1035 dubitamus.
929 997 986 1036 non
1003 982 1090 1036 modo

76 1063 214 1117 nonnulla
232 1078 249 1115 a
267 1061 381 1117 Theona
401 1060 651 1130 (Uipstanus)
670 1058 717 1114 uel
737 1058 824 1114 etiam
842 1062 908 1129 post
926 1077 990 1115 eum
1008 1059 1050 1130 (in
1063 1061 1092 1116 V

76 1143 113 1196 ad
131 1142 165 1209 X,
183 1147 227 1209 27,
242 1147 286 1208 23,
302 1148 345 1209 31,
360 1147 403 1209 32,
417 1146 460 1208 33,
476 1146 518 1209 34,
537 1159 564 1194 ιι.
584 1140 624 1192 ΙΙΙ
642 1158 670 1209 p.
690 1142 809 1209 38666.)
827 1137 998 1210 interpolata
1015 1143 1091 1197 sunt.

76 1220 126 1274 sed
150 1219 238 1274 etiam
260 1220 334 1280 inter
357 1238 402 1288 66,
427 1236 498 1290 6666
522 1235 618 1276 omnes
643 1218 753 1274 codices
774 1219 901 1288 tuentur,
924 1235 981 1274 non
999 1234 1092 1290 pauca

77 1302 208 1368 suspecta
226 1303 298 1369 sunt,
316 1301 437 1355 maxime
456 1301 560 1354 lemma
577 1302 643 1352 ante
662 1299 696 1367 X,
716 1303 751 1353 60
768 1315 796 1367 p.
818 1303 881 1367 180,
900 1314 956 1367 666
975 1298 1033 1354 iam
1051 1299 1092 1355 III

77 1397 105 1447 p.
127 1384 240 1449 128,1‘1
263 1381 350 1435 taeIte
373 1380 462 1435 utitur
485 1379 541 1448 (ΙΠ
562 1397 591 1449 p.
611 1384 661 1434 181
682 1380 759 1446 not).
798 1377 884 1432 etiam
903 1379 938 1433 de
956 1377 1091 1436 lemmate

78 1457 130 1524 VI,
150 1464 184 1512 22
202 1461 284 1530 satis,
307 1461 418 1529 opinor,
443 1462 565 1526 constat3
595 1475 661 1512 nam
683 1473 733 1525 per
757 1458 890 1527 ambages
909 1458 1093 1530 demonstrat,

77 1540 152 1607 quod
172 1555 187 1593 e
205 1538 252 1608 VI,
271 1546 306 1594 20
325 1539 420 1594 statim
441 1539 570 1594 concludi
589 1539 715 1608 poterat,
739 1553 797 1606 qua
818 1538 994 1606 apertissime
1012 1539 1043 1594 iu
1060 1557 1091 1595 re

79 1618 164 1673 simili
183 1619 312 1674 Euclides
335 1637 401 1675 usus
420 1621 462 1673 est
480 1617 528 1685 VI,
547 1622 581 1672 28
601 1636 628 1687 p.
645 1621 705 1683 164,
722 1622 754 1670 16
774 1620 810 1683 (u.
825 1616 852 1669 ΙΙ
870 1636 897 1687 p.
914 1624 965 1673 166
979 1621 1037 1676 not.
1053 1622 1092 1690 2),

80 1698 130 1752 ubi
152 1699 252 1753 eadem
276 1699 384 1755 occasio
405 1698 547 1753 lemmatis
570 1697 670 1753 fuerat.
712 1697 750 1765 X,
769 1702 804 1751 20
827 1715 854 1766 p
873 1703 926 1753 384
949 1718 989 1755 nr.
1010 1706 1025 1755 'l
1045 1701 1092 1755 de·

79 1781 235 1833 monstrare
254 1783 378 1849 conatur,
398 1780 473 1849 quod
491 1780 521 1833 in
534 1777 560 1831 X
578 1777 633 1832 def.
649 1782 666 1829 4
684 1775 859 1845 suppositum
879 1781 934 1844 est3
953 1779 1028 1848 quod
1042 1779 1090 1835 ab·

79 1859 193 1913 surdum
211 1864 262 1915 est.
300 1860 360 1930 XII,
379 1866 397 1914 4
415 1878 443 1930 p.
464 1864 514 1914 162
533 1858 587 1913 hoc
605 1857 635 1911 in
651 1854 787 1910 lemmate
807 1856 938 1928 offendit,
961 1861 1037 1927 quod
1056 1861 1091 1916 de

83 1937 279 1993 altitudinibus
298 1940 328 1994 in
346 1941 436 2010 figura
454 1956 511 1993 non
530 1936 621 1990 ductis
638 1950 690 1989 nec
708 1950 759 2003 per
776 1936 887 1992 litteras
902 1938 1020 2008 signatis
1034 1939 1091 1992 dis·

81 2018 193 2084 seritur;
212 2035 302 2087 neque
322 2019 397 2072 enim
414 2018 468 2072 hoc
487 2016 572 2071 moris
593 2018 636 2070 est
649 2015 788 2082 Euclidis;
806 2020 955 2085 praeterea
971 2014 1006 2072 τὰ
1020 2037 1090 2087 παρ-

82 2094 341 2164 atterminatis&
361 2094 418 2151 ἀπὸ
437 2097 494 2150 τῶν
514 2094 672 2164 εἰρημένων
686 2095 849 2165 πρισμάτων
865 2092 1092 2169 ἀναγραφόμενα

80 2192 97 2229 6
116 2191 241 2230 sermone
261 2175 386 2230 Euclidis
405 2175 548 2243 abhorret;
567 2170 768 2245 ἄναγρᾶφιται
786 2177 860 2230 enim
879 2176 1049 2246 quadratum
1061 2179 1093 2235 in

80 2257 170 2321 recta,
195 2254 314 2309 solidum
332 2256 361 2309 in
380 2257 470 2327 figura
487 2257 585 2326 plana,
609 2271 754 2322 nunquam
771 2255 1045 2328 parallelepipedum
1063 2260 1093 2314 in

79 2332 223 2402 priemate.
261 2334 296 2389 de
315 2335 388 2405 XIII,
403 2344 419 2391 2
438 2355 465 2406 p.
480 2341 532 2390 264
550 2353 577 2390 6.
592 2353 619 2404 p.
636 2339 688 2388 266
703 2336 761 2389 not.
780 2336 817 2404 (p.
835 2341 896 2405 264,
913 2343 945 2391 11
960 2337 1092 2394 Euclides

81 2412 197 2466 dixisset
224 2408 268 2468 ὅτι
296 2411 364 2470 odat
389 2411 511 2471 ἐλάττων
536 2414 612 2471 ἐστὶν
639 2410 657 2484 ἡ
682 2416 767 2482 διπλῆ
790 2416 841 2482 τῆς
863 2420 918 2471 ΑΓ
941 2409 992 2487 τῆς
1016 2422 1092 2489 ΓΒ).

82 2495 230 2561 praeterea
247 2495 276 2548 in
294 2496 436 2551 lemmatis
450 2497 497 2565 Vl,
517 2503 564 2564 22,
588 2495 649 2563 XII,
668 2501 698 2563 4,
724 2494 799 2563 XIII,
818 2501 834 2550 2
853 2495 882 2550 id
897 2513 1009 2567 quoque
1023 2517 1092 2555 non-

81 2572 153 2626 nihil
168 2573 313 2630 offensioni
328 2579 378 2644 est,
394 2577 468 2646 quod
480 2579 516 2631 66
526 2572 733 2646 propositiones
742 2573 942 2643 praecedentes
951 2577 1096 2647 pertinent

83 2654 112 2707 et
131 2655 231 2723 postea
249 2658 412 2720 ostendunt,
436 2673 509 2727 6666
531 2657 561 2710 in
587 2653 777 2724 propositione
800 2657 935 2724 usurpata
954 2659 1032 2726 sunt;
1061 2674 1094 2714 eo

82 2734 156 2788 enim
180 2735 253 2790 ratio
278 2737 441 2807 artificiosa,
468 2752 524 2804 qua
546 2732 698 2803 disciplina
718 2734 929 2790 Elementorum
952 2737 1096 2794 exstructa

83 2816 139 2880 est,
163 2816 293 2869 turbatur
317 2820 346 2869 et
369 2817 562 2886 corrumpitur.
600 2815 699 2869 eadem
719 2815 752 2868 de
772 2830 858 2869 causa
880 2819 1012 2885 suspecta
1030 2820 1096 2872 eunt
1156 2868 1158 2872 ,

82 2893 216 2949 lemmata
234 2894 282 2963 XI,
296 2901 340 2963 23,
358 2895 432 2965 XIII,
448 2901 481 2949 13
501 2897 573 2965 (tum
587 2892 736 2947 delendum
750 2892 790 2946 IV
806 2911 835 2963 p.
851 2900 911 2963 230,
928 2902 960 2950 13
976 2891 1014 2960 ὡς
1029 2893 1095 2966 ἑξῆς

83 2974 276 3044 δειχθήσεται,
295 2975 325 3029 id
340 2977 414 3044 quod
430 2974 626 3044 discrepantiis
641 2973 768 3028 codicum
783 2973 820 3028 ad
833 2992 861 3044 p.
872 2980 933 3045 200,
945 2982 978 3032 13
993 2993 1095 3048 magno

84 3069 168 3122 opere
192 3054 403 3125 confirmatur),
419 3055 491 3122 XIII,
512 3061 558 3124 18,
580 3068 682 3124 perse
704 3070 804 3123 parum
822 3055 989 3111 necessaria.
1031 3059 1097 3112 sunt

84 3132 170 3185 etiam
194 3132 268 3188 inter
289 3135 361 3211 haee
387 3133 534 3202 lemmata,
563 3135 660 3190 contra
688 3150 761 3202 quae
788 3149 804 3188 e
831 3135 945 3192 scholiis
972 3137 1097 3208 antiquis

85 3209 253 3266 documenta
279 3213 339 3282 peti
360 3213 507 3284 possint.*)
552 3214 657 3268 lemma
681 3212 718 3266 ad
736 3213 802 3284 XII,
827 3222 843 3270 2
867 3231 992 3286 666666,
1020 3217 1097 3286 6666

84 3322 296 3331 ——--—-

155 3379 180 3450 ³¹²)
199 3379 243 3435 Ne
257 3383 310 3436 hoc
325 3382 437 3451 quidem
448 3385 682 3453 praetereundum
691 3387 743 3448 eet,
758 3385 833 3453 quod
847 3383 880 3452 is,
894 3384 943 3455 qui
954 3384 1098 3455 glossema

84 3446 123 3503 IV
141 3469 168 3522 p.
188 3457 249 3520 292,
268 3459 301 3506 27
317 3470 357 3521 66,
377 3454 499 3521 addidIt,
529 3453 589 3509 sine
612 3454 697 3509 dubio
719 3455 823 3509 lemma
841 3455 918 3524 XIII,
939 3460 972 3509 13
996 3474 1025 3527 p.
1044 3462 1098 3512 234
1145 3482 1150 3490 ·
