2362 3796
106 135 173 199 334
256 135 412 187 SGHOLIA
429 136 468 186 IN
486 134 760 186 EIAEMENTORUM
777 133 916 185 LIBRUM
929 135 977 187 Ἦ.

105 274 168 364 γὰρ
184 278 306 354 ἐντοῖς
325 272 416 362 ὅροις
434 278 495 341 τοῦ
515 275 544 341 ε’
562 279 739 360 στοιχείου,
758 274 811 341 ὅτι
830 271 977 359 ὁμόλογα
991 275 1121 360 μεγέθη

105 383 234 467 λέγεται
246 381 286 449 τὰ
301 381 362 468 μέν
376 380 547 468 ἡγούμενα
559 393 630 459 τοῖς
643 376 853 466 ἡγουμένοις,
866 378 907 448 τά
922 379 960 447 δὲ
975 379 1123 467 ἑπόμενα

105 501 175 567 τοῖς
198 487 380 574 ἑπομένοις.

457 614 460 619 -
492 578 548 643 Ad
570 599 676 662 prop.
699 575 739 642 V.

176 702 224 768 18.
262 695 373 783 Λοιπὴ
396 698 463 786 ἀρα
485 695 506 783 ἡ
531 695 615 784 πρὸς
632 706 678 786 τῷ
697 706 730 764 Α
752 722 783 783 p.
803 700 858 781 88,
876 700 935 781 22]
960 697 1032 765 ἐπεὶ
1055 692 1121 785 γάρ

71 802 229 883 ςπαντὸς
255 803 424 891 τριγώνου
451 806 489 870 αί
512 816 601 888 τρεῖς
628 806 749 888 γωνίαι
776 801 876 869 δυσίν
904 799 1028 889 ὀρθαῖς
1051 811 1121 872 ἶσαι

104 916 207 996 είσίυ,
237 906 281 988 ὡς
308 907 364 976 θιά
392 912 453 975 τού
477 906 532 994 λβ’
555 911 618 975 τού
641 907 675 975 α’
699 907 946 994 ἀποδέδεικται,
973 913 1013 976 αί
1032 924 1121 996 τρεῖς

106 1014 193 1104 ὁμοῦ
216 1020 338 1102 γωνίαι
361 1017 422 1082 τού
441 1011 518 1092 ἑνὸς
540 1012 709 1100 τριγώνου
730 1027 802 1095 ταῖς
823 1013 934 1102 τρισὶν
953 1012 1042 1103 ὁμοῦ
1060 1019 1123 1085 τού

105 1123 221 1210 ἑτέρου
243 1120 412 1208 τριγώνου
435 1130 504 1188 ίσαι
528 1125 604 1188 είσί·
641 1119 682 1187 τὰ
704 1120 768 1206 γὰρ
795 1125 841 1212 τῷ
869 1119 959 1213 αύτῷ
984 1130 1042 1190 ίσα
1064 1123 1122 1191 καὶ

105 1227 262 1315 ἀλλήλοις
284 1237 341 1295 ίσα
365 1229 464 1295 ἐστίν.
500 1223 725 1315 ἀφῃρέθησαν
748 1226 786 1294 δέ
808 1231 870 1295 τού
898 1225 975 1308 ἑνὸς
997 1232 1037 1296 αί
1057 1229 1120 1299 δύο

54 1362 87 1411 10
106 1340 227 1421 γωνίαι
244 1335 300 1402 καὶ
318 1337 380 1402 τού
399 1332 515 1418 ἑτέρου
532 1335 570 1399 αί
582 1332 645 1400 δύο
660 1341 731 1400 ίσαι
745 1324 844 1401 ούσαι
859 1331 961 1419 ἄμφω
981 1331 1122 1422 ἀμφοῖν.

103 1441 159 1508 καὶ
182 1439 203 1527 ἡ
227 1436 326 1527 λοιπὴ
350 1438 416 1527 ἀρα
438 1442 546 1525 γωνία
572 1441 634 1507 τοῦ
662 1436 739 1518 ἑνὸς
764 1438 933 1528 τριγώνου
954 1444 996 1529 τῇ
1020 1444 1120 1530 λοιπῇ

104 1551 165 1617 τοῦ
192 1544 307 1636 ἑτέρου
335 1554 390 1632 ίση
414 1545 505 1613 ἐστὶν
533 1542 824 1633 ὁμολογουμένως·
863 1544 924 1614 έάν
956 1545 1021 1635 γὰρ
1054 1545 1120 1615 ἀπὸ

105 1663 188 1722 ίοων
212 1661 268 1721 ίσα
292 1651 475 1742 ἀφαιρεθῇ,
498 1651 538 1722 τά
561 1652 824 1740 καταλειπόμενα
848 1661 905 1720 ίσα
928 1655 1029 1725 ἐστίν.

472 1850 529 1915 Ad
551 1874 658 1936 prop.
680 1849 754 1916 VH.

53 1997 85 2046 15
174 1978 223 2043 19.
258 1971 437 2060 Ἑκατέραν
462 1971 530 2058 ἀμα
557 1997 588 2058 p.
611 1975 670 2057 94,
696 1975 751 2055 18]
781 1968 859 2056 ὅρα,
892 1971 936 2056 μὴ
965 1970 1122 2061 συνάψης

104 2080 185 2166 μήτε
207 2079 290 2146 κατὰ
313 2075 376 2165 τὴν
400 2083 536 2146 ἔννοιαν
559 2076 641 2164 μήτε
663 2073 746 2143 κατὰ
770 2073 833 2162 τὴν
864 2074 1061 2162 ἀνάγνωσιν
1081 2074 1121 2144 τὸ

104 2182 263 2271 ἑκατέραν
290 2182 371 2269 μετὰ
399 2187 460 2250 τοῦ
488 2180 556 2268 ἀμα
586 2185 622 2250 ἐν
649 2186 695 2274 τῷ
720 2179 788 2272 ὅρῳ
813 2187 876 2250 τοῦ
899 2182 1069 2270 παρόντος
1092 2180 1120 2263 ζ’

104 2293 282 2374 στοιχείου·
315 2286 387 2355 ἀλλ’
410 2286 513 2354 είπών
535 2291 605 2354 τῶν
624 2291 753 2356 λοιπῶν
776 2284 936 2374 ἑκατέραν
958 2288 1014 2355 καὶ
1038 2285 1121 2356 ύπο-

104 2397 215 2475 στίξας
228 2393 391 2461 ἐντεῦθεν
405 2397 504 2478 ἔπαγε
519 2390 586 2479 ἅμα
599 2390 675 2480 ἤτοι
689 2392 856 2462 έλάσσονα
866 2390 887 2482 ἢ
898 2391 942 2480 μὴ
952 2392 1122 2462 έλάσσονα

51 2526 85 2574 20
105 2499 219 2587 ὀρθῆς.
258 2496 335 2566 οὔτε
352 2496 417 2586 γάρ
435 2497 518 2566 κατὰ
537 2499 784 2589 γραμματικοὺς
801 2506 985 2570 κοινωνίαν
1000 2503 1068 2587 ἔχει
1081 2496 1122 2567 τὸ

104 2605 260 2694 ἑκάτερον
270 2603 350 2692 μετὰ
364 2608 426 2673 τού
440 2602 519 2691 ἅμα,
534 2602 607 2673 ἀλλ’
620 2610 651 2674 εί
663 2603 832 2693 ἑκάτερον,
848 2602 910 2693 ούχ
924 2605 1005 2692 ἅμα,
1018 2605 1077 2673 καὶ
1090 2608 1122 2674 εί

104 2711 183 2799 ἅμα,
192 2711 253 2800 ούχ
262 2709 429 2800 ἑκάτερον,
438 2710 515 2780 ούτε
524 2710 606 2780 κατὰ
616 2710 678 2781 τὸν
686 2717 747 2781 τοῦ
756 2710 1122 2800 θεωρήματοςσιιοπύν·

103 2830 202 2888 τοῦτο
216 2818 281 2908 γὰρ
296 2819 452 2905 βούλεται
467 2824 605 2906 δηλοῦν,
624 2818 687 2905 ὅτι,
702 2816 817 2905 ὅτανὴ
833 2823 892 2905 μία
906 2821 975 2886 τών
989 2820 1121 2886 λοιπών

104 2926 167 2994 δύο
191 2937 326 3013 γωνιών
348 2930 457 3014 ταχθῇ
480 2925 633 2994 έλάσσων
657 2922 776 3012 ὀρθῆς,
798 2924 874 2993 τότε
897 2924 953 2991 καὶ
976 2920 999 3009 ἡ
1021 2919 1121 3012 ἑτέρα

52 3056 87 3105 25
105 3032 242 3120 τοιαύτη
264 3034 446 3119 ταττέσθω,
470 3031 552 3100 ὅταν
571 3031 609 3099 δέ
627 3029 648 3118 ἡ
667 3038 726 3117 μία
745 3028 808 3100 ούιι
826 3029 978 3100 έλάσσων
998 3027 1122 3119 ὀρθῆς,

103 3137 178 3205 τότε
200 3139 256 3205 ιιαὶ
279 3137 299 3225 ἡ
323 3138 417 3227 ἑτέρα
439 3138 577 3224 τοιαύτη
600 3139 778 3205 ταττέσθω.

176 3320 217 3368 18.
237 3320 249 3368 t
268 3311 364 3383 (νέον).
438 3322 478 3370 19.
497 3318 511 3369 t
529 3313 627 3385 (νέον).

59 3444 124 3586 ι
172 3477 214 3527 17.
236 3473 329 3545 Supra
348 3474 387 3549 τῷ
407 3468 462 3548 ὅρῳ
482 3490 532 3531 scr.
552 3474 612 3530 ead.
632 3490 717 3529 manu
735 3473 768 3544 τῇ
788 3469 960 3542 πρατάσειῒ.
