<?xml version="1.0" encoding="UTF-8"?>
<!DOCTYPE html PUBLIC "-//W3C//DTD XHTML 1.0 Transitional//EN"
    "http://www.w3.org/TR/xhtml1/DTD/xhtml1-transitional.dtd">
<html xmlns="http://www.w3.org/1999/xhtml" xml:lang="en" lang="en">
 <head>
  <title>
</title>
<meta http-equiv="Content-Type" content="text/html;charset=utf-8" />
  <meta name='ocr-system' content='tesseract 3.04.00' />
  <meta name='ocr-capabilities' content='ocr_page ocr_carea ocr_par ocr_line ocrx_word'/>
</head>
<body>
  <div class='ocr_page' id='page_1' title='image "./euclidisoperaom02unkngoog_0448.png"; bbox 0 0 2362 3796; ppageno 0'>
   <div class='ocr_carea' id='block_1_1' title="bbox 203 166 1068 230">
    <p class='ocr_par' dir='ltr' id='par_1_1' title="bbox 203 166 1068 230">
     <span class='ocr_line' id='line_1_1' title="bbox 203 166 1068 230; baseline 0.015 -12"><span class='ocrx_word' id='word_1_1' title='bbox 203 166 359 221; x_wconf 77' lang='lat' dir='ltr'><strong>scnom</strong></span> <span class='ocrx_word' id='word_1_2' title='bbox 376 170 416 222; x_wconf 76' lang='lat' dir='ltr'><strong>m</strong></span> <span class='ocrx_word' id='word_1_3' title='bbox 433 170 707 221; x_wconf 75' lang='grc' dir='ltr'><strong><em>ετοιιεωνοειυω</em></strong></span> <span class='ocrx_word' id='word_1_4' title='bbox 724 171 863 222; x_wconf 75' lang='grc' dir='ltr'><strong><em>τιοειυιι</em></strong></span> <span class='ocrx_word' id='word_1_5' title='bbox 876 171 923 223; x_wconf 85' lang='lat' dir='ltr'><strong><em>v1.</em></strong></span> <span class='ocrx_word' id='word_1_6' title='bbox 1005 166 1068 230; x_wconf 82' lang='lat'><strong><em>331</em></strong></span> 
     </span>
    </p>
   </div>
   <div class='ocr_carea' id='block_1_2' title="bbox 53 300 1072 711">
    <p class='ocr_par' dir='ltr' id='par_1_2' title="bbox 53 300 1072 711">
     <span class='ocr_line' id='line_1_2' title="bbox 53 300 1072 396; baseline 0.001 -21"><span class='ocrx_word' id='word_1_7' title='bbox 53 308 119 375; x_wconf 81' lang='grc' dir='ltr'><strong><em>τοῦ</em></strong></span> <span class='ocrx_word' id='word_1_8' title='bbox 141 311 163 393; x_wconf 64' lang='lat'><strong><em>{¹</em></strong></span> <span class='ocrx_word' id='word_1_9' title='bbox 185 305 358 393; x_wconf 80' lang='grc' dir='ltr'><strong><em>υπολόγου</em></strong></span> <span class='ocrx_word' id='word_1_10' title='bbox 379 313 507 394; x_wconf 79' lang='grc' dir='ltr'><strong><em>γίνεται</em></strong></span> <span class='ocrx_word' id='word_1_11' title='bbox 528 300 576 395; x_wconf 56' lang='grc' dir='ltr'><strong><em>ᾧ,</em></strong></span> <span class='ocrx_word' id='word_1_12' title='bbox 599 310 654 376; x_wconf 82' lang='grc' dir='ltr'><strong><em>καὶ</em></strong></span> <span class='ocrx_word' id='word_1_13' title='bbox 678 300 779 388; x_wconf 83' lang='grc' dir='ltr'><strong><em>αὖθις</em></strong></span> <span class='ocrx_word' id='word_1_14' title='bbox 798 306 816 377; x_wconf 86' lang='grc' dir='ltr'>ὁ</span> <span class='ocrx_word' id='word_1_15' title='bbox 835 313 897 376; x_wconf 84' lang='grc' dir='ltr'><strong><em>τοῦ</em></strong></span> <span class='ocrx_word' id='word_1_16' title='bbox 915 307 1072 396; x_wconf 80' lang='grc' dir='ltr'><em>ἡμιολίου</em></span> 
     </span>
     <span class='ocr_line' id='line_1_3' title="bbox 53 411 1071 502; baseline 0 -21"><span class='ocrx_word' id='word_1_17' title='bbox 53 411 226 502; x_wconf 77' lang='grc' dir='ltr'><strong><em>πρόλογος</em></strong></span> <span class='ocrx_word' id='word_1_18' title='bbox 242 417 319 498; x_wconf 81' lang='grc' dir='ltr'><strong><em>τρία</em></strong></span> <span class='ocrx_word' id='word_1_19' title='bbox 335 414 641 493; x_wconf 83' lang='grc' dir='ltr'><strong><em>πολυπλασιασθεὶς</em></strong></span> <span class='ocrx_word' id='word_1_20' title='bbox 654 412 734 501; x_wconf 81' lang='grc' dir='ltr'><strong><em>μετὰ</em></strong></span> <span class='ocrx_word' id='word_1_21' title='bbox 748 417 809 480; x_wconf 85' lang='grc' dir='ltr'><strong><em>τοῦ</em></strong></span> <span class='ocrx_word' id='word_1_22' title='bbox 823 416 886 481; x_wconf 76' lang='grc' dir='ltr'><strong><em>δύο</em></strong></span> <span class='ocrx_word' id='word_1_23' title='bbox 900 412 1071 500; x_wconf 77' lang='grc' dir='ltr'><strong><em>ὑπολόνου</em></strong></span> 
     </span>
     <span class='ocr_line' id='line_1_4' title="bbox 54 510 1071 607; baseline 0.001 -22"><span class='ocrx_word' id='word_1_24' title='bbox 54 523 186 605; x_wconf 73' lang='grc' dir='ltr'><strong><em>γίνεται</em></strong></span> <span class='ocrx_word' id='word_1_25' title='bbox 218 519 267 604; x_wconf 79' lang='grc' dir='ltr'><strong><em>ἕξ,</em></strong></span> <span class='ocrx_word' id='word_1_26' title='bbox 300 510 350 588; x_wconf 73' lang='grc' dir='ltr'><strong><em>ὧν</em></strong></span> <span class='ocrx_word' id='word_1_27' title='bbox 382 518 556 599; x_wconf 79' lang='grc' dir='ltr'><strong><em>θιπλάσιός</em></strong></span> <span class='ocrx_word' id='word_1_28' title='bbox 588 522 678 588; x_wconf 87' lang='grc' dir='ltr'><strong><em>ἐστιν</em></strong></span> <span class='ocrx_word' id='word_1_29' title='bbox 706 517 724 587; x_wconf 90' lang='grc' dir='ltr'>ὁ</span> <span class='ocrx_word' id='word_1_30' title='bbox 751 512 788 607; x_wconf 54' lang='grc' dir='ltr'><em>ᾧ</em></span> <span class='ocrx_word' id='word_1_31' title='bbox 814 523 944 605; x_wconf 79' lang='grc' dir='ltr'><strong><em>πρῶτος</em></strong></span> <span class='ocrx_word' id='word_1_32' title='bbox 970 527 1071 587; x_wconf 87' lang='grc' dir='ltr'><strong><em>πολυ-</em></strong></span> 
     </span>
     <span class='ocr_line' id='line_1_5' title="bbox 54 623 272 711; baseline 0 -19"><span class='ocrx_word' id='word_1_33' title='bbox 54 623 272 711; x_wconf 89' lang='grc' dir='ltr'><strong><em>πλασιασμός.</em></strong></span> 
     </span>
    </p>
   </div>
   <div class='ocr_carea' id='block_1_3' title="bbox 56 787 1124 1190">
    <p class='ocr_par' dir='ltr' id='par_1_3' title="bbox 56 787 1124 1190">
     <span class='ocr_line' id='line_1_6' title="bbox 445 787 1124 873; baseline -0.003 -21"><span class='ocrx_word' id='word_1_34' title='bbox 445 788 501 853; x_wconf 79' lang='lat' dir='ltr'><strong><em>Ad</em></strong></span> <span class='ocrx_word' id='word_1_35' title='bbox 524 809 627 873; x_wconf 84' lang='lat' dir='ltr'><strong>prop.</strong></span> <span class='ocrx_word' id='word_1_36' title='bbox 650 787 692 852; x_wconf 92' lang='lat' dir='ltr'><strong><em>II.</em></strong></span> <span class='ocrx_word' id='word_1_37' title='bbox 1108 812 1124 861; x_wconf 73' lang='grc' dir='ltr'><strong><em>ς</em></strong></span> 
     </span>
     <span class='ocr_line' id='line_1_7' title="bbox 126 903 1071 995; baseline -0.002 -21"><span class='ocrx_word' id='word_1_38' title='bbox 126 911 178 975; x_wconf 83' lang='grc'><strong><em>12.</em></strong></span> <span class='ocrx_word' id='word_1_39' title='bbox 211 903 282 974; x_wconf 79' lang='grc' dir='ltr'><strong><em>Ἐπὶ</em></strong></span> <span class='ocrx_word' id='word_1_40' title='bbox 306 905 369 994; x_wconf 79' lang='grc' dir='ltr'><strong><em>τὴν</em></strong></span> <span class='ocrx_word' id='word_1_41' title='bbox 387 916 453 976; x_wconf 91' lang='grc' dir='ltr'><strong><em>ΑΒ</em></strong></span> <span class='ocrx_word' id='word_1_42' title='bbox 476 908 622 978; x_wconf 79' lang='grc' dir='ltr'><strong><em>κάθετον</em></strong></span> <span class='ocrx_word' id='word_1_43' title='bbox 646 935 676 995; x_wconf 91' lang='lat' dir='ltr'><strong><em>p.</em></strong></span> <span class='ocrx_word' id='word_1_44' title='bbox 692 913 743 995; x_wconf 77' lang='lat'><strong><em>78,</em></strong></span> <span class='ocrx_word' id='word_1_45' title='bbox 759 912 814 993; x_wconf 85' lang='lat'><strong><em>18]</em></strong></span> <span class='ocrx_word' id='word_1_46' title='bbox 840 904 880 975; x_wconf 82' lang='grc' dir='ltr'><strong><em>οὐ</em></strong></span> <span class='ocrx_word' id='word_1_47' title='bbox 903 908 991 992; x_wconf 82' lang='grc' dir='ltr'><strong><em>λέγει</em></strong></span> <span class='ocrx_word' id='word_1_48' title='bbox 1009 903 1071 991; x_wconf 77' lang='grc' dir='ltr'><strong><em>τὴν</em></strong></span> 
     </span>
     <span class='ocr_line' id='line_1_8' title="bbox 57 1010 1071 1102; baseline -0.002 -20"><span class='ocrx_word' id='word_1_49' title='bbox 57 1018 141 1099; x_wconf 88' lang='grc' dir='ltr'><strong><em>ΕΔ,</em></strong></span> <span class='ocrx_word' id='word_1_50' title='bbox 164 1010 250 1081; x_wconf 82' lang='grc' dir='ltr'><strong><em>άλλά</em></strong></span> <span class='ocrx_word' id='word_1_51' title='bbox 273 1013 380 1101; x_wconf 87' lang='grc' dir='ltr'><strong><em>άλλην</em></strong></span> <span class='ocrx_word' id='word_1_52' title='bbox 402 1015 478 1083; x_wconf 86' lang='grc' dir='ltr'><strong><em>τινὰ</em></strong></span> <span class='ocrx_word' id='word_1_53' title='bbox 501 1014 563 1102; x_wconf 79' lang='grc' dir='ltr'><strong><em>τὴν</em></strong></span> <span class='ocrx_word' id='word_1_54' title='bbox 588 1016 780 1101; x_wconf 78' lang='grc' dir='ltr'><em>δυναμένην</em></span> <span class='ocrx_word' id='word_1_55' title='bbox 804 1012 910 1093; x_wconf 81' lang='grc' dir='ltr'><strong><em>οὕτως</em></strong></span> <span class='ocrx_word' id='word_1_56' title='bbox 933 1014 986 1082; x_wconf 80' lang='grc' dir='ltr'><strong><em>ἐπὶ</em></strong></span> <span class='ocrx_word' id='word_1_57' title='bbox 1008 1011 1071 1098; x_wconf 79' lang='grc' dir='ltr'><strong><em>τὴν</em></strong></span> 
     </span>
     <span class='ocr_line' id='line_1_9' title="bbox 56 1126 272 1190; baseline 0.014 -3"><span class='ocrx_word' id='word_1_58' title='bbox 56 1126 125 1187; x_wconf 90' lang='grc' dir='ltr'><strong><em>ΑΒ</em></strong></span> <span class='ocrx_word' id='word_1_59' title='bbox 148 1132 272 1190; x_wconf 76' lang='grc' dir='ltr'><strong><em>πεσεῖν.</em></strong></span> 
     </span>
    </p>
   </div>
   <div class='ocr_carea' id='block_1_4' title="bbox 432 1282 698 1368">
    <p class='ocr_par' dir='ltr' id='par_1_4' title="bbox 432 1282 698 1368">
     <span class='ocr_line' id='line_1_10' title="bbox 432 1282 698 1368; baseline 0.008 -22"><span class='ocrx_word' id='word_1_60' title='bbox 432 1282 488 1347; x_wconf 79' lang='lat' dir='ltr'><strong><em>Ad</em></strong></span> <span class='ocrx_word' id='word_1_61' title='bbox 511 1304 618 1368; x_wconf 85' lang='lat' dir='ltr'><strong>prop.</strong></span> <span class='ocrx_word' id='word_1_62' title='bbox 639 1282 698 1348; x_wconf 90' lang='lat' dir='ltr'><strong><em>HI.</em></strong></span> 
     </span>
    </p>
   </div>
   <div class='ocr_carea' id='block_1_5' title="bbox 56 1387 1125 3287">
    <p class='ocr_par' dir='ltr' id='par_1_5' title="bbox 56 1387 1125 2651">
     <span class='ocr_line' id='line_1_11' title="bbox 127 1387 1123 1493; baseline 0.002 -25"><span class='ocrx_word' id='word_1_63' title='bbox 127 1404 176 1469; x_wconf 85' lang='lat'><strong><em>13.</em></strong></span> <span class='ocrx_word' id='word_1_64' title='bbox 215 1410 404 1489; x_wconf 84' lang='grc' dir='ltr'><strong><em>Διαχθεϊσα</em></strong></span> <span class='ocrx_word' id='word_1_65' title='bbox 427 1400 447 1490; x_wconf 82' lang='grc' dir='ltr'><strong><em>η</em></strong></span> <span class='ocrx_word' id='word_1_66' title='bbox 472 1387 553 1471; x_wconf 70' lang='grc' dir='ltr'><strong><em>ΒΑθ</em></strong></span> <span class='ocrx_word' id='word_1_67' title='bbox 562 1405 771 1490; x_wconf 87' lang='grc' dir='ltr'><strong><em>συμπιπτέτω</em></strong></span> <span class='ocrx_word' id='word_1_68' title='bbox 796 1405 879 1493; x_wconf 77' lang='grc' dir='ltr'><strong><em>αὐτῇ</em></strong></span> <span class='ocrx_word' id='word_1_69' title='bbox 903 1429 933 1490; x_wconf 86' lang='lat' dir='ltr'><strong><em>p.</em></strong></span> <span class='ocrx_word' id='word_1_70' title='bbox 957 1408 1010 1489; x_wconf 81' lang='lat'><strong><em>82,</em></strong></span> <span class='ocrx_word' id='word_1_71' title='bbox 1034 1407 1068 1486; x_wconf 84' lang='lat'><strong><em>6]</em></strong></span> <span class='ocrx_word' id='word_1_72' title='bbox 1092 1430 1123 1479; x_wconf 87' lang='lat'><strong><em>10</em></strong></span> 
     </span>
     <span class='ocr_line' id='line_1_12' title="bbox 56 1505 1071 1597; baseline -0.001 -22"><span class='ocrx_word' id='word_1_73' title='bbox 56 1505 168 1576; x_wconf 86' lang='grc' dir='ltr'><strong><em>πόθεν</em></strong></span> <span class='ocrx_word' id='word_1_74' title='bbox 196 1510 317 1594; x_wconf 78' lang='grc' dir='ltr'><strong><em>δῆλον,</em></strong></span> <span class='ocrx_word' id='word_1_75' title='bbox 350 1506 401 1576; x_wconf 84' lang='grc' dir='ltr'><strong><em>ὅτι</em></strong></span> <span class='ocrx_word' id='word_1_76' title='bbox 428 1506 449 1595; x_wconf 78' lang='grc' dir='ltr'><em>ἡ</em></span> <span class='ocrx_word' id='word_1_77' title='bbox 474 1516 540 1577; x_wconf 89' lang='lat' dir='ltr'><strong><em>BA</em></strong></span> <span class='ocrx_word' id='word_1_78' title='bbox 569 1511 793 1596; x_wconf 76' lang='grc' dir='ltr'><strong><em>ἐκβαλλομένη</em></strong></span> <span class='ocrx_word' id='word_1_79' title='bbox 822 1515 1000 1597; x_wconf 81' lang='grc' dir='ltr'><strong><em>συμπίπτει</em></strong></span> <span class='ocrx_word' id='word_1_80' title='bbox 1031 1512 1071 1596; x_wconf 75' lang='grc' dir='ltr'><strong><em>τῇ</em></strong></span> 
     </span>
     <span class='ocr_line' id='line_1_13' title="bbox 57 1611 1072 1704; baseline 0 -23"><span class='ocrx_word' id='word_1_81' title='bbox 57 1619 124 1681; x_wconf 91' lang='grc' dir='ltr'><strong><em>ΓΕ</em></strong></span> <span class='ocrx_word' id='word_1_82' title='bbox 145 1611 276 1704; x_wconf 70' lang='grc' dir='ltr'><strong><em>εὐθείηη</em></strong></span> <span class='ocrx_word' id='word_1_83' title='bbox 308 1615 364 1681; x_wconf 82' lang='grc' dir='ltr'><strong><em>καὶ</em></strong></span> <span class='ocrx_word' id='word_1_84' title='bbox 386 1615 527 1701; x_wconf 80' lang='grc' dir='ltr'><strong><em>λέγομεν</em></strong></span> <span class='ocrx_word' id='word_1_85' title='bbox 546 1613 665 1694; x_wconf 82' lang='grc' dir='ltr'><strong><em>οὕτως·</em></strong></span> <span class='ocrx_word' id='word_1_86' title='bbox 689 1613 752 1699; x_wconf 88' lang='grc' dir='ltr'><strong><em>ὅτι,</em></strong></span> <span class='ocrx_word' id='word_1_87' title='bbox 776 1616 844 1683; x_wconf 82' lang='grc' dir='ltr'><strong><em>ἐπεὶ</em></strong></span> <span class='ocrx_word' id='word_1_88' title='bbox 863 1612 1072 1702; x_wconf 89' lang='grc' dir='ltr'><strong><em>παράλληλός</em></strong></span> 
     </span>
     <span class='ocr_line' id='line_1_14' title="bbox 58 1717 1071 1810; baseline -0.002 -22"><span class='ocrx_word' id='word_1_89' title='bbox 58 1717 193 1806; x_wconf 76' lang='grc' dir='ltr'><strong><em>ἐστινὴ</em></strong></span> <span class='ocrx_word' id='word_1_90' title='bbox 221 1729 293 1788; x_wconf 88' lang='grc' dir='ltr'><strong><em>ΑΔ</em></strong></span> <span class='ocrx_word' id='word_1_91' title='bbox 318 1731 359 1810; x_wconf 77' lang='grc' dir='ltr'><strong><em>τῇ</em></strong></span> <span class='ocrx_word' id='word_1_92' title='bbox 386 1727 464 1808; x_wconf 90' lang='grc' dir='ltr'><strong><em>ΓΕ,</em></strong></span> <span class='ocrx_word' id='word_1_93' title='bbox 497 1722 552 1789; x_wconf 81' lang='grc' dir='ltr'><strong><em>καὶ</em></strong></span> <span class='ocrx_word' id='word_1_94' title='bbox 580 1725 627 1800; x_wconf 83' lang='grc' dir='ltr'><strong><em>εἰς</em></strong></span> <span class='ocrx_word' id='word_1_95' title='bbox 655 1720 716 1807; x_wconf 74' lang='grc' dir='ltr'><strong><em>μὲν</em></strong></span> <span class='ocrx_word' id='word_1_96' title='bbox 743 1720 806 1807; x_wconf 80' lang='grc' dir='ltr'><strong><em>τὴν</em></strong></span> <span class='ocrx_word' id='word_1_97' title='bbox 833 1728 905 1788; x_wconf 88' lang='grc' dir='ltr'><strong><em>ΑΔ</em></strong></span> <span class='ocrx_word' id='word_1_98' title='bbox 933 1717 1071 1787; x_wconf 80' lang='grc' dir='ltr'><strong><em>εὐθεῖαν</em></strong></span> 
     </span>
     <span class='ocr_line' id='line_1_15' title="bbox 57 1822 1071 1913; baseline -0.004 -19"><span class='ocrx_word' id='word_1_99' title='bbox 57 1827 269 1913; x_wconf 75' lang='grc' dir='ltr'><strong><em>ἐμπέπτωκεν</em></strong></span> <span class='ocrx_word' id='word_1_100' title='bbox 287 1823 308 1912; x_wconf 82' lang='grc' dir='ltr'><em>ἡ</em></span> <span class='ocrx_word' id='word_1_101' title='bbox 325 1832 401 1912; x_wconf 87' lang='grc' dir='ltr'><strong><em>ΑΓ,</em></strong></span> <span class='ocrx_word' id='word_1_102' title='bbox 424 1828 479 1893; x_wconf 80' lang='grc' dir='ltr'><strong><em>καὶ</em></strong></span> <span class='ocrx_word' id='word_1_103' title='bbox 503 1831 550 1906; x_wconf 78' lang='grc' dir='ltr'><strong><em>εἰς</em></strong></span> <span class='ocrx_word' id='word_1_104' title='bbox 572 1826 634 1912; x_wconf 79' lang='grc' dir='ltr'><strong><em>τὴν</em></strong></span> <span class='ocrx_word' id='word_1_105' title='bbox 656 1832 728 1911; x_wconf 89' lang='grc' dir='ltr'><strong><em>ΓΕ,</em></strong></span> <span class='ocrx_word' id='word_1_106' title='bbox 752 1830 799 1905; x_wconf 80' lang='grc' dir='ltr'><strong><em>εἰς</em></strong></span> <span class='ocrx_word' id='word_1_107' title='bbox 823 1824 860 1892; x_wconf 78' lang='grc' dir='ltr'><strong><em>δέ</em></strong></span> <span class='ocrx_word' id='word_1_108' title='bbox 882 1823 944 1911; x_wconf 81' lang='grc' dir='ltr'><strong><em>τὴν</em></strong></span> <span class='ocrx_word' id='word_1_109' title='bbox 967 1830 1030 1891; x_wconf 88' lang='grc' dir='ltr'><strong><em>ΓΕ</em></strong></span> <span class='ocrx_word' id='word_1_110' title='bbox 1051 1822 1071 1910; x_wconf 80' lang='grc' dir='ltr'><em>ἡ</em></span> 
     </span>
     <span class='ocr_line' id='line_1_16' title="bbox 56 1929 1125 2019; baseline 0.004 -19"><span class='ocrx_word' id='word_1_111' title='bbox 56 1939 138 2017; x_wconf 88' lang='grc' dir='ltr'><strong><em>ΒΕ,</em></strong></span> <span class='ocrx_word' id='word_1_112' title='bbox 164 1932 221 1999; x_wconf 81' lang='grc' dir='ltr'><strong><em>καὶ</em></strong></span> <span class='ocrx_word' id='word_1_113' title='bbox 244 1936 292 2012; x_wconf 82' lang='grc' dir='ltr'><strong><em>εἰς</em></strong></span> <span class='ocrx_word' id='word_1_114' title='bbox 313 1930 377 2018; x_wconf 80' lang='grc' dir='ltr'><strong><em>τὴν</em></strong></span> <span class='ocrx_word' id='word_1_115' title='bbox 398 1941 470 1999; x_wconf 88' lang='grc' dir='ltr'><strong><em>ΑΔ</em></strong></span> <span class='ocrx_word' id='word_1_116' title='bbox 493 1936 653 2019; x_wconf 85' lang='grc' dir='ltr'><strong><em>ἐμπίπτει’</em></strong></span> <span class='ocrx_word' id='word_1_117' title='bbox 691 1936 722 1999; x_wconf 80' lang='grc' dir='ltr'><strong><em>εἰ</em></strong></span> <span class='ocrx_word' id='word_1_118' title='bbox 747 1929 811 2019; x_wconf 82' lang='grc' dir='ltr'><strong><em>γάρ</em></strong></span> <span class='ocrx_word' id='word_1_119' title='bbox 835 1929 998 2016; x_wconf 75' lang='grc' dir='ltr'><strong><em>δυνατόν,</em></strong></span> <span class='ocrx_word' id='word_1_120' title='bbox 1027 1930 1071 2016; x_wconf 85' lang='grc' dir='ltr'><strong><em>μὴ</em></strong></span> <span class='ocrx_word' id='word_1_121' title='bbox 1092 1955 1125 2004; x_wconf 79' lang='lat'><strong><em>16</em></strong></span> 
     </span>
     <span class='ocr_line' id='line_1_17' title="bbox 57 2033 1073 2127; baseline -0.004 -21"><span class='ocrx_word' id='word_1_122' title='bbox 57 2038 285 2125; x_wconf 84' lang='grc' dir='ltr'><strong><em>συμπιπτέτω,</em></strong></span> <span class='ocrx_word' id='word_1_123' title='bbox 317 2033 391 2104; x_wconf 78' lang='grc' dir='ltr'><strong><em>ἄλλ’</em></strong></span> <span class='ocrx_word' id='word_1_124' title='bbox 417 2043 500 2106; x_wconf 78' lang='grc' dir='ltr'><strong><em>ἔστω</em></strong></span> <span class='ocrx_word' id='word_1_125' title='bbox 529 2036 614 2127; x_wconf 77' lang='grc' dir='ltr'><strong><em>αὐτῇ</em></strong></span> <span class='ocrx_word' id='word_1_126' title='bbox 646 2037 866 2125; x_wconf 88' lang='grc' dir='ltr'><strong><em>παράλληλος.</em></strong></span> <span class='ocrx_word' id='word_1_127' title='bbox 916 2038 971 2103; x_wconf 83' lang='grc' dir='ltr'><strong><em>καὶ</em></strong></span> <span class='ocrx_word' id='word_1_128' title='bbox 1003 2037 1073 2103; x_wconf 80' lang='grc' dir='ltr'><strong><em>ἐπεὶ</em></strong></span> 
     </span>
     <span class='ocr_line' id='line_1_18' title="bbox 56 2141 1072 2233; baseline -0.001 -22"><span class='ocrx_word' id='word_1_129' title='bbox 56 2147 97 2233; x_wconf 75' lang='grc' dir='ltr'><strong><em>τῇ</em></strong></span> <span class='ocrx_word' id='word_1_130' title='bbox 120 2149 185 2212; x_wconf 93' lang='grc' dir='ltr'><strong><em>ΓΕ</em></strong></span> <span class='ocrx_word' id='word_1_131' title='bbox 205 2143 416 2231; x_wconf 90' lang='grc' dir='ltr'><strong><em>παράλληλός</em></strong></span> <span class='ocrx_word' id='word_1_132' title='bbox 438 2144 529 2212; x_wconf 87' lang='grc' dir='ltr'><strong><em>ἐστιν</em></strong></span> <span class='ocrx_word' id='word_1_133' title='bbox 551 2143 572 2232; x_wconf 82' lang='grc' dir='ltr'><em>ἡ</em></span> <span class='ocrx_word' id='word_1_134' title='bbox 597 2153 668 2211; x_wconf 88' lang='grc' dir='ltr'><strong><em>ΑΔ</em></strong></span> <span class='ocrx_word' id='word_1_135' title='bbox 689 2145 745 2211; x_wconf 83' lang='grc' dir='ltr'><strong><em>κοιλ</em></strong></span> <span class='ocrx_word' id='word_1_136' title='bbox 768 2141 788 2231; x_wconf 82' lang='grc' dir='ltr'><em>ἡ</em></span> <span class='ocrx_word' id='word_1_137' title='bbox 814 2150 893 2230; x_wconf 89' lang='grc' dir='ltr'><strong><em>ΒΑ,</em></strong></span> <span class='ocrx_word' id='word_1_138' title='bbox 918 2146 955 2209; x_wconf 81' lang='grc' dir='ltr'><strong><em>αλ</em></strong></span> <span class='ocrx_word' id='word_1_139' title='bbox 972 2142 1009 2210; x_wconf 78' lang='grc' dir='ltr'><strong><em>δὲ</em></strong></span> <span class='ocrx_word' id='word_1_140' title='bbox 1031 2145 1072 2231; x_wconf 78' lang='grc' dir='ltr'><strong><em>τῇ</em></strong></span> 
     </span>
     <span class='ocr_line' id='line_1_19' title="bbox 57 2245 1072 2340; baseline 0.001 -24"><span class='ocrx_word' id='word_1_141' title='bbox 57 2245 142 2338; x_wconf 78' lang='grc' dir='ltr'><strong><em>αὐτῇ</em></strong></span> <span class='ocrx_word' id='word_1_142' title='bbox 161 2247 281 2340; x_wconf 77' lang='grc' dir='ltr'><strong><em>εὐθείᾳ</em></strong></span> <span class='ocrx_word' id='word_1_143' title='bbox 298 2249 504 2338; x_wconf 92' lang='grc' dir='ltr'><strong><em>παράλληλοι</em></strong></span> <span class='ocrx_word' id='word_1_144' title='bbox 523 2252 578 2318; x_wconf 80' lang='grc' dir='ltr'><strong><em>καὶ</em></strong></span> <span class='ocrx_word' id='word_1_145' title='bbox 596 2247 756 2338; x_wconf 82' lang='grc' dir='ltr'><strong><em>ἀλλήλαις</em></strong></span> <span class='ocrx_word' id='word_1_146' title='bbox 774 2250 837 2317; x_wconf 76' lang='grc' dir='ltr'><strong><em>εἰσὶ</em></strong></span> <span class='ocrx_word' id='word_1_147' title='bbox 853 2248 1072 2336; x_wconf 88' lang='grc' dir='ltr'><strong><em>παράλληλοι·</em></strong></span> 
     </span>
     <span class='ocr_line' id='line_1_20' title="bbox 59 2352 1072 2444; baseline 0.002 -22"><span class='ocrx_word' id='word_1_148' title='bbox 59 2352 143 2423; x_wconf 75' lang='grc' dir='ltr'><strong><em>ὥστε</em></strong></span> <span class='ocrx_word' id='word_1_149' title='bbox 160 2353 251 2423; x_wconf 82' lang='grc' dir='ltr'><strong><em>καὶ</em></strong></span> <span class='ocrx_word' id='word_1_150' title='bbox 233 2383 254 2442; x_wconf 90' lang='grc' dir='ltr'><strong><em>η</em></strong></span> <span class='ocrx_word' id='word_1_151' title='bbox 270 2363 337 2424; x_wconf 92' lang='grc' dir='ltr'><strong><em>ΒΕ</em></strong></span> <span class='ocrx_word' id='word_1_152' title='bbox 356 2382 396 2444; x_wconf 86' lang='grc' dir='ltr'><strong><em>τη</em></strong></span> <span class='ocrx_word' id='word_1_153' title='bbox 382 2360 483 2423; x_wconf 88' lang='grc' dir='ltr'><strong><em>ΑΔ</em></strong></span> <span class='ocrx_word' id='word_1_154' title='bbox 501 2359 569 2425; x_wconf 88' lang='grc' dir='ltr'><strong><em>ἐστι</em></strong></span> <span class='ocrx_word' id='word_1_155' title='bbox 587 2356 807 2444; x_wconf 89' lang='grc' dir='ltr'><strong><em>παράλληλος.</em></strong></span> <span class='ocrx_word' id='word_1_156' title='bbox 845 2356 1005 2424; x_wconf 89' lang='grc' dir='ltr'><strong><em>συνέπεσε</em></strong></span> <span class='ocrx_word' id='word_1_157' title='bbox 1022 2356 1072 2424; x_wconf 75' lang='grc' dir='ltr'><strong><em>δέ</em></strong></span> 
     </span>
     <span class='ocr_line' id='line_1_21' title="bbox 59 2457 1125 2551; baseline 0.008 -24"><span class='ocrx_word' id='word_1_158' title='bbox 59 2457 122 2526; x_wconf 79' lang='grc' dir='ltr'><strong><em>οὐκ</em></strong></span> <span class='ocrx_word' id='word_1_159' title='bbox 144 2459 209 2544; x_wconf 87' lang='grc' dir='ltr'><strong><em>άρα</em></strong></span> <span class='ocrx_word' id='word_1_160' title='bbox 231 2460 442 2548; x_wconf 88' lang='grc' dir='ltr'><strong><em>παράλληλός</em></strong></span> <span class='ocrx_word' id='word_1_161' title='bbox 461 2465 550 2530; x_wconf 88' lang='grc' dir='ltr'><strong><em>ἐστιν</em></strong></span> <span class='ocrx_word' id='word_1_162' title='bbox 570 2459 672 2549; x_wconf 81' lang='grc' dir='ltr'><strong><em>ηΒΕ</em></strong></span> <span class='ocrx_word' id='word_1_163' title='bbox 687 2489 727 2551; x_wconf 88' lang='grc' dir='ltr'><strong><em>τη</em></strong></span> <span class='ocrx_word' id='word_1_164' title='bbox 713 2466 812 2530; x_wconf 93' lang='grc' dir='ltr'><strong><em>ΓΕ.</em></strong></span> <span class='ocrx_word' id='word_1_165' title='bbox 846 2463 1071 2549; x_wconf 82' lang='grc' dir='ltr'><strong><em>ἐκβαλλομένη</em></strong></span> <span class='ocrx_word' id='word_1_166' title='bbox 1091 2487 1125 2536; x_wconf 83' lang='lat'><strong><em>20</em></strong></span> 
     </span>
     <span class='ocr_line' id='line_1_22' title="bbox 59 2558 365 2651; baseline 0.03 -25"><span class='ocrx_word' id='word_1_167' title='bbox 59 2558 126 2646; x_wconf 89' lang='grc' dir='ltr'><strong><em>άρα</em></strong></span> <span class='ocrx_word' id='word_1_168' title='bbox 149 2569 365 2651; x_wconf 85' lang='grc' dir='ltr'><strong><em>συμπιπτέτω.</em></strong></span> 
     </span>
    </p>

    <p class='ocr_par' dir='ltr' id='par_1_6' title="bbox 57 2670 1125 3287">
     <span class='ocr_line' id='line_1_23' title="bbox 130 2670 1071 2760; baseline 0.009 -27"><span class='ocrx_word' id='word_1_169' title='bbox 130 2672 180 2736; x_wconf 90' lang='grc'><strong><em>14.</em></strong></span> <span class='ocrx_word' id='word_1_170' title='bbox 221 2670 312 2737; x_wconf 80' lang='lat' dir='ltr'><strong><em>Ac‘</em></strong></span> <span class='ocrx_word' id='word_1_171' title='bbox 295 2673 362 2742; x_wconf 89' lang='grc' dir='ltr'><strong><em>υπὸ</em></strong></span> <span class='ocrx_word' id='word_1_172' title='bbox 391 2680 504 2760; x_wconf 86' lang='grc' dir='ltr'>ΕΑΓ,</span> <span class='ocrx_word' id='word_1_173' title='bbox 529 2680 631 2741; x_wconf 90' lang='grc' dir='ltr'><strong><em>ΑΓΕ</em></strong></span> <span class='ocrx_word' id='word_1_174' title='bbox 660 2677 721 2742; x_wconf 78' lang='grc' dir='ltr'><strong><em>δύο</em></strong></span> <span class='ocrx_word' id='word_1_175' title='bbox 755 2673 872 2760; x_wconf 77' lang='grc' dir='ltr'><strong><em>ὀρθῶν</em></strong></span> <span class='ocrx_word' id='word_1_176' title='bbox 905 2673 1071 2752; x_wconf 83' lang='grc' dir='ltr'><strong><em>ἐλάττους·</em></strong></span> 
     </span>
     <span class='ocr_line' id='line_1_24' title="bbox 58 2770 1071 2866; baseline 0.004 -24"><span class='ocrx_word' id='word_1_177' title='bbox 58 2770 179 2842; x_wconf 78' lang='grc' dir='ltr'><strong><em>εὐθεῖα</em></strong></span> <span class='ocrx_word' id='word_1_178' title='bbox 201 2772 266 2863; x_wconf 77' lang='grc' dir='ltr'><strong><em>γάρ</em></strong></span> <span class='ocrx_word' id='word_1_179' title='bbox 288 2774 309 2863; x_wconf 80' lang='grc' dir='ltr'><em>ἡ</em></span> <span class='ocrx_word' id='word_1_180' title='bbox 329 2784 390 2846; x_wconf 92' lang='grc' dir='ltr'><strong><em>ΓΑ</em></strong></span> <span class='ocrx_word' id='word_1_181' title='bbox 412 2779 466 2848; x_wconf 80' lang='grc' dir='ltr'><strong><em>ἐπὶ</em></strong></span> <span class='ocrx_word' id='word_1_182' title='bbox 488 2778 551 2866; x_wconf 83' lang='grc' dir='ltr'><strong><em>την</em></strong></span> <span class='ocrx_word' id='word_1_183' title='bbox 570 2785 634 2846; x_wconf 92' lang='grc' dir='ltr'><strong><em>ΕΒ</em></strong></span> <span class='ocrx_word' id='word_1_184' title='bbox 658 2778 835 2865; x_wconf 78' lang='grc' dir='ltr'><strong><em>ἐφεστάτω.</em></strong></span> <span class='ocrx_word' id='word_1_185' title='bbox 871 2783 910 2846; x_wconf 79' lang='grc' dir='ltr'><strong><em>αἱ</em></strong></span> <span class='ocrx_word' id='word_1_186' title='bbox 925 2770 987 2846; x_wconf 82' lang='grc' dir='ltr'><strong><em>οὖν</em></strong></span> <span class='ocrx_word' id='word_1_187' title='bbox 1005 2775 1071 2846; x_wconf 84' lang='grc' dir='ltr'><strong><em>ὑπὸ</em></strong></span> 
     </span>
     <span class='ocr_line' id='line_1_25' title="bbox 59 2882 1075 2971; baseline 0.005 -26"><span class='ocrx_word' id='word_1_188' title='bbox 59 2886 175 2967; x_wconf 89' lang='grc' dir='ltr'>ΕΑΓ,</span> <span class='ocrx_word' id='word_1_189' title='bbox 198 2887 293 2950; x_wconf 90' lang='grc' dir='ltr'><strong><em>ΓΑΒ</em></strong></span> <span class='ocrx_word' id='word_1_190' title='bbox 322 2885 383 2952; x_wconf 77' lang='grc' dir='ltr'><strong><em>δύο</em></strong></span> <span class='ocrx_word' id='word_1_191' title='bbox 411 2886 530 2971; x_wconf 88' lang='grc' dir='ltr'><strong><em>ὀρθαί,</em></strong></span> <span class='ocrx_word' id='word_1_192' title='bbox 563 2884 720 2963; x_wconf 86' lang='grc' dir='ltr'><strong><em>ἐλάττους</em></strong></span> <span class='ocrx_word' id='word_1_193' title='bbox 747 2884 786 2951; x_wconf 71' lang='grc' dir='ltr'><strong><em>δὲ</em></strong></span> <span class='ocrx_word' id='word_1_194' title='bbox 809 2884 871 2951; x_wconf 75' lang='grc' dir='ltr'><strong><em>δύο</em></strong></span> <span class='ocrx_word' id='word_1_195' title='bbox 896 2882 1014 2971; x_wconf 78' lang='grc' dir='ltr'><strong><em>ὀρθάν</em></strong></span> <span class='ocrx_word' id='word_1_196' title='bbox 1038 2886 1075 2950; x_wconf 78' lang='grc' dir='ltr'><strong><em>αἱ</em></strong></span> 
     </span>
     <span class='ocr_line' id='line_1_26' title="bbox 58 2981 1125 3077; baseline 0.01 -25"><span class='ocrx_word' id='word_1_197' title='bbox 58 2981 124 3054; x_wconf 80' lang='grc' dir='ltr'><strong><em>ὑπὸ</em></strong></span> <span class='ocrx_word' id='word_1_198' title='bbox 148 2994 252 3057; x_wconf 90' lang='grc' dir='ltr'><strong><em>ΕΑΓ</em></strong></span> <span class='ocrx_word' id='word_1_199' title='bbox 279 2990 335 3058; x_wconf 82' lang='grc' dir='ltr'><strong><em>καλ</em></strong></span> <span class='ocrx_word' id='word_1_200' title='bbox 361 2988 426 3059; x_wconf 80' lang='grc' dir='ltr'><strong><em>ὑπὸ</em></strong></span> <span class='ocrx_word' id='word_1_201' title='bbox 455 2998 569 3075; x_wconf 89' lang='grc' dir='ltr'>ΓΑΔ,</span> <span class='ocrx_word' id='word_1_202' title='bbox 602 2981 651 3058; x_wconf 72' lang='grc' dir='ltr'><strong><em>οἷν</em></strong></span> <span class='ocrx_word' id='word_1_203' title='bbox 681 2987 702 3076; x_wconf 77' lang='grc' dir='ltr'><em>ἡ</em></span> <span class='ocrx_word' id='word_1_204' title='bbox 731 2986 797 3057; x_wconf 84' lang='grc' dir='ltr'><strong><em>ὑπὸ</em></strong></span> <span class='ocrx_word' id='word_1_205' title='bbox 820 2995 920 3057; x_wconf 87' lang='grc' dir='ltr'><strong><em>ΓΑΔ</em></strong></span> <span class='ocrx_word' id='word_1_206' title='bbox 950 2998 1004 3075; x_wconf 84' lang='grc' dir='ltr'><strong><em>λ’ση</em></strong></span> <span class='ocrx_word' id='word_1_207' title='bbox 1032 2993 1072 3077; x_wconf 77' lang='grc' dir='ltr'><strong><em>τῇ</em></strong></span> <span class='ocrx_word' id='word_1_208' title='bbox 1092 3014 1125 3063; x_wconf 78' lang='lat'><strong><em>26</em></strong></span> 
     </span>
     <span class='ocr_line' id='line_1_27' title="bbox 57 3087 1072 3183; baseline 0.004 -24"><span class='ocrx_word' id='word_1_209' title='bbox 57 3087 123 3160; x_wconf 79' lang='grc' dir='ltr'><strong><em>ὑπὸ</em></strong></span> <span class='ocrx_word' id='word_1_210' title='bbox 144 3103 177 3161; x_wconf 95' lang='grc' dir='ltr'>Α</span> <span class='ocrx_word' id='word_1_211' title='bbox 183 3099 248 3162; x_wconf 90' lang='grc' dir='ltr'><strong><em>ΓΕ</em></strong></span> <span class='ocrx_word' id='word_1_212' title='bbox 268 3095 325 3164; x_wconf 79' lang='grc' dir='ltr'><strong><em>διὰ</em></strong></span> <span class='ocrx_word' id='word_1_213' title='bbox 348 3097 387 3165; x_wconf 91' lang='grc' dir='ltr'><strong><em>τὸ</em></strong></span> <span class='ocrx_word' id='word_1_214' title='bbox 412 3098 565 3183; x_wconf 75' lang='grc' dir='ltr'><strong><em>ἐμπεσεῖν</em></strong></span> <span class='ocrx_word' id='word_1_215' title='bbox 589 3101 635 3176; x_wconf 82' lang='grc' dir='ltr'><strong><em>εἰς</em></strong></span> <span class='ocrx_word' id='word_1_216' title='bbox 657 3094 890 3183; x_wconf 79' lang='grc' dir='ltr'><strong><em>παραλλήλους</em></strong></span> <span class='ocrx_word' id='word_1_217' title='bbox 913 3094 972 3174; x_wconf 83' lang='grc' dir='ltr'><strong><em>τὰς</em></strong></span> <span class='ocrx_word' id='word_1_218' title='bbox 990 3103 1072 3181; x_wconf 88' lang='grc' dir='ltr'><strong><em>ΑΛ,</em></strong></span> 
     </span>
     <span class='ocr_line' id='line_1_28' title="bbox 58 3198 301 3287; baseline 0.021 -23"><span class='ocrx_word' id='word_1_219' title='bbox 58 3203 126 3264; x_wconf 92' lang='grc' dir='ltr'><strong><em>ΕΓ</em></strong></span> <span class='ocrx_word' id='word_1_220' title='bbox 143 3198 206 3287; x_wconf 84' lang='grc' dir='ltr'><strong><em>τὴν</em></strong></span> <span class='ocrx_word' id='word_1_221' title='bbox 229 3207 301 3269; x_wconf 95' lang='grc' dir='ltr'><strong><em>ΑΓ.</em></strong></span> 
     </span>
    </p>
   </div>
   <div class='ocr_carea' id='block_1_6' title="bbox 56 3318 272 3331">
    <p class='ocr_par' dir='ltr' id='par_1_7' title="bbox 56 3318 272 3331">
     <span class='ocr_line' id='line_1_29' title="bbox 56 3318 272 3331; baseline 0.019 -4"><span class='ocrx_word' id='word_1_222' title='bbox 56 3318 272 3331; x_wconf 82' lang='lat'><em>--——.—-</em></span> 
     </span>
    </p>
   </div>
   <div class='ocr_carea' id='block_1_7' title="bbox 131 3358 635 3417">
    <p class='ocr_par' dir='ltr' id='par_1_8' title="bbox 131 3358 635 3417">
     <span class='ocr_line' id='line_1_30' title="bbox 131 3358 635 3417; baseline 0.008 -5"><span class='ocrx_word' id='word_1_223' title='bbox 131 3364 172 3412; x_wconf 72' lang='lat'><strong><em>12,</em></strong></span> <span class='ocrx_word' id='word_1_224' title='bbox 191 3358 239 3415; x_wconf 67' lang='lat' dir='ltr'><strong><em>V‘.</em></strong></span> <span class='ocrx_word' id='word_1_225' title='bbox 317 3365 357 3415; x_wconf 79' lang='lat'><strong><em>13.</em></strong></span> <span class='ocrx_word' id='word_1_226' title='bbox 376 3360 451 3417; x_wconf 63' lang='grc' dir='ltr'><strong><em>ΒΨ.</em></strong></span> <span class='ocrx_word' id='word_1_227' title='bbox 527 3367 568 3415; x_wconf 90' lang='grc'><strong><em>14.</em></strong></span> <span class='ocrx_word' id='word_1_228' title='bbox 588 3362 635 3416; x_wconf 58' lang='grc' dir='ltr'><strong><em>Ψ.</em></strong></span> 
     </span>
    </p>
   </div>
   <div class='ocr_carea' id='block_1_8' title="bbox 59 3458 274 3571">
    <p class='ocr_par' dir='ltr' id='par_1_9' title="bbox 59 3458 274 3571">
     <span class='ocr_line' id='line_1_31' title="bbox 59 3458 274 3571; baseline 0 0"><span class='ocrx_word' id='word_1_229' title='bbox 59 3458 274 3571; x_wconf 66' lang='grc' dir='ltr'><strong><em>“”““ι</em></strong></span> 
     </span>
    </p>
   </div>
   <div class='ocr_carea' id='block_1_9' title="bbox 133 3498 1092 3572">
    <p class='ocr_par' dir='ltr' id='par_1_10' title="bbox 133 3498 1092 3572">
     <span class='ocr_line' id='line_1_32' title="bbox 133 3498 1092 3572; baseline -0.004 -19"><span class='ocrx_word' id='word_1_230' title='bbox 133 3505 174 3553; x_wconf 83' lang='grc'><strong><em>14.</em></strong></span> <span class='ocrx_word' id='word_1_231' title='bbox 193 3501 246 3553; x_wconf 86' lang='grc' dir='ltr'><strong><em>καί</em></strong></span> <span class='ocrx_word' id='word_1_232' title='bbox 280 3516 334 3557; x_wconf 88' lang='lat' dir='ltr'><strong><em>om.</em></strong></span> <span class='ocrx_word' id='word_1_233' title='bbox 353 3499 387 3556; x_wconf 90' lang='lat' dir='ltr'><strong><em>V.</em></strong></span> <span class='ocrx_word' id='word_1_234' title='bbox 454 3507 496 3558; x_wconf 81' lang='lat'><strong><em>19.</em></strong></span> <span class='ocrx_word' id='word_1_235' title='bbox 516 3500 673 3560; x_wconf 81' lang='grc' dir='ltr'><strong><em>συνέπεσεν</em></strong></span> <span class='ocrx_word' id='word_1_236' title='bbox 689 3503 727 3561; x_wconf 69' lang='grc' dir='ltr'><strong><em>Β.</em></strong></span> <span class='ocrx_word' id='word_1_237' title='bbox 784 3498 1092 3572; x_wconf 48' lang='lat' dir='ltr'><strong><em>mmmm&amp;</em></strong></span> 
     </span>
    </p>
   </div>
   <div class='ocr_carea' id='block_1_10' title="bbox 0 0 1189 3796">
    <p class='ocr_par' dir='ltr' id='par_1_11' title="bbox 0 0 1189 3796">
     <span class='ocr_line' id='line_1_33' title="bbox 0 0 1189 3796; baseline 0 0"><span class='ocrx_word' id='word_1_238' title='bbox 0 0 1189 3796; x_wconf 95' lang='lat' dir='ltr'><strong><em> </em></strong></span> 
     </span>
    </p>
   </div>
  </div>
 </body>
</html>
