2362 3796
106 139 174 205 690
380 140 563 191 4444444444
582 138 819 190 senonem
832 140 854 192 1.

106 287 166 349 καί
186 284 273 349 εἰσιν
301 287 367 349 ἴσα.
408 278 469 347 έάν
497 270 562 346 οὖν
590 282 757 365 διαχθώσι
783 276 959 368 διάμετροι
985 279 1041 347 ἐπὶ
1063 284 1131 349 τών

107 384 328 474 τετραγώνων
351 383 397 465 ώς
419 386 580 471 γενέσθαι
602 384 665 471 τὴν
688 388 750 454 τοῦ
774 385 850 465 ένδς
871 386 1024 455 κάθετον
1047 386 1133 475 πρὸς

108 492 168 572 τὰς
189 496 258 560 τών
281 497 410 560 λοιαών
435 489 514 577 δύο,
543 490 772 578 δειχθήσεται,
801 489 847 572 ώς
871 492 928 560 καὶ
950 493 1046 579 παρὰ
1070 498 1133 562 τοῦ

109 603 324 685 στοιχειωτοῦ
347 601 482 685 ἐδείχθη
507 600 558 681 [ἐν
580 601 635 686 τῇ]
663 602 725 666 τοῦ
749 596 934 686 ὀκταέδρου
958 599 1131 668 συστάσει.

73 727 91 777 ο
177 708 208 774 5.
249 703 297 772 Τδι
319 705 440 792 κέντρα
463 715 532 772 τῶν
554 705 630 792 περὶ
652 703 693 772 τά
713 709 860 791 τρίγωνα
882 702 1030 773 κύκλων.
1079 704 1131 793 ἥγ-

109 821 230 880 θωσαν
252 823 325 890 ταῖς
347 809 465 895 βάσεσι
482 814 551 878 τών
571 808 745 896 τριγώνων
763 810 974 897 παράλληλοι
993 814 1032 878 αί
1051 819 1130 896 ΗΘ,

110 924 187 1002 ΘΚ,
202 923 282 1002 ΚΛ,
297 923 376 985 ΛΗ.
404 914 753 1003 παραλληλόγραμμον
768 914 835 1002 άρα
849 917 918 985 ἐστὶ
931 915 971 985 τὸ
988 923 1130 984 ΗΘΚΛ

110 1025 369 1109 τετράπλευρον·
405 1019 490 1090 ἀλλὰ
517 1022 574 1090 καὶ
597 1021 812 1106 ἰσόπλευρον·
848 1021 910 1091 τὸν
932 1021 1001 1108 γάρ
1025 1020 1129 1091 αὐτὸν

111 1131 216 1216 λόγον
239 1134 376 1216 ἔχουσιν
398 1131 436 1196 αἱ
452 1126 568 1213 βάσεις
584 1132 654 1197 τών
673 1127 848 1215 τριγώνων
867 1127 950 1216 πρὸς
969 1129 1032 1209 τὰς
1050 1153 1130 1216 παρ

59 1258 94 1308 10
113 1237 277 1322 αλλήλους
299 1234 356 1302 διὰ
381 1232 444 1319 τὴν
468 1233 614 1319 ἰσότητα.
650 1230 737 1301 ἀλλὰ
759 1233 815 1300 καὶ
835 1232 1058 1320 ὀρθογώνιον
1078 1232 1131 1302 διὰ

112 1339 150 1410 τό
175 1340 200 1408 ι’
225 1344 287 1410 τοῦ
310 1339 369 1408 ια’.

179 1451 209 1517 6.
237 1444 309 1514 Ὅτι
332 1445 370 1513 δὲ
393 1443 621 1533 ὀρθογώνιον,
644 1449 750 1533 δῆλον
773 1447 947 1514 ἐντεῦθεν·
972 1447 1046 1515 ἐπεὶ
1068 1447 1131 1534 γάρ

113 1558 161 1634 εἰς
178 1553 241 1641 τὴν
255 1558 325 1620 ΠΟ
343 1548 463 1619 εὐθεῖα
481 1548 502 1637 ἡ
517 1557 552 1619 Κ
556 1559 587 1618 Λ
606 1552 776 1639 ἐφέστηκε,
794 1551 854 1633 τάς
872 1553 991 1639 ἐφεξῆς
1005 1560 1132 1639 γωνίας

113 1658 172 1739 τὰς
194 1657 260 1728 ὑπὸ
281 1664 352 1725 ΠΛ
358 1664 401 1744 Κ,
421 1663 456 1724 Κ
460 1663 491 1724 Λ
498 1664 527 1724 0
551 1657 650 1726 δυσὶν
674 1654 796 1746 ὀρθαῖς
819 1667 892 1738 ἴσας
911 1658 1062 1746 ποιήσει·
1086 1651 1148 1728 ὧν.

61 1787 96 1836 14
115 1770 152 1834 αδ
178 1763 243 1834 ὑπὸ
273 1770 393 1849 ΚΛΘ,
421 1770 540 1831 ΜΛΠ
568 1766 628 1852 μιᾷ
656 1760 746 1852 ὀρθῇ
775 1771 857 1831 ἴσαι·
894 1763 1036 1851 ἑκατέρα
1070 1765 1132 1851 γὰρ

114 1870 248 1960 ἡμίσεια
271 1870 392 1959 ὀρθῆς·
424 1867 524 1956 λοιπὴ
547 1865 614 1953 άρα
636 1865 657 1955 ἡ
680 1867 748 1937 ὑπὸ
773 1876 843 1938 ΚΛ
850 1877 889 1937 Μ
915 1859 1006 1957 ὀρθή
1034 1874 1132 1941 ἐστιν.

115 1976 275 2058 ὡσαύτως
295 1977 352 2046 καὶ
375 1978 413 2043 αἱ
433 1980 555 2044 λοιπαί.

184 2090 213 2152 7.
245 2082 319 2168 Ἴση
347 2080 413 2169 άρα
440 2078 461 2168 ἡ
484 2087 553 2148 ΝΘ
579 2084 620 2170 τῇ
644 2087 717 2148 ΜΘ
744 2106 774 2168 p.
797 2085 856 2170 44,
881 2086 934 2165 12]
965 2085 1040 2153 ἐπεὶ
1068 2091 1133 2172 τρί-

115 2217 228 2278 γωνον
253 2186 455 2275 ἰσόπλευρόν
483 2189 552 2255 ἐστι
579 2188 617 2255 τό
641 2193 756 2273 ΒΑΓ,
790 2189 851 2256 δύο
876 2188 977 2256 δυσὶν
1001 2189 1135 2260 εὐθεῖαι

63 2317 98 2367 20
117 2300 156 2364 αἱ
175 2303 253 2379 ΒΑ,
271 2301 348 2378 ΑΘ,
371 2298 441 2376 ΓΑ,
461 2298 527 2358 ΑΘ
550 2301 621 2359 ἴσαι
643 2296 717 2361 εἰσί.
762 2292 818 2359 καὶ
840 2293 937 2378 βάσις
959 2295 982 2382 ἡ
1007 2304 1074 2366 ΘΒ
1098 2310 1136 2386 τῇ

116 2407 183 2470 ΘΓ
203 2409 270 2485 ἴση·
299 2400 335 2466 ἐκ
357 2398 499 2485 κέντρου
521 2396 585 2483 γὰρ
608 2401 670 2466 τοῦ
693 2398 768 2485 περὶ
786 2399 824 2467 τὸ
843 2406 946 2468 ΑΒΓ
964 2408 1137 2490 τρίγωνον

117 2505 252 2574 κύκλου.
298 2510 367 2570 ἴσαι
390 2500 455 2588 άρα
479 2504 516 2568 αἱ
541 2499 607 2569 ὑπὸ
632 2511 747 2590 ΒΑΘ,
771 2511 875 2573 ΘΑΓ
896 2512 1030 2591 γωνίαι.
1081 2511 1137 2579 διὰ

118 2616 216 2680 τοῦτο
243 2609 284 2695 δὴ
307 2611 364 2677 καὶ
386 2605 407 2694 ἡ
432 2607 528 2695 βάσις
550 2608 758 2696 τμηθήσεται
782 2615 869 2698 δίχα.

186 2722 216 2787 8.
258 2716 306 2783 Τὰ
333 2715 454 2801 κέντρα
485 2719 554 2782 τών
586 2714 782 2802 ἐφεστώτων
810 2718 1033 2807 τετραγώνων
1062 2722 1140 2811 ἤτοι

64 2845 100 2896 25
119 2828 188 2894 τών
210 2825 342 2892 κύκλων
366 2831 434 2890 τών
453 2821 528 2951 μερὶ
546 2825 650 2889 ταῦτα
668 2825 893 2911 γραφομένων
911 2851 932 2911 η
951 2824 994 2894 τά
1013 2846 1139 2918 σημεῖα

120 2939 249 3020 μᾶλλον
276 2927 332 3012 τά,
365 2925 410 2994 δι’
441 2919 490 2995 ών
520 2931 558 2994 αδ
583 2931 760 3015 διηγμέναι
787 2930 920 2999 εὐθεῖαι
951 2934 1139 3021 τέμνουσιν

119 3035 272 3123 ἀλλήλας.

193 3201 217 3251 5
237 3194 276 3250 V²
296 3195 388 3264 (adp.
407 3199 452 3264 44,
470 3195 557 3262 4sq..)
656 3199 679 3249 6.
697 3194 743 3248 V’
765 3195 884 3298 (nescio,
903 3211 959 3264 quo
978 3201 1140 3268 pertineat;

121 3265 234 3321 l'tterae
253 3266 356 3320 nullibi
369 3266 559 3335 conueniunt).
633 3271 657 3319 7.
676 3265 723 3320 V⁹.
796 3271 821 3322 8.
841 3266 889 3321 V².

77 3434 80 3439 .
239 3409 343 3491 ζητῇ]
116 3370 498 3490 ψ4μεωυη4
560 3413 591 3463 V.
600 3401 711 3531 ’4444444
727 3424 798 3464 4444
815 3407 849 3463 V.
909 3413 952 3463 22.
972 3410 1046 3484 ἴσαι]
1067 3431 1139 3470 corr.

63 3452 216 3560 ι
166 3421 217 3568 ῑέη
239 3491 278 3550 V
358 3485 409 3564 αῑ4
394 3489 518 3564 4444444.
534 3477 626 3536 4444
