<?xml version="1.0" encoding="UTF-8"?>
<!DOCTYPE html PUBLIC "-//W3C//DTD XHTML 1.0 Transitional//EN"
    "http://www.w3.org/TR/xhtml1/DTD/xhtml1-transitional.dtd">
<html xmlns="http://www.w3.org/1999/xhtml" xml:lang="en" lang="en">
 <head>
  <title>
</title>
<meta http-equiv="Content-Type" content="text/html;charset=utf-8" />
  <meta name='ocr-system' content='tesseract 3.04.00' />
  <meta name='ocr-capabilities' content='ocr_page ocr_carea ocr_par ocr_line ocrx_word'/>
</head>
<body>
  <div class='ocr_page' id='page_1' title='image "./euclidisoperaom02unkngoog_0826.png"; bbox 0 0 2362 3796; ppageno 0'>
   <div class='ocr_carea' id='block_1_1' title="bbox 335 154 1086 218">
    <p class='ocr_par' dir='ltr' id='par_1_1' title="bbox 335 154 1086 218">
     <span class='ocr_line' id='line_1_1' title="bbox 335 154 1086 218; baseline 0.016 -13"><span class='ocrx_word' id='word_1_1' title='bbox 335 156 516 206; x_wconf 77' lang='lat' dir='ltr'><strong>APPENDIX</strong></span> <span class='ocrx_word' id='word_1_2' title='bbox 537 155 774 206; x_wconf 74' lang='lat' dir='ltr'>scflomoRUM</span> <span class='ocrx_word' id='word_1_3' title='bbox 792 157 828 208; x_wconf 83' lang='grc' dir='ltr'><strong><em>Π.</em></strong></span> <span class='ocrx_word' id='word_1_4' title='bbox 1022 154 1086 218; x_wconf 70' lang='grc'><strong><em>309</em></strong></span> 
     </span>
    </p>
   </div>
   <div class='ocr_carea' id='block_1_2' title="bbox 70 291 1130 2710">
    <p class='ocr_par' dir='ltr' id='par_1_2' title="bbox 70 291 1130 1442">
     <span class='ocr_line' id='line_1_2' title="bbox 70 291 1087 386; baseline 0.002 -25"><span class='ocrx_word' id='word_1_5' title='bbox 70 293 187 379; x_wconf 80' lang='grc' dir='ltr'><strong><em>ὅγδοα.</em></strong></span> <span class='ocrx_word' id='word_1_6' title='bbox 237 294 293 360; x_wconf 80' lang='grc' dir='ltr'><strong><em>καὶ</em></strong></span> <span class='ocrx_word' id='word_1_7' title='bbox 326 291 434 373; x_wconf 82' lang='grc' dir='ltr'><strong><em>ἀλλοις</em></strong></span> <span class='ocrx_word' id='word_1_8' title='bbox 467 297 503 361; x_wconf 89' lang='grc' dir='ltr'><strong><em>έν</em></strong></span> <span class='ocrx_word' id='word_1_9' title='bbox 535 299 579 384; x_wconf 81' lang='grc' dir='ltr'><strong><em>τῶ</em></strong></span> <span class='ocrx_word' id='word_1_10' title='bbox 614 293 704 386; x_wconf 75' lang='grc' dir='ltr'><strong><em>αὐτῷ</em></strong></span> <span class='ocrx_word' id='word_1_11' title='bbox 738 298 993 386; x_wconf 77' lang='grc' dir='ltr'><strong><em>τετραγωνισμῶ</em></strong></span> <span class='ocrx_word' id='word_1_12' title='bbox 1026 299 1087 363; x_wconf 85' lang='grc' dir='ltr'><strong><em>τοῦ</em></strong></span> 
     </span>
     <span class='ocr_line' id='line_1_3' title="bbox 71 397 1087 493; baseline -0.001 -25"><span class='ocrx_word' id='word_1_13' title='bbox 71 398 259 468; x_wconf 80' lang='grc' dir='ltr'><strong><em>εἰκοσιεπτὰ</em></strong></span> <span class='ocrx_word' id='word_1_14' title='bbox 283 397 434 486; x_wconf 80' lang='grc' dir='ltr'><strong><em>ἀριθμοῦ</em></strong></span> <span class='ocrx_word' id='word_1_15' title='bbox 458 404 612 467; x_wconf 78' lang='grc' dir='ltr'><em>δίδονται</em></span> <span class='ocrx_word' id='word_1_16' title='bbox 636 405 676 488; x_wconf 76' lang='grc' dir='ltr'><strong><em>τῇ</em></strong></span> <span class='ocrx_word' id='word_1_17' title='bbox 699 405 826 490; x_wconf 79' lang='grc' dir='ltr'><strong><em>πλευρᾷ</em></strong></span> <span class='ocrx_word' id='word_1_18' title='bbox 845 414 960 493; x_wconf 81' lang='grc' dir='ltr'><strong><em>μοῖραι</em></strong></span> <span class='ocrx_word' id='word_1_19' title='bbox 978 401 1087 487; x_wconf 80' lang='grc' dir='ltr'><strong><em>πέντε,</em></strong></span> 
     </span>
     <span class='ocr_line' id='line_1_4' title="bbox 70 504 1088 594; baseline 0.001 -21"><span class='ocrx_word' id='word_1_20' title='bbox 70 504 171 574; x_wconf 87' lang='grc' dir='ltr'><strong><em>λεπτά</em></strong></span> <span class='ocrx_word' id='word_1_21' title='bbox 195 509 311 593; x_wconf 89' lang='grc' dir='ltr'><strong><em>πρῶτα</em></strong></span> <span class='ocrx_word' id='word_1_22' title='bbox 336 507 466 591; x_wconf 78' lang='grc' dir='ltr'><strong><em>ἕνδεκα,</em></strong></span> <span class='ocrx_word' id='word_1_23' title='bbox 491 506 631 593; x_wconf 79' lang='grc' dir='ltr'><strong><em>δεύτερα</em></strong></span> <span class='ocrx_word' id='word_1_24' title='bbox 653 507 904 594; x_wconf 81' lang='grc' dir='ltr'><strong><em>τεσσαράκοντα</em></strong></span> <span class='ocrx_word' id='word_1_25' title='bbox 926 508 971 591; x_wconf 79' lang='grc' dir='ltr'><strong><em>έξ,</em></strong></span> <span class='ocrx_word' id='word_1_26' title='bbox 993 513 1088 593; x_wconf 88' lang='grc' dir='ltr'><strong><em>τρίτα</em></strong></span> 
     </span>
     <span class='ocr_line' id='line_1_5' title="bbox 73 611 1089 702; baseline 0.001 -22"><span class='ocrx_word' id='word_1_27' title='bbox 73 611 170 698; x_wconf 78' lang='grc' dir='ltr'><strong><em>ὀκτοί,</em></strong></span> <span class='ocrx_word' id='word_1_28' title='bbox 194 611 403 698; x_wconf 82' lang='grc' dir='ltr'><strong><em>πεντήκοντα</em></strong></span> <span class='ocrx_word' id='word_1_29' title='bbox 427 613 507 679; x_wconf 84' lang='grc' dir='ltr'><strong><em>έπτδι</em></strong></span> <span class='ocrx_word' id='word_1_30' title='bbox 530 614 678 699; x_wconf 77' lang='grc' dir='ltr'><strong><em>τέταρτα.</em></strong></span> <span class='ocrx_word' id='word_1_31' title='bbox 715 613 771 680; x_wconf 83' lang='grc' dir='ltr'><strong><em>κᾱὶ</em></strong></span> <span class='ocrx_word' id='word_1_32' title='bbox 791 611 896 692; x_wconf 78' lang='grc' dir='ltr'><strong><em>οὕτως</em></strong></span> <span class='ocrx_word' id='word_1_33' title='bbox 914 617 959 702; x_wconf 76' lang='grc' dir='ltr'><strong><em>τῷ</em></strong></span> <span class='ocrx_word' id='word_1_34' title='bbox 978 638 1089 699; x_wconf 90' lang='grc' dir='ltr'><strong><em>τετρα·</em></strong></span> 
     </span>
     <span class='ocr_line' id='line_1_6' title="bbox 70 717 1130 810; baseline 0.002 -25"><span class='ocrx_word' id='word_1_35' title='bbox 70 729 228 810; x_wconf 76' lang='grc' dir='ltr'><strong><em>γωνισμῷ</em></strong></span> <span class='ocrx_word' id='word_1_36' title='bbox 254 717 461 803; x_wconf 87' lang='grc' dir='ltr'><strong><em>συνάγονται</em></strong></span> <span class='ocrx_word' id='word_1_37' title='bbox 479 717 625 804; x_wconf 75' lang='grc' dir='ltr'><em>μονάδες</em></span> <span class='ocrx_word' id='word_1_38' title='bbox 645 718 832 786; x_wconf 87' lang='grc' dir='ltr'><strong><em>είκοσιεπτδι</em></strong></span> <span class='ocrx_word' id='word_1_39' title='bbox 852 717 908 787; x_wconf 88' lang='grc' dir='ltr'><strong><em>διδι</em></strong></span> <span class='ocrx_word' id='word_1_40' title='bbox 926 723 994 787; x_wconf 90' lang='grc' dir='ltr'><strong><em>τῶν</em></strong></span> <span class='ocrx_word' id='word_1_41' title='bbox 1014 736 1085 786; x_wconf 89' lang='grc' dir='ltr'><strong><em>τεσ-</em></strong></span> <span class='ocrx_word' id='word_1_42' title='bbox 1124 740 1130 787; x_wconf 86' lang='grc' dir='ltr'>Ι</span> 
     </span>
     <span class='ocr_line' id='line_1_7' title="bbox 72 820 1089 911; baseline 0 -20"><span class='ocrx_word' id='word_1_43' title='bbox 72 824 186 911; x_wconf 87' lang='grc' dir='ltr'><strong><em>σάρων</em></strong></span> <span class='ocrx_word' id='word_1_44' title='bbox 208 823 397 911; x_wconf 80' lang='grc' dir='ltr'><em>γνωμόνων</em></span> <span class='ocrx_word' id='word_1_45' title='bbox 417 820 483 890; x_wconf 90' lang='grc' dir='ltr'><strong><em>ἀπό</em></strong></span> <span class='ocrx_word' id='word_1_46' title='bbox 502 849 537 891; x_wconf 91' lang='grc' dir='ltr'><strong><em>τε</em></strong></span> <span class='ocrx_word' id='word_1_47' title='bbox 556 823 662 891; x_wconf 82' lang='grc' dir='ltr'><strong><em>αὐτοῦ</em></strong></span> <span class='ocrx_word' id='word_1_48' title='bbox 681 837 742 894; x_wconf 86' lang='grc' dir='ltr'><strong><em>τοῦ</em></strong></span> <span class='ocrx_word' id='word_1_49' title='bbox 757 825 1089 910; x_wconf 76' lang='grc' dir='ltr'><strong><em>προυποτεθειμένου</em></strong></span> 
     </span>
     <span class='ocr_line' id='line_1_8' title="bbox 72 929 1088 1017; baseline 0.002 -21"><span class='ocrx_word' id='word_1_50' title='bbox 72 929 284 1017; x_wconf 80' lang='grc' dir='ltr'><strong><em>τετραγώνου</em></strong></span> <span class='ocrx_word' id='word_1_51' title='bbox 316 933 378 998; x_wconf 85' lang='grc' dir='ltr'><strong><em>τοῦ</em></strong></span> <span class='ocrx_word' id='word_1_52' title='bbox 407 934 540 1016; x_wconf 80' lang='grc' dir='ltr'><strong><em>ἔχοντος</em></strong></span> <span class='ocrx_word' id='word_1_53' title='bbox 572 936 692 1017; x_wconf 86' lang='grc' dir='ltr'><strong><em>μοίρας</em></strong></span> <span class='ocrx_word' id='word_1_54' title='bbox 720 933 932 999; x_wconf 79' lang='grc' dir='ltr'><strong><em>εἰκοσιπέντε.</em></strong></span> <span class='ocrx_word' id='word_1_55' title='bbox 982 953 1088 1017; x_wconf 91' lang='grc' dir='ltr'><strong><em>περιτ-</em></strong></span> 
     </span>
     <span class='ocr_line' id='line_1_9' title="bbox 71 1035 1088 1124; baseline 0.002 -21"><span class='ocrx_word' id='word_1_56' title='bbox 71 1035 207 1104; x_wconf 84' lang='grc' dir='ltr'><strong><em>τεύουσι</em></strong></span> <span class='ocrx_word' id='word_1_57' title='bbox 236 1036 286 1104; x_wconf 60' lang='grc' dir='ltr'><strong><em>δὲ’</em></strong></span> <span class='ocrx_word' id='word_1_58' title='bbox 301 1039 338 1105; x_wconf 86' lang='grc' dir='ltr'><strong><em>έν</em></strong></span> <span class='ocrx_word' id='word_1_59' title='bbox 363 1049 435 1114; x_wconf 80' lang='grc' dir='ltr'><strong><em>τοῖς</em></strong></span> <span class='ocrx_word' id='word_1_60' title='bbox 456 1039 784 1124; x_wconf 74' lang='grc' dir='ltr'><strong><em>καταγεγραμμένας</em></strong></span> <span class='ocrx_word' id='word_1_61' title='bbox 813 1037 963 1124; x_wconf 86' lang='grc' dir='ltr'><strong><em>γνῶμοσι</em></strong></span> <span class='ocrx_word' id='word_1_62' title='bbox 985 1035 1088 1105; x_wconf 75' lang='grc' dir='ltr'><strong><em>λεπτοὶ</em></strong></span> 
     </span>
     <span class='ocr_line' id='line_1_10' title="bbox 72 1136 1089 1230; baseline 0.002 -22"><span class='ocrx_word' id='word_1_63' title='bbox 72 1142 210 1228; x_wconf 81' lang='grc' dir='ltr'><strong><em>τέταρτα</em></strong></span> <span class='ocrx_word' id='word_1_64' title='bbox 229 1147 259 1210; x_wconf 61' lang='lat' dir='ltr'><strong><em>ib</em></strong></span> <span class='ocrx_word' id='word_1_65' title='bbox 281 1145 410 1229; x_wconf 89' lang='grc' dir='ltr'><strong><em>πέμπτα</em></strong></span> <span class='ocrx_word' id='word_1_66' title='bbox 428 1148 450 1227; x_wconf 86' lang='grc' dir='ltr'><strong><em>β</em></strong></span> <span class='ocrx_word' id='word_1_67' title='bbox 473 1143 550 1209; x_wconf 82' lang='grc' dir='ltr'><strong><em>έκτοι</em></strong></span> <span class='ocrx_word' id='word_1_68' title='bbox 564 1147 609 1229; x_wconf 68' lang='grc' dir='ltr'><strong><em>μζ</em></strong></span> <span class='ocrx_word' id='word_1_69' title='bbox 628 1144 755 1229; x_wconf 79' lang='grc' dir='ltr'><strong><em>έβδομα</em></strong></span> <span class='ocrx_word' id='word_1_70' title='bbox 770 1148 790 1214; x_wconf 71' lang='grc' dir='ltr'><strong><em>ξ</em></strong></span> <span class='ocrx_word' id='word_1_71' title='bbox 808 1142 914 1228; x_wconf 78' lang='grc' dir='ltr'><strong><em>ὅγδοα</em></strong></span> <span class='ocrx_word' id='word_1_72' title='bbox 927 1136 965 1230; x_wconf 63' lang='grc' dir='ltr'><strong><em>δ,</em></strong></span> <span class='ocrx_word' id='word_1_73' title='bbox 989 1140 1089 1211; x_wconf 86' lang='grc' dir='ltr'><strong><em>ἀτινα</em></strong></span> 
     </span>
     <span class='ocr_line' id='line_1_11' title="bbox 74 1246 1130 1336; baseline -0.001 -22"><span class='ocrx_word' id='word_1_74' title='bbox 74 1251 263 1333; x_wconf 90' lang='grc' dir='ltr'><strong><em>παρεῶνται</em></strong></span> <span class='ocrx_word' id='word_1_75' title='bbox 295 1246 339 1328; x_wconf 89' lang='grc' dir='ltr'><strong><em>ῶς</em></strong></span> <span class='ocrx_word' id='word_1_76' title='bbox 369 1247 572 1316; x_wconf 89' lang='grc' dir='ltr'><strong><em>λεπτότατον</em></strong></span> <span class='ocrx_word' id='word_1_77' title='bbox 602 1253 680 1316; x_wconf 84' lang='grc' dir='ltr'><strong><em>λίαν</em></strong></span> <span class='ocrx_word' id='word_1_78' title='bbox 708 1249 1000 1336; x_wconf 84' lang='grc' dir='ltr'><strong><em>πολλοστημόριον</em></strong></span> <span class='ocrx_word' id='word_1_79' title='bbox 1031 1252 1089 1334; x_wconf 74' lang='grc' dir='ltr'><strong><em>τῆς</em></strong></span> <span class='ocrx_word' id='word_1_80' title='bbox 1110 1268 1130 1316; x_wconf 81' lang='grc' dir='ltr'><strong><em>υ</em></strong></span> 
     </span>
     <span class='ocr_line' id='line_1_12' title="bbox 75 1350 975 1442; baseline 0.002 -23"><span class='ocrx_word' id='word_1_81' title='bbox 75 1354 233 1439; x_wconf 81' lang='grc' dir='ltr'><strong><em>μονάδος,</em></strong></span> <span class='ocrx_word' id='word_1_82' title='bbox 257 1350 279 1420; x_wconf 78' lang='grc' dir='ltr'><em>δῖ</em></span> <span class='ocrx_word' id='word_1_83' title='bbox 301 1355 356 1421; x_wconf 82' lang='grc' dir='ltr'><strong><em>καὶ</em></strong></span> <span class='ocrx_word' id='word_1_84' title='bbox 379 1352 611 1439; x_wconf 73' lang='grc' dir='ltr'><strong><em>ἀνεπαίσθητα</em></strong></span> <span class='ocrx_word' id='word_1_85' title='bbox 634 1358 675 1442; x_wconf 77' lang='grc' dir='ltr'><strong><em>τῇ</em></strong></span> <span class='ocrx_word' id='word_1_86' title='bbox 700 1354 801 1441; x_wconf 84' lang='grc' dir='ltr'><strong><em>φύσει</em></strong></span> <span class='ocrx_word' id='word_1_87' title='bbox 824 1358 975 1423; x_wconf 78' lang='grc' dir='ltr'><strong><em>καλοῦσι.</em></strong></span> 
     </span>
    </p>

    <p class='ocr_par' dir='ltr' id='par_1_3' title="bbox 71 1451 1130 2392">
     <span class='ocr_line' id='line_1_13' title="bbox 141 1451 1089 1549; baseline 0 -23"><span class='ocrx_word' id='word_1_88' title='bbox 141 1463 190 1528; x_wconf 83' lang='grc'><strong><em>24.</em></strong></span> <span class='ocrx_word' id='word_1_89' title='bbox 226 1457 276 1528; x_wconf 82' lang='grc' dir='ltr'><strong><em>Οὐ</em></strong></span> <span class='ocrx_word' id='word_1_90' title='bbox 299 1464 392 1546; x_wconf 83' lang='grc' dir='ltr'><strong><em>χρεία</em></strong></span> <span class='ocrx_word' id='word_1_91' title='bbox 418 1479 472 1528; x_wconf 94' lang='grc' dir='ltr'><strong><em>σοι</em></strong></span> <span class='ocrx_word' id='word_1_92' title='bbox 501 1451 527 1527; x_wconf 87' lang='grc' dir='ltr'><strong><em>ῶ</em></strong></span> <span class='ocrx_word' id='word_1_93' title='bbox 557 1451 656 1541; x_wconf 80' lang='grc' dir='ltr'><strong><em>οὗτος</em></strong></span> <span class='ocrx_word' id='word_1_94' title='bbox 686 1459 845 1547; x_wconf 76' lang='grc' dir='ltr'><strong><em>ἀριθμῶν</em></strong></span> <span class='ocrx_word' id='word_1_95' title='bbox 875 1460 931 1549; x_wconf 76' lang='grc' dir='ltr'><strong><em>καὶ</em></strong></span> <span class='ocrx_word' id='word_1_96' title='bbox 959 1467 1089 1526; x_wconf 85' lang='grc' dir='ltr'><strong><em>λεπτῶν</em></strong></span> 
     </span>
     <span class='ocr_line' id='line_1_14' title="bbox 74 1555 1089 1656; baseline -0.002 -23"><span class='ocrx_word' id='word_1_97' title='bbox 74 1555 150 1651; x_wconf 88' lang='grc' dir='ltr'><strong><em>ῶδε,</em></strong></span> <span class='ocrx_word' id='word_1_98' title='bbox 170 1562 242 1634; x_wconf 88' lang='grc' dir='ltr'><strong><em>ἀλλ’</em></strong></span> <span class='ocrx_word' id='word_1_99' title='bbox 261 1563 343 1633; x_wconf 73' lang='grc' dir='ltr'><em>οὐδὲ</em></span> <span class='ocrx_word' id='word_1_100' title='bbox 362 1567 491 1632; x_wconf 78' lang='grc' dir='ltr'><strong><em>λεπτῶν</em></strong></span> <span class='ocrx_word' id='word_1_101' title='bbox 511 1562 597 1644; x_wconf 84' lang='grc' dir='ltr'><strong><em>ὅλως</em></strong></span> <span class='ocrx_word' id='word_1_102' title='bbox 615 1567 653 1634; x_wconf 92' lang='grc' dir='ltr'><strong><em>έν</em></strong></span> <span class='ocrx_word' id='word_1_103' title='bbox 671 1563 731 1653; x_wconf 76' lang='grc' dir='ltr'><strong><em>ὅλῃ</em></strong></span> <span class='ocrx_word' id='word_1_104' title='bbox 747 1571 943 1656; x_wconf 75' lang='grc' dir='ltr'><strong><em>γεωμετρίᾳ·</em></strong></span> <span class='ocrx_word' id='word_1_105' title='bbox 966 1569 1089 1652; x_wconf 86' lang='grc' dir='ltr'><strong><em>ματαία</em></strong></span> 
     </span>
     <span class='ocr_line' id='line_1_15' title="bbox 71 1666 1090 1759; baseline 0 -21"><span class='ocrx_word' id='word_1_106' title='bbox 71 1669 136 1759; x_wconf 81' lang='grc' dir='ltr'><strong><em>γὰρ</em></strong></span> <span class='ocrx_word' id='word_1_107' title='bbox 165 1669 249 1757; x_wconf 75' lang='grc' dir='ltr'><strong><em>αὕτη</em></strong></span> <span class='ocrx_word' id='word_1_108' title='bbox 279 1674 465 1756; x_wconf 86' lang='grc' dir='ltr'><strong><em>φιλοτιμία·</em></strong></span> <span class='ocrx_word' id='word_1_109' title='bbox 503 1666 576 1736; x_wconf 86' lang='grc' dir='ltr'><strong><em>ἀλλ’</em></strong></span> <span class='ocrx_word' id='word_1_110' title='bbox 604 1668 649 1750; x_wconf 86' lang='grc' dir='ltr'><strong><em>ῶς</em></strong></span> <span class='ocrx_word' id='word_1_111' title='bbox 677 1668 694 1738; x_wconf 89' lang='grc' dir='ltr'>ὁ</span> <span class='ocrx_word' id='word_1_112' title='bbox 723 1675 911 1759; x_wconf 82' lang='grc' dir='ltr'><strong><em>γεωμέτρης</em></strong></span> <span class='ocrx_word' id='word_1_113' title='bbox 938 1675 1090 1739; x_wconf 88' lang='grc' dir='ltr'><strong><em>δείκνυσι</em></strong></span> 
     </span>
     <span class='ocr_line' id='line_1_16' title="bbox 72 1772 1130 1862; baseline 0.001 -18"><span class='ocrx_word' id='word_1_114' title='bbox 72 1780 189 1861; x_wconf 79' lang='grc' dir='ltr'><strong><em>ταῦτα,</em></strong></span> <span class='ocrx_word' id='word_1_115' title='bbox 214 1772 302 1843; x_wconf 81' lang='grc' dir='ltr'><strong><em>οὕτω</em></strong></span> <span class='ocrx_word' id='word_1_116' title='bbox 326 1772 388 1861; x_wconf 79' lang='grc' dir='ltr'><strong><em>χρὴ</em></strong></span> <span class='ocrx_word' id='word_1_117' title='bbox 408 1787 585 1843; x_wconf 77' lang='grc' dir='ltr'><strong><em>κατανοεῖν</em></strong></span> <span class='ocrx_word' id='word_1_118' title='bbox 604 1776 666 1862; x_wconf 78' lang='grc' dir='ltr'><strong><em>τὴν</em></strong></span> <span class='ocrx_word' id='word_1_119' title='bbox 684 1776 815 1846; x_wconf 80' lang='grc' dir='ltr'><strong><em>τούτων</em></strong></span> <span class='ocrx_word' id='word_1_120' title='bbox 834 1775 1015 1859; x_wconf 81' lang='grc' dir='ltr'><strong><em>ἀπόδειξιν.</em></strong></span> <span class='ocrx_word' id='word_1_121' title='bbox 1052 1779 1088 1845; x_wconf 87' lang='grc' dir='ltr'><strong><em>έν</em></strong></span> <span class='ocrx_word' id='word_1_122' title='bbox 1110 1798 1130 1845; x_wconf 78' lang='grc' dir='ltr'><strong><em>ει</em></strong></span> 
     </span>
     <span class='ocr_line' id='line_1_17' title="bbox 73 1879 1089 1971; baseline 0 -20"><span class='ocrx_word' id='word_1_123' title='bbox 73 1881 105 1951; x_wconf 84' lang='grc' dir='ltr'><strong><em>δ’</em></strong></span> <span class='ocrx_word' id='word_1_124' title='bbox 127 1881 336 1971; x_wconf 76' lang='grc' dir='ltr'><strong><em>ἀστρονομίᾳ</em></strong></span> <span class='ocrx_word' id='word_1_125' title='bbox 355 1886 476 1962; x_wconf 86' lang='grc' dir='ltr'><strong><em>οίκεῖος</em></strong></span> <span class='ocrx_word' id='word_1_126' title='bbox 495 1879 513 1950; x_wconf 85' lang='grc' dir='ltr'>ὁ</span> <span class='ocrx_word' id='word_1_127' title='bbox 532 1886 600 1950; x_wconf 92' lang='grc' dir='ltr'><strong><em>τῶν</em></strong></span> <span class='ocrx_word' id='word_1_128' title='bbox 614 1888 743 1951; x_wconf 89' lang='grc' dir='ltr'><strong><em>λεπτῶν</em></strong></span> <span class='ocrx_word' id='word_1_129' title='bbox 759 1882 982 1971; x_wconf 81' lang='grc' dir='ltr'><strong><em>ἐπιλογισμός,</em></strong></span> <span class='ocrx_word' id='word_1_130' title='bbox 999 1881 1089 1951; x_wconf 78' lang='grc' dir='ltr'><strong><em>καθὸ</em></strong></span> 
     </span>
     <span class='ocr_line' id='line_1_18' title="bbox 73 1985 1089 2076; baseline -0.002 -20"><span class='ocrx_word' id='word_1_131' title='bbox 73 1990 129 2056; x_wconf 86' lang='grc' dir='ltr'><strong><em>καὶ</em></strong></span> <span class='ocrx_word' id='word_1_132' title='bbox 158 1985 175 2054; x_wconf 88' lang='grc' dir='ltr'>ὁ</span> <span class='ocrx_word' id='word_1_133' title='bbox 200 1996 409 2075; x_wconf 79' lang='grc' dir='ltr'><strong><em>Πτολεμαῖος</em></strong></span> <span class='ocrx_word' id='word_1_134' title='bbox 437 1993 536 2056; x_wconf 83' lang='grc' dir='ltr'><strong><em>τοῦτο</em></strong></span> <span class='ocrx_word' id='word_1_135' title='bbox 564 2003 666 2056; x_wconf 84' lang='grc' dir='ltr'><strong><em>ποιεί·</em></strong></span> <span class='ocrx_word' id='word_1_136' title='bbox 705 1991 739 2056; x_wconf 91' lang='grc' dir='ltr'><strong><em>έκ</em></strong></span> <span class='ocrx_word' id='word_1_137' title='bbox 766 1992 831 2076; x_wconf 80' lang='grc' dir='ltr'><strong><em>γὰρ</em></strong></span> <span class='ocrx_word' id='word_1_138' title='bbox 854 2001 916 2057; x_wconf 85' lang='grc' dir='ltr'><strong><em>τοῦ</em></strong></span> <span class='ocrx_word' id='word_1_139' title='bbox 940 1995 1089 2074; x_wconf 91' lang='grc' dir='ltr'><strong><em>συνεγγί-</em></strong></span> 
     </span>
     <span class='ocr_line' id='line_1_19' title="bbox 76 2093 1090 2182; baseline -0.002 -20"><span class='ocrx_word' id='word_1_140' title='bbox 76 2101 191 2174; x_wconf 77' lang='grc' dir='ltr'><strong><em>ζοντος</em></strong></span> <span class='ocrx_word' id='word_1_141' title='bbox 204 2095 260 2162; x_wconf 84' lang='grc' dir='ltr'><strong><em>καὶ</em></strong></span> <span class='ocrx_word' id='word_1_142' title='bbox 274 2098 335 2162; x_wconf 85' lang='grc' dir='ltr'><strong><em>τοῦ</em></strong></span> <span class='ocrx_word' id='word_1_143' title='bbox 349 2093 433 2182; x_wconf 84' lang='grc' dir='ltr'><strong><em>πρὸς</em></strong></span> <span class='ocrx_word' id='word_1_144' title='bbox 448 2101 610 2179; x_wconf 73' lang='grc' dir='ltr'><strong><em>αἴσθησιν</em></strong></span> <span class='ocrx_word' id='word_1_145' title='bbox 625 2093 785 2180; x_wconf 80' lang='grc' dir='ltr'><strong><em>ἀκριβοῦς</em></strong></span> <span class='ocrx_word' id='word_1_146' title='bbox 799 2097 837 2162; x_wconf 82' lang='grc' dir='ltr'><strong><em>αί</em></strong></span> <span class='ocrx_word' id='word_1_147' title='bbox 849 2094 1090 2181; x_wconf 80' lang='grc' dir='ltr'><strong><em>ἀστρονομικαλ</em></strong></span> 
     </span>
     <span class='ocr_line' id='line_1_20' title="bbox 74 2196 1090 2286; baseline 0.001 -21"><span class='ocrx_word' id='word_1_148' title='bbox 74 2198 273 2279; x_wconf 77' lang='grc' dir='ltr'><strong><em>ἀποδείξεις·</em></strong></span> <span class='ocrx_word' id='word_1_149' title='bbox 307 2201 457 2267; x_wconf 80' lang='grc' dir='ltr'><strong><em>ἐνταῦθα</em></strong></span> <span class='ocrx_word' id='word_1_150' title='bbox 482 2198 519 2266; x_wconf 72' lang='grc' dir='ltr'><strong><em>δὲ</em></strong></span> <span class='ocrx_word' id='word_1_151' title='bbox 542 2200 578 2266; x_wconf 88' lang='grc' dir='ltr'><strong><em>έκ</em></strong></span> <span class='ocrx_word' id='word_1_152' title='bbox 600 2203 662 2266; x_wconf 87' lang='grc' dir='ltr'><strong><em>τοῦ</em></strong></span> <span class='ocrx_word' id='word_1_153' title='bbox 686 2199 846 2286; x_wconf 81' lang='grc' dir='ltr'><strong><em>πλήρους,</em></strong></span> <span class='ocrx_word' id='word_1_154' title='bbox 871 2196 953 2285; x_wconf 84' lang='grc' dir='ltr'><strong><em>ὅπερ</em></strong></span> <span class='ocrx_word' id='word_1_155' title='bbox 977 2197 1090 2286; x_wconf 85' lang='grc' dir='ltr'><strong><em>εὑρεῖν</em></strong></span> 
     </span>
     <span class='ocr_line' id='line_1_21' title="bbox 76 2300 1130 2392; baseline 0.005 -23"><span class='ocrx_word' id='word_1_156' title='bbox 76 2301 118 2370; x_wconf 83' lang='grc' dir='ltr'><strong><em>οὐ</em></strong></span> <span class='ocrx_word' id='word_1_157' title='bbox 141 2304 284 2371; x_wconf 83' lang='grc' dir='ltr'><strong><em>δύναται</em></strong></span> <span class='ocrx_word' id='word_1_158' title='bbox 308 2300 326 2371; x_wconf 90' lang='grc' dir='ltr'><strong>ὁ</strong></span> <span class='ocrx_word' id='word_1_159' title='bbox 351 2307 386 2372; x_wconf 80' lang='grc' dir='ltr'><strong><em>ἐκ</em></strong></span> <span class='ocrx_word' id='word_1_160' title='bbox 409 2306 478 2372; x_wconf 91' lang='grc' dir='ltr'><strong><em>τῶν</em></strong></span> <span class='ocrx_word' id='word_1_161' title='bbox 501 2306 630 2371; x_wconf 90' lang='grc' dir='ltr'><strong><em>λεπτῶν</em></strong></span> <span class='ocrx_word' id='word_1_162' title='bbox 654 2304 903 2392; x_wconf 80' lang='grc' dir='ltr'><strong><em>συμψηφισμός.</em></strong></span> <span class='ocrx_word' id='word_1_163' title='bbox 1109 2327 1130 2374; x_wconf 73' lang='grc' dir='ltr'><strong><em>κ</em></strong></span> 
     </span>
    </p>

    <p class='ocr_par' dir='ltr' id='par_1_4' title="bbox 72 2406 1090 2710">
     <span class='ocr_line' id='line_1_22' title="bbox 142 2406 1090 2498; baseline 0 -20"><span class='ocrx_word' id='word_1_164' title='bbox 142 2412 195 2478; x_wconf 81' lang='grc'><strong><em>25.</em></strong></span> <span class='ocrx_word' id='word_1_165' title='bbox 227 2406 339 2495; x_wconf 83' lang='grc' dir='ltr'><strong><em>Ῥηταὶ</em></strong></span> <span class='ocrx_word' id='word_1_166' title='bbox 361 2409 451 2496; x_wconf 82' lang='grc' dir='ltr'><strong><em>παρὰ</em></strong></span> <span class='ocrx_word' id='word_1_167' title='bbox 474 2413 543 2478; x_wconf 92' lang='grc' dir='ltr'><strong><em>τῶν</em></strong></span> <span class='ocrx_word' id='word_1_168' title='bbox 565 2413 718 2477; x_wconf 89' lang='grc' dir='ltr'><strong><em>παλαιῶν</em></strong></span> <span class='ocrx_word' id='word_1_169' title='bbox 743 2410 784 2478; x_wconf 84' lang='grc' dir='ltr'><strong><em>οὐ</em></strong></span> <span class='ocrx_word' id='word_1_170' title='bbox 807 2412 916 2496; x_wconf 91' lang='grc' dir='ltr'><strong><em>μόνον</em></strong></span> <span class='ocrx_word' id='word_1_171' title='bbox 939 2413 976 2479; x_wconf 82' lang='grc' dir='ltr'><strong><em>αλ</em></strong></span> <span class='ocrx_word' id='word_1_172' title='bbox 993 2410 1090 2498; x_wconf 84' lang='grc' dir='ltr'><strong><em>μήκει</em></strong></span> 
     </span>
     <span class='ocr_line' id='line_1_23' title="bbox 74 2513 1090 2605; baseline 0.001 -23"><span class='ocrx_word' id='word_1_173' title='bbox 74 2515 259 2602; x_wconf 81' lang='grc' dir='ltr'><strong><em>σύμμετροι</em></strong></span> <span class='ocrx_word' id='word_1_174' title='bbox 283 2516 453 2601; x_wconf 80' lang='grc' dir='ltr'><strong><em>ἐλέγοντο,</em></strong></span> <span class='ocrx_word' id='word_1_175' title='bbox 486 2513 570 2583; x_wconf 86' lang='grc' dir='ltr'><strong><em>ἀλλά</em></strong></span> <span class='ocrx_word' id='word_1_176' title='bbox 598 2518 654 2583; x_wconf 78' lang='grc' dir='ltr'><strong><em>καὶ</em></strong></span> <span class='ocrx_word' id='word_1_177' title='bbox 683 2520 722 2582; x_wconf 80' lang='grc' dir='ltr'><strong><em>αἱ</em></strong></span> <span class='ocrx_word' id='word_1_178' title='bbox 743 2515 884 2603; x_wconf 82' lang='grc' dir='ltr'><strong><em>δυνάμει</em></strong></span> <span class='ocrx_word' id='word_1_179' title='bbox 908 2517 1090 2605; x_wconf 82' lang='grc' dir='ltr'><strong><em>σύμμετροι</em></strong></span> 
     </span>
     <span class='ocr_line' id='line_1_24' title="bbox 72 2621 560 2710; baseline 0.002 -20"><span class='ocrx_word' id='word_1_180' title='bbox 72 2622 129 2690; x_wconf 85' lang='grc' dir='ltr'><strong><em>καὶ</em></strong></span> <span class='ocrx_word' id='word_1_181' title='bbox 152 2621 251 2691; x_wconf 80' lang='grc' dir='ltr'><strong><em>αὐταὶ</em></strong></span> <span class='ocrx_word' id='word_1_182' title='bbox 274 2623 372 2710; x_wconf 78' lang='grc' dir='ltr'><strong><em>ῥηταὶ</em></strong></span> <span class='ocrx_word' id='word_1_183' title='bbox 396 2623 560 2707; x_wconf 80' lang='grc' dir='ltr'><strong><em>ἐλέγοντο.</em></strong></span> 
     </span>
    </p>
   </div>
   <div class='ocr_carea' id='block_1_3' title="bbox 73 2752 287 2761">
    <p class='ocr_par' dir='ltr' id='par_1_5' title="bbox 73 2752 287 2761">
     <span class='ocr_line' id='line_1_25' title="bbox 73 2752 287 2761; baseline 0 -1"><span class='ocrx_word' id='word_1_184' title='bbox 73 2752 287 2761; x_wconf 44' lang='grc' dir='ltr'><strong><em>..ὴ-</em></strong></span> 
     </span>
    </p>
   </div>
   <div class='ocr_carea' id='block_1_4' title="bbox 75 2798 1091 3010">
    <p class='ocr_par' dir='ltr' id='par_1_6' title="bbox 75 2798 1091 3010">
     <span class='ocr_line' id='line_1_26' title="bbox 146 2798 1090 2868; baseline 0 -15"><span class='ocrx_word' id='word_1_185' title='bbox 146 2806 190 2853; x_wconf 80' lang='lat'><strong><em>24.</em></strong></span> <span class='ocrx_word' id='word_1_186' title='bbox 213 2799 225 2851; x_wconf 90' lang='lat' dir='ltr'>l</span> <span class='ocrx_word' id='word_1_187' title='bbox 248 2817 284 2853; x_wconf 91' lang='lat' dir='ltr'><strong><em>m.</em></strong></span> <span class='ocrx_word' id='word_1_188' title='bbox 306 2816 360 2856; x_wconf 83' lang='lat' dir='ltr'>rec.</span> <span class='ocrx_word' id='word_1_189' title='bbox 387 2799 521 2853; x_wconf 66' lang='grc' dir='ltr'><strong><em>λο1.15“1Ι</em></strong></span> <span class='ocrx_word' id='word_1_190' title='bbox 544 2799 681 2868; x_wconf 78' lang='lat' dir='ltr'>(refertur</span> <span class='ocrx_word' id='word_1_191' title='bbox 704 2799 741 2854; x_wconf 82' lang='lat' dir='ltr'><strong><em>ad</em></strong></span> <span class='ocrx_word' id='word_1_192' title='bbox 763 2799 850 2853; x_wconf 78' lang='lat' dir='ltr'><strong>schol.</strong></span> <span class='ocrx_word' id='word_1_193' title='bbox 868 2798 894 2852; x_wconf 86' lang='lat' dir='ltr'>X</span> <span class='ocrx_word' id='word_1_194' title='bbox 916 2818 957 2853; x_wconf 83' lang='lat' dir='ltr'><strong><em>nr.</em></strong></span> <span class='ocrx_word' id='word_1_195' title='bbox 978 2805 1029 2853; x_wconf 84' lang='lat'><strong><em>333</em></strong></span> <span class='ocrx_word' id='word_1_196' title='bbox 1054 2799 1090 2853; x_wconf 82' lang='lat' dir='ltr'><strong><em>ad</em></strong></span> 
     </span>
     <span class='ocr_line' id='line_1_27' title="bbox 75 2868 1091 2939; baseline 0 -17"><span class='ocrx_word' id='word_1_197' title='bbox 75 2886 156 2939; x_wconf 83' lang='lat' dir='ltr'><strong>prop.</strong></span> <span class='ocrx_word' id='word_1_198' title='bbox 174 2868 249 2936; x_wconf 81' lang='lat' dir='ltr'>LXI,</span> <span class='ocrx_word' id='word_1_199' title='bbox 274 2871 380 2937; x_wconf 88' lang='lat' dir='ltr'>quodl</span> <span class='ocrx_word' id='word_1_200' title='bbox 402 2870 503 2924; x_wconf 82' lang='lat' dir='ltr'>eodem</span> <span class='ocrx_word' id='word_1_201' title='bbox 524 2869 588 2925; x_wconf 86' lang='lat' dir='ltr'>loco</span> <span class='ocrx_word' id='word_1_202' title='bbox 611 2869 700 2924; x_wconf 79' lang='lat' dir='ltr'>habet</span> <span class='ocrx_word' id='word_1_203' title='bbox 723 2886 843 2925; x_wconf 77' lang='lat' dir='ltr'><strong>amanu</strong></span> <span class='ocrx_word' id='word_1_204' title='bbox 863 2873 899 2938; x_wconf 88' lang='lat'><strong><em>1).</em></strong></span> <span class='ocrx_word' id='word_1_205' title='bbox 990 2874 1032 2924; x_wconf 80' lang='lat'><strong><em>25.</em></strong></span> <span class='ocrx_word' id='word_1_206' title='bbox 1055 2869 1091 2922; x_wconf 72' lang='grc' dir='ltr'><strong><em>Ρ2</em></strong></span> 
     </span>
     <span class='ocr_line' id='line_1_28' title="bbox 76 2940 463 3010; baseline -0.003 -16"><span class='ocrx_word' id='word_1_207' title='bbox 76 2941 261 3009; x_wconf 76' lang='lat' dir='ltr'><strong>(adscriptum</strong></span> <span class='ocrx_word' id='word_1_208' title='bbox 280 2941 317 2994; x_wconf 76' lang='lat' dir='ltr'><strong><em>ad</em></strong></span> <span class='ocrx_word' id='word_1_209' title='bbox 335 2940 370 3006; x_wconf 78' lang='lat' dir='ltr'><strong><em>X,</em></strong></span> <span class='ocrx_word' id='word_1_210' title='bbox 390 2943 463 3010; x_wconf 85' lang='lat'>103).</span> 
     </span>
    </p>
   </div>
   <div class='ocr_carea' id='block_1_5' title="bbox 73 3090 1091 3224">
    <p class='ocr_par' dir='ltr' id='par_1_7' title="bbox 73 3090 1091 3224">
     <span class='ocr_line' id='line_1_29' title="bbox 73 3090 1091 3223; baseline -0.002 -69"><span class='ocrx_word' id='word_1_211' title='bbox 73 3167 102 3223; x_wconf 43' lang='lat' dir='ltr'><strong><em>b·</em></strong></span> <span class='ocrx_word' id='word_1_212' title='bbox 137 3105 172 3222; x_wconf 69' lang='lat' dir='ltr'><strong><em>fss.</em></strong></span> <span class='ocrx_word' id='word_1_213' title='bbox 192 3095 249 3153; x_wconf 85' lang='grc' dir='ltr'><strong><em>ἀπό</em></strong></span> <span class='ocrx_word' id='word_1_214' title='bbox 270 3098 313 3170; x_wconf 88' lang='grc' dir='ltr'><strong><em>τε]</em></strong></span> <span class='ocrx_word' id='word_1_215' title='bbox 332 3097 449 3153; x_wconf 73' lang='lat' dir='ltr'><strong>ineerta.</strong></span> <span class='ocrx_word' id='word_1_216' title='bbox 528 3104 569 3153; x_wconf 90' lang='lat'><strong><em>10.</em></strong></span> <span class='ocrx_word' id='word_1_217' title='bbox 589 3094 814 3169; x_wconf 83' lang='grc' dir='ltr'><strong><em>πολοστημόριον</em></strong></span> <span class='ocrx_word' id='word_1_218' title='bbox 832 3100 851 3153; x_wconf 87' lang='lat' dir='ltr'><strong><em>f.</em></strong></span> <span class='ocrx_word' id='word_1_219' title='bbox 925 3104 968 3152; x_wconf 91' lang='lat'><strong><em>11.</em></strong></span> <span class='ocrx_word' id='word_1_220' title='bbox 987 3090 1005 3152; x_wconf 74' lang='grc' dir='ltr'><em>ἃ</em></span> <span class='ocrx_word' id='word_1_221' title='bbox 1025 3097 1091 3168; x_wconf 85' lang='grc' dir='ltr'><strong><em>καί]</em></strong></span> 
     </span>
     <span class='ocr_line' id='line_1_30' title="bbox 94 3186 156 3224; baseline 0.032 -2"><span class='ocrx_word' id='word_1_222' title='bbox 94 3186 119 3222; x_wconf 82' lang='grc' dir='ltr'><strong><em>ιε</em></strong></span> <span class='ocrx_word' id='word_1_223' title='bbox 151 3212 156 3224; x_wconf 96' lang='grc'><em>.</em></span> 
     </span>
    </p>
   </div>
   <div class='ocr_carea' id='block_1_6' title="bbox 475 3351 689 3360">
    <p class='ocr_par' dir='ltr' id='par_1_8' title="bbox 475 3351 689 3360">
     <span class='ocr_line' id='line_1_31' title="bbox 475 3351 689 3360; baseline 0 0"><span class='ocrx_word' id='word_1_224' title='bbox 475 3351 689 3360; x_wconf 68' lang='lat'><strong>-——--—-—-</strong></span> 
     </span>
    </p>
   </div>
   <div class='ocr_carea' id='block_1_7' title="bbox 0 0 1192 3796">
    <p class='ocr_par' dir='ltr' id='par_1_9' title="bbox 0 0 1192 3796">
     <span class='ocr_line' id='line_1_32' title="bbox 0 0 1192 3796; baseline 0 0"><span class='ocrx_word' id='word_1_225' title='bbox 0 0 1192 3796; x_wconf 95' lang='lat' dir='ltr'><strong><em> </em></strong></span> 
     </span>
    </p>
   </div>
  </div>
 </body>
</html>
