2362 3796
117 124 183 188 626
253 125 409 177 scnom
426 125 466 177 m
484 125 758 177 εεευεπνοεοα
774 126 923 179 mm
938 129 1011 187 m

116 266 181 353 γὰρ
206 266 361 354 διῃρέθη·
391 265 454 332 είσλ
474 265 512 332 δὲ
531 268 568 332 αί
584 269 768 353 πυραμίδες
787 266 957 349 ἐλάττους
976 272 1043 357 τῆς
1055 267 1141 355 ὑπερ

118 378 209 460 οχῆς,
232 377 368 459 μείζονα
391 376 483 439 ἐσται
501 370 542 437 τὰ
559 377 728 458 πρίσματα
745 375 807 439 τοῦ
825 379 863 439 Χ
877 379 1046 462 στερεοῦ.
1082 376 1142 445 ἐπεὶ

118 479 194 563 γάρ,
218 476 264 557 ὡς
287 486 426 563 εἴρηται,
448 479 487 546 τὸ
506 485 541 545 Χ
557 476 693 564 στερεὸν
717 475 796 564 μετὰ
815 481 877 564 τῆς
893 478 1082 571 ὑπεροχῆς
1098 491 1143 551 ίσα

117 585 184 652 ἐστὶ
208 587 248 672 τῆ
271 591 407 651 ΔΕΖΘ
429 589 603 672 πυραμίδι,
627 581 851 672 ἀφῃρέθησαν
875 585 919 654 δὲ
945 584 1012 657 ἀπ’
1037 588 1142 676 αὐτῆς,

81 714 97 760 ο
117 694 201 776 λέγω
221 688 263 775 δῆ
283 699 342 774 τῆς
361 695 496 756 ΔΕΖΘ
518 693 716 777 πυραμίδος,
739 691 778 756 αί
798 686 864 756 δύο
881 698 1099 781 πυραμίδες,
1120 699 1142 762 εί

115 797 177 882 μὲν
201 787 287 882 ῆσαν
317 798 354 861 αί
375 792 613 883 άφαιρεθεϊσαι
638 787 736 864 αὑται
765 794 828 863 δάο
852 806 1060 886 πυραμίδες
1082 812 1141 870 ίσαι

114 908 155 991 τῆ
178 902 341 988 ὑπεροχῇ,
371 903 516 970 ἐλείπετο
539 901 659 969 καὶτὰ
684 900 747 970 δύο
770 908 947 989 πρίσματα
973 914 1039 976 ίσα
1063 906 1138 977 εἶναι

114 1020 159 1100 τῷ
176 1016 209 1075 Χ
229 1012 363 1098 στερεῷ,
387 1007 456 1075 ἐπεὶ
480 1007 518 1075 δὲ
537 1007 692 1088 ἐλάττους
711 1008 796 1076 είσλν
815 1011 853 1074 αί
869 1018 1076 1099 πυραμίδες
1093 1018 1138 1101 τῆς

115 1114 295 1200 ὑπεροχῆς,
328 1118 397 1181 ἔστι
424 1139 455 1181 τι
483 1117 541 1199 τῆς
567 1111 733 1201 ὑπεροχῆς
760 1117 797 1182 ἐν
828 1126 900 1194 τοῖς
936 1126 1137 1208 πρίσμασιν·

64 1245 97 1292 10
117 1220 288 1306 τεσσάρων
321 1218 384 1305 γὰρ
419 1218 528 1287 ὄντων
561 1224 731 1306 μεγεθῶν,
764 1218 827 1288 δύο
857 1220 924 1306 μὲν
957 1229 1027 1295 τοῦ
1056 1234 1137 1296 τεΧ

116 1330 252 1413 στερεοῦ
273 1326 329 1392 καὶ
347 1328 409 1411 τῆς
425 1322 603 1412 ὑπεροχῆς,
627 1325 690 1394 δύο
711 1327 749 1394 δὲ
765 1330 834 1395 τῶν
849 1325 917 1395 δύο
932 1339 1136 1422 πυραμίδων

116 1431 160 1511 ὡς
183 1432 259 1511 ἑνὸς
282 1432 447 1517 μεγέθους
465 1434 661 1518 νοουμένων
684 1434 827 1501 καὶτῶν
846 1432 913 1501 δύο
934 1441 1135 1527 πρισμάτων

114 1537 160 1617 ὡς
183 1536 258 1617 ἑνὸς
275 1537 330 1605 καί
350 1535 463 1606 αὐτῶν
481 1539 689 1626 νοουμένου,
712 1540 768 1606 καὶ
787 1547 870 1606 ίσων
888 1536 1014 1612 ὄντων
1034 1549 1137 1615 τοῦΧ

116 1654 253 1728 στερεοῦ
275 1644 331 1711 καὶ
354 1648 413 1731 τῆς
431 1642 596 1733 ὑπεροχῆς
614 1657 686 1723 ταῖς
705 1646 782 1713 δυσὶ
801 1652 971 1731 πυραμίσι
993 1653 1059 1720 καί
1077 1665 1136 1730 τοῖς

32 1775 96 1822 ,15
117 1752 193 1818 δυσὶ
225 1755 425 1837 πρίσμασιυ,
458 1749 518 1818 ἐάν
549 1743 594 1837 ῆν
625 1748 646 1836 ῆ
680 1747 825 1836 ὑπεροχὴ
858 1757 916 1836 ίση
950 1769 1035 1837 ταῖς
1067 1757 1136 1827 δυσὶ
1166 1770 1169 1775 “

115 1861 314 1942 πυραμίσιν,
343 1855 442 1924 λοιπά
470 1854 536 1939 άρα
560 1855 601 1922 τὰ
625 1855 687 1924 δύο
711 1861 877 1942 πρίσματα
901 1865 1020 1951 λοιπῷ
1045 1869 1137 1957 τῷΧ

115 1965 236 2054 στερεῷ
259 1955 347 2048 ἦσαν
371 1957 414 2028 άν
439 1969 506 2028 ίσα·
530 1959 595 2029 άπὸ
618 1960 684 2047 γὰρ
705 1970 788 2028 ίσων
806 1970 861 2028 ίσα
880 1957 927 2029 άν
947 1962 1135 2058 άφαιρεθῆ,

114 2068 154 2135 τὰ
173 2067 273 2135 λοιπὰ
292 2077 348 2134 ίσα
368 2069 466 2133 ἐστίν.
502 2068 571 2134 ἐπεὶ
590 2067 627 2134 δὲ
645 2070 682 2133 αί
694 2066 757 2134 δύο
772 2071 959 2153 πυραμίδες
979 2074 1136 2155 ἐλάττους

115 2175 178 2240 εἰσὶ
210 2177 270 2258 τῆς
301 2170 481 2258 ὑπεροχῆς,
514 2169 554 2239 τά
587 2172 650 2240 δύο
683 2171 850 2259 πρίσματά
878 2177 945 2241 είσι
977 2179 1024 2248 τό
1055 2189 1135 2251 nx

62 2304 96 2353 νο
116 2278 252 2363 στερεὸν
275 2275 386 2343 καὶτὸ
406 2276 525 2344 λοιπὸν
543 2282 603 2363 τῆς
616 2275 793 2365 ὑπεροχῆς,
817 2274 1136 2357 δκαταλελοίπασιν
1168 2274 1173 2281 ’

114 2389 151 2451 αι’
171 2387 365 2470 πυραμίδες·
395 2381 435 2450 οὗ
459 2382 522 2470 γάρ
547 2381 691 2469 ἅπασαν,
716 2384 760 2464 ὡς
783 2391 922 2470 εἴρηται,
946 2386 1018 2476 τὴν
1044 2392 1136 2481 ὑπερ.

114 2488 196 2576 οχὴν
229 2495 364 2576 ἔχουσιν
395 2488 416 2578 ἢ
449 2495 579 2577 μᾶλλον
612 2487 652 2556 Οὐ
684 2500 774 2557 πᾶσα
801 2487 821 2576 ἡ
850 2489 1009 2583 ὑπεροχή
1039 2505 1136 2585 εἰσιν,

114 2594 198 2664 άλλά
221 2622 252 2663 τι
275 2601 333 2684 τῆς
356 2596 529 2684 ὑπεροχῆς.

181 2707 232 2771 28.
269 2701 326 2782 Ὡς
354 2710 544 2790 ἔμπροσθεν
573 2703 708 2789 ἐδείχθη
735 2728 766 2789 p.
791 2705 867 2788 168,
899 2705 957 2787 15]
996 2711 1137 2800 ἐδείχθη

62 2835 96 2883 25
115 2808 197 2876 κατὰ
221 2809 259 2878 τὸ
284 2813 378 2888 τέλος
399 2813 460 2876 τοῦ
484 2807 518 2893 β’
543 2809 760 2896 θεωρήματος
785 2807 840 2874 διὰ
864 2811 926 2876 τοῦ
951 2813 1138 2904 λήμματος.

486 2987 542 3052 Ad
565 3011 669 3072 prop.
692 2987 748 3053 VI.

182 3113 232 3177 29.
268 3107 364 3176 Ἀλλά
387 3108 442 3175 καὶ
467 3109 511 3188 ὡς
534 3106 554 3195 ῆ
575 3115 676 3175 ΑΓΔ
699 3113 817 3195 p.170,
838 3112 893 3191 13]
918 3106 988 3180 ὑπὸ
1010 3116 1082 3206 γάρ
1102 3146 1136 3188 το

115 3215 195 3285 αὐτὸ
219 3214 317 3296 ὕψος·
341 3219 378 3282 αί
399 3215 436 3282 δέ
459 3214 524 3282 ὑπὸ
549 3213 586 3281 τὸ
612 3212 693 3282 αὐτὸ
717 3212 803 3295 ὕψος
822 3206 921 3282 οὖσαν
940 3231 1136 3310 πυραμίδες

113 3322 197 3410 πρὸς
219 3321 363 3408 άλλῆλας
386 3322 472 3389 είσὶν
497 3318 541 3399 ὦς
565 3323 601 3388 αί
622 3319 743 3406 βάσεις.

61 3492 120 3574 Ι
184 3478 278 3542 28,(],
354 3464 476 3534 ‘RQ
