2362 3796
128 146 194 213 734
381 150 564 202 APPENDIX
583 149 819 202 SOHOLIORUM
836 151 884 204 IV.

191 480 271 551 Ἐδιν
299 479 446 570 ἀριθμὸς
469 488 626 573 διαιρεθῇ
651 488 699 564 εἰς
722 484 784 551 δύο
813 480 999 571 ἀριθμούς,
1030 483 1048 553 ὁ
1077 484 1136 552 ἀπὸ

126 592 189 658 τοῦ
216 586 300 657 ὅλου
326 587 535 676 τετράγωνος
563 615 643 676 μετα
667 585 730 657 τοῦ
753 586 813 675 ἀφ’
839 589 916 670 ἑνὸς
938 594 1009 658 τών
1032 595 1138 679 μερών

125 696 339 783 τετραγώνου
371 704 443 775 ἴσος
472 696 540 764 ἐστὶ
562 698 609 786 τῷ
642 695 694 776 δὶς
726 698 762 763 ἐκ
793 699 854 763 τοῦ
888 694 971 766 ὅλου
999 697 1055 764 καὶ
1082 700 1138 764 τοῦ

91 802 307 889 σείρρμένου
334 802 458 888 μέρους
485 804 628 894 ἐπιπέδῳ
655 801 735 889 μετὰ
763 812 823 870 τοῦ
846 800 913 871 ἀπὸ
936 806 999 870 τοῦ
1022 805 1139 871 λοιποῦ

125 910 248 994 μέρους
269 905 491 994 τετραγώνου.

192 1009 339 1098 ἀριθμὸς
360 1009 426 1100 γὰρ
446 1009 464 1080 ὁ
485 1019 529 1099 αβ
553 1012 729 1102 διῃρήσθω
754 1018 801 1093 εἰς
819 1010 898 1092 τοὺς
917 1039 970 1098 αγ,
986 1018 1029 1098 γβ
1048 1011 1139 1101 ἆρθ

125 1117 218 1206 μούς.
264 1119 367 1206 λέγω,
396 1116 447 1188 ὅτι
471 1122 506 1187 οἱ
527 1115 593 1189 νἰπὸ
616 1123 685 1189 τών
707 1125 762 1206 βα,
781 1147 823 1207 αγ
846 1120 1052 1205 τετράγωνοι
1077 1127 1138 1187 ἴσοι

125 1226 211 1294 εἰσὶν
238 1227 284 1317 τώ
315 1225 366 1306 δὶς
393 1228 430 1294 ἐκ
456 1230 524 1294 τών
548 1231 607 1312 βα,
627 1252 669 1313 αγ
700 1226 843 1317 ἐπιπέδῳ
872 1224 953 1312 μετὰ
982 1229 1048 1293 τοῦ
1079 1223 1137 1292 νἰπὸ

73 1354 106 1404 10
124 1335 185 1400 τοῦ
208 1337 251 1418 βγ
273 1333 494 1420 τετραγώνου.

170 1439 240 1506 ἐπεὶ
267 1437 333 1527 γδιρ
362 1436 378 1506 ὁ
404 1437 469 1507 ἀπὸ
492 1440 554 1506 τοῦ
578 1444 621 1524 αβ
649 1437 856 1527 τετράγωνος
883 1447 957 1518 ι’σος
980 1439 1054 1507 ἐστὶ
1076 1453 1138 1518 τοῖς

124 1542 189 1613 ιἰιιο
218 1549 287 1614 τών
313 1551 373 1631 βγ,
392 1572 434 1630 γα
464 1544 520 1612 καὶ
547 1554 593 1636 τῷ
623 1544 676 1625 δὶς
703 1547 740 1613 ἐκ
766 1549 836 1613 τών
862 1549 920 1630 βγ,
939 1571 999 1630 γα,
1029 1544 1138 1623 κοινὸς

124 1656 338 1740 προσκείσθω
359 1647 460 1719 ὃᾶπὸ
478 1655 541 1720 τοῦ
560 1679 603 1739 αγ
625 1651 844 1739 τετράγωνος·
880 1707 899 1740 a
1028 1707 1045 1754 γ
1123 1687 1137 1754 ρ

125 1755 229 1846 ὁᾶρα
248 1756 313 1826 ἀπὸ
333 1761 395 1826 τοῦ
408 1764 452 1844 βα
471 1758 551 1844 μετὰ
570 1769 633 1826 τοῦ
647 1756 713 1827 ἀπὸ
727 1762 788 1826 τοῦ
803 1785 846 1843 αγ
889 1758 892 1793 ¹
1031 1757 1125 1795 '‘⁸'‘

73 1886 107 1935 ιο
126 1872 199 1946 ἴσος
226 1865 295 1932 ἐστὶ
323 1864 402 1933 δυσὶ
428 1878 500 1945 τοῖς
527 1862 592 1932 ἆπδ
617 1869 678 1932 τοῦ
701 1891 744 1950 αγ
765 1865 987 1950 τετραγώνοις
1011 1864 1070 1931 καὶ
1093 1865 1137 1932 ε’νδ

123 1974 169 2063 τῷ
192 1969 258 2039 ἀπὸ
282 1973 342 2038 τοῦ
361 1977 405 2057 γβ
427 1969 508 2056 μετὰ
531 1975 592 2038 τοῦ
616 1972 669 2050 δὶς
692 1973 728 2038 ἐκ
750 1974 819 2038 τών
838 1974 891 2055 βγ,
905 1995 958 2056 γα.
994 1972 1054 2038 καὶ
1074 1967 1137 2037 ἐπεὶ
1173 1972 1176 1977 ’

124 2075 142 2145 ὁ
163 2074 250 2158 ἅπαξ
268 2075 305 2144 ἐκ
322 2087 391 2146 τών
405 2083 460 2163 βα,
475 2104 518 2165 αγ
537 2086 610 2156 ἴσος
627 2075 697 2145 ἐστὶ
715 2079 761 2170 τῷ
781 2073 866 2156 ἅπαξ
885 2072 922 2143 ἐκ
940 2080 1011 2143 τών
1031 2083 1086 2164 βγ,
1100 2101 1137 2162 γα

123 2183 206 2269 μετὰ
228 2186 289 2252 τοῦ
313 2181 379 2251 ἀπὸ
401 2187 463 2252 τοῦ
486 2211 530 2270 γα
552 2183 779 2271 τετραγώνου,
804 2183 821 2250 ὁ
846 2179 912 2269 ἄρα
937 2183 990 2261 δὶς
1015 2180 1053 2250 ἐν
1076 2187 1137 2250 τών

122 2297 178 2377 βα,
195 2317 238 2376 αγ
262 2299 334 2369 ἴσος
357 2288 427 2358 ἐστὶ
449 2292 494 2380 τῷ
519 2290 572 2370 δὶς
594 2286 631 2357 ἐκ
654 2299 722 2358 τών
745 2294 799 2375 βγ,
813 2314 855 2373 γα
879 2285 960 2373 μετὰ
985 2288 1050 2357 δύο
1074 2292 1136 2357 τών

70 2413 105 2463 20
123 2395 188 2463 ἀπὸ
211 2399 274 2463 τοῦ
296 2421 339 2480 γα
365 2395 596 2482 τετραγώνων.
641 2393 757 2475 κοινὸς
783 2398 999 2482 προσκείσθω
1030 2393 1048 2462 ὁ
1076 2391 1136 2461 ἀπὸ

121 2512 183 2570 τοῦ
205 2506 249 2587 βγ
271 2499 496 2589 τετράγωνος·
520 2500 584 2569 δύο
608 2499 674 2588 ι’ἱρα
697 2499 901 2587 τετράγωνοι
925 2496 992 2567 ἀπὸ
1017 2504 1082 2568 τοῦ
1100 2526 1136 2584 αγ

122 2607 178 2675 καὶ
202 2601 249 2688 εἷς
273 2602 337 2674 ιἰπὸ
360 2610 423 2675 τοῦ
445 2612 488 2694 γβ
515 2604 596 2693 μετὰ
623 2609 684 2674 τοῦ
708 2606 760 2685 δὶς
783 2605 819 2673 ἐκ
842 2609 910 2673 τών
933 2611 987 2691 βγ,
1003 2632 1049 2690 γα
1074 2614 1137 2673 ἴσοι

122 2713 209 2781 εἰσὶν
231 2717 277 2805 τῷ
303 2714 355 2792 δὶς
377 2710 414 2780 ἐκ
436 2717 505 2782 τών
528 2719 588 2800 βα,
603 2739 646 2800 αγ
669 2710 749 2800 μετὰ
772 2715 833 2780 τοῦ
857 2707 923 2779 ιἰπὸ
947 2715 1011 2779 τοῦ
1031 2717 1086 2797 γβ,
1121 2708 1135 2777 ὁ

123 2821 189 2909 ἄρα
217 2819 281 2889 ἀπὸ
309 2823 371 2889 τοῦ
397 2826 439 2906 αβ
471 2820 680 2909 τετράγωνος
712 2815 793 2905 μετὰ
825 2820 886 2884 τοῦ
914 2814 979 2884 ἀπὸ
1011 2829 1076 2886 τοῦ
1100 2844 1137 2902 αγ

70 2944 104 2992 25
122 2927 335 3016 τετραγώνου
358 2934 431 3006 ἴσος
453 2924 523 2995 ἐστὶ
545 2931 591 3020 τῷ
616 2929 668 3007 δὶς
691 2924 728 2995 ἐκ
751 2930 819 2994 τών
838 2929 893 3010 βα,
908 2949 951 3008 αγ
973 2922 1060 3009 μετὰ
1080 2927 1138 2993 τοῦ

122 3032 189 3102 ἀπὸ
213 3037 275 3101 τοῦ
299 3036 419 3101 λοιποῦ
442 3038 485 3118 γβ
508 3035 631 3120 μέρους
651 3032 873 3120 τετραγώνου.

189 3137 249 3207 ἒδιν
264 3140 329 3225 ἄρα
344 3137 490 3227 ἀριθμὸς
508 3143 665 3227 διαιρεθῇ
684 3144 731 3219 εἰς
749 3141 812 3207 δύο
832 3133 1012 3224 ἀριθμούς,
1033 3135 1052 3205 ὁ
1074 3134 1137 3205 ἀπὸ

120 3248 182 3312 τοῦ
206 3244 288 3314 ὅλου
310 3245 519 3333 τετράγωνος
541 3245 621 3332 μετδι
648 3249 709 3313 τοῦ
737 3241 797 3331 ἀφ’
824 3244 900 3324 ἑνὸς
928 3245 997 3311 τών
1026 3249 1139 3332 μερῶν

186 3513 215 3565 6.
237 3501 429 3580 τετραγώνῳ.
502 3504 536 3555 n
567 3491 604 3568 ἣ
618 3512 673 3549 om.
