2362 3796
82 145 147 210 180
234 146 390 199 scflom
407 147 445 198 ω
463 145 737 198 mmmm
754 143 895 196 mmm
907 143 930 196 1.
968 136 973 146 ·
1013 172 1017 179 -

78 284 167 354 εἶναι
191 285 408 375 παράλληλοι.
454 283 617 371 λαμβάνει
640 311 704 373 γαρ
723 283 787 354 δύο
811 283 872 371 μὲν
896 279 1035 362 εὐθείας
1060 285 1099 351 έν

79 406 151 471 ταῖς
174 390 291 478 άκραις
313 393 477 477 κειμένας,
501 392 606 477 μέσην
630 388 668 457 δέ
690 393 782 476 μίαν,
805 387 890 477 πρὸς
906 384 952 476 ἣν
970 392 1010 458 αἱ
1027 389 1102 456 έκα·

78 499 228 586 τέρωθεν
251 503 400 583 κείμεναι
422 523 484 585 την
509 494 631 584 ὁμοίαν
655 500 769 582 έχουσι
792 495 915 583 σχέσιν.
1092 490 1095 495 ’

426 694 482 758 Ad
505 715 610 778 prop.
633 692 752 758 XXXI.
1116 780 1120 785 Ι

42 840 60 888 ὀ
112 826 115 831 ’
147 819 221 883 110.
250 813 307 883 Ἐν
330 816 391 902 μὲν
413 826 484 896 τοῖς
506 818 715 902 προλαβοῦσι
737 811 935 902 θεωρήμασι
952 809 995 879 τά
1014 812 1097 880 καθ’

78 919 163 990 αὐτα
191 919 384 1010 ὑπάρχοντα
411 936 483 1001 ταῖς
511 922 736 1006 παραλλήλοις
763 917 914 1005 εὐθείαις
942 920 1099 999 ἐδίδαξεν

77 1028 166 1114 ἡμᾶς
195 1024 213 1094 ὃ
242 1025 466 1114 στοιχειωτής,
500 1028 537 1093 έν
570 1023 607 1092 δὲ
638 1027 684 1114 τῷ
712 1026 768 1091 λα’
790 1022 1001 1113 προβλήματι
1024 1022 1100 1093 ὐντι

77 1130 187 1217 αὐτὴν
210 1128 272 1218 τήν
295 1132 427 1217 γένεσιν
446 1136 514 1199 τῶν
532 1129 757 1216 παραλλήλων
778 1130 930 1198 διδάσκει
950 1127 1008 1197 διά
1027 1135 1100 1198 τῶν

79 1241 311 1325 γεωμετρικῶν
335 1237 494 1322 μεθόδων
513 1236 568 1304 καί
590 1240 752 1321 δείκνυσι,
775 1247 845 1316 πῶς
863 1241 991 1322 γίνεται
1010 1234 1098 1323 άλλη

30 1368 63 1416 10
82 1344 201 1410 εὐθεῖα
223 1342 435 1430 παράλληλος
459 1341 552 1431 άλλη.
589 1345 688 1410 τοῦτο
709 1342 746 1409 δὲ
764 1356 863 1428 ποιεῖ,
886 1344 1000 1429 ἐπειδὴ
1019 1349 1099 1409 πολ-

81 1452 186 1535 λαχοῦ
210 1452 249 1514 αί
267 1449 413 1534 γενέσεις
434 1449 657 1538 τρανεστέραν
675 1447 757 1535 ἡμῖν
774 1452 911 1517 ποιοῦσι
928 1452 999 1516 τῶν
1017 1446 1098 1517 ὐπο-

80 1554 246 1640 κειμένων
264 1554 326 1642 τὴν
346 1554 476 1624 οὐσίαν.
514 1568 654 1642 σημεῖον
672 1554 737 1643 γάρ
757 1556 869 1641 λαβὼν
883 1553 939 1622 καὶ
958 1553 1101 1623 εὐθεῖαν

82 1661 155 1747 άηει
180 1661 236 1729 διὰ
258 1667 320 1730 τοῦ
345 1668 485 1749 σημείου
507 1665 547 1750 τῇ
572 1658 691 1751 εὐθείᾳ
713 1660 939 1749 παράλληλον.
985 1664 1040 1729 δεῖ
1061 1661 1102 1730 δέ

82 1771 322 1856 προειληφέναι
336 1766 434 1854 ἡμᾶς,
449 1766 501 1836 ὅτι
515 1766 552 1835 τὸ
565 1780 706 1854 σημεῖον
720 1767 812 1846 ἐκτὸς
821 1767 954 1848 πάντως
962 1776 1101 1836 κεῖσθαι

31 1895 63 1944 15
82 1877 141 1958 τής
167 1873 302 1954 εὐθείας
329 1874 525 1960 ἀναγκαῖον.
581 1871 622 1941 οὐ
649 1872 715 1963 γάρ
743 1871 857 1961 ἐπειδή
885 1883 1012 1963 εἴρηται
1040 1872 1101 1942 διά

85 1981 247 2059 δοθέντος
271 1985 425 2066 σημείου,
453 1981 509 2046 καὶ
537 1976 587 2047 ἐπ’
613 1977 716 2065 αὐτῆς
740 1978 858 2047 αὐτίκα
881 1989 941 2067 τῆς
962 1974 1102 2059 εὐθείας

85 2083 251 2172 δώσομεν·
276 2083 401 2172 οὐγὰρ
425 2089 516 2152 ἔσται
539 2111 588 2164 τις
612 2082 695 2170 άλλη
719 2083 808 2174 παρὰ
832 2083 896 2171 τήν
919 2082 1054 2152 εὐθεῖαν
1076 2083 1099 2171 ἡ

85 2188 131 2255 δι’
162 2189 268 2257 αὐτοῦ
301 2191 469 2277 φερομένη
502 2190 723 2277 παράλληλος.
771 2196 908 2277 μερίσας
940 2181 1003 2258 οὐν
1035 2189 1102 2278 τήν

85 2292 224 2361 εὐθεῖαν
243 2295 298 2361 καὶ
317 2293 355 2362 τὸ
376 2309 514 2381 σημεῖον
535 2296 714 2383 ἐδήλωσεν,
735 2295 784 2364 ὅτι
799 2294 836 2364 τὸ
853 2309 992 2383 σημείου
1006 2297 1105 2379 ἐκτὸς

32 2425 66 2473 20
85 2397 270 2484 λαμβάνειν
292 2399 355 2489 χρὴ
379 2406 437 2488 της
460 2399 606 2487 εὐθείας,
630 2401 710 2489 ὅπερ
729 2402 786 2470 καὶ
805 2402 858 2471 ἐπὶ
875 2406 934 2489 τῆς
952 2403 1104 2473 καθέτου

87 2509 143 2572 δια
168 2509 226 2590 της
248 2507 443 2593 προσθήκης
467 2507 572 2594 σαφές
595 2509 729 2593 ἐποίησε
751 2509 859 2594 λέγων
883 2507 936 2575 έπὶ
959 2507 1022 2595 τήν
1046 2513 1104 2578 do·

86 2620 207 2679 θεῖσαν
236 2609 375 2681 εὐθεῖαν
403 2611 544 2699 άπειρον
573 2611 637 2681 ἀπὸ
666 2618 728 2681 τοῦ
757 2614 921 2694 δοθέντος
949 2619 1105 2703 σημείου,

88 2714 179 2804 δμή
203 2720 293 2786 ἐστιν
320 2717 371 2786 ἐπ’
398 2717 513 2805 αὐτῆς,
540 2717 687 2786 κάθετον
716 2716 865 2805 άναγεϊν.
909 2729 1010 2789 τοῦτο
1039 2722 1105 2808 μὲν

88 2816 150 2891 οὐν
164 2824 281 2892 κοινὸν
292 2823 492 2912 ἀμφοτέροις
505 2824 637 2904 τούτοις
651 2839 721 2904 τοῖς
729 2825 973 2913 προβλήμασιν,
985 2827 1106 2915 ἕτερον

35 2954 68 3003 25
89 2931 137 3016 δέ,
157 2928 207 2998 ὅτι
221 2929 287 2998 άπὸ
303 2934 364 2998 τοῦ
378 2931 483 2997 αὐτοῦ
499 2936 639 3016 σημείου
654 2933 716 2998 δύο
731 2930 869 2999 κάθετοι
883 2930 947 2999 οὐκ
960 2930 1106 3019 άνονται

89 3036 142 3102 ἐπὶ
164 3035 227 3122 τήν
251 3033 357 3121 αὐτήν
385 3035 540 3121 εὐθεῖαν,
569 3037 624 3104 καὶ
653 3034 708 3104 διά
737 3041 798 3104 τοῦ
826 3034 932 3105 αὐτοῦ
959 3047 1105 3126 σημείου

125 3165 354 3290 ”ἰιιῖἰῖίιι).

89 3328 122 3334 ...-
137 3328 302 3335 -—--—--—-—

162 3386 204 3433 11.
223 3378 424 3451 ορανεστέραν]
444 3399 469 3448 q,
489 3379 604 3435 Proclus
617 3399 645 3450 p.
655 3387 716 3450 376,
732 3387 760 3447 13
779 3379 952 3453 τρανοτέραν
967 3381 1001 3437 V.
1060 3390 1105 3441 16.

82 3472 203 3546 αὔτικα]
216 3463 339 3547 αάτι“”λῙ,
362 3471 443 3554 αὐτῷ
463 3475 477 3533 ὁ
499 3495 526 3550 q,
546 3471 617 3535 αὐτό
635 3477 751 3534 Ρῐοολοο
767 3497 798 3550 η.
817 3484 879 3546 3ἵ6,
897 3485 922 3535 λ.
