2362 3796
374 136 649 189 ELEMENTORUM
667 137 778 188 LIBER
794 137 852 190 XV.
1078 131 1122 196 67

108 303 186 347 nam
205 282 364 366 apunoto
389 277 495 343 medio
515 282 622 343 rectae
646 279 705 343 sub
726 279 851 344 duobus
870 279 1027 343 lateribus
1047 279 1123 342 sub·

106 387 269 453 tendentis
298 385 339 450 ad
366 386 454 450 latus
482 385 662 469 pentagoni
690 384 719 448 ai
746 384 953 467 parallelum,
981 389 1018 450 ut
1046 387 1123 467 ZH,

107 492 390 578 perpendiculares
411 494 497 557 sunt.
533 491 645 575 itaque
663 490 765 554 etiam
784 486 935 554 LAKM
948 491 1044 555 datus
1064 495 1124 574 ast,

54 601 56 604 ’
107 598 172 683 qui,
195 601 233 663 ut
256 598 404 682 diximus,
428 597 569 662 adduas
588 601 695 662 rectos
715 597 937 662 inclinationis
956 597 1123 680 quaesitae

106 705 226 770 deficit.
270 705 352 769 bene
380 705 481 789 igitur
507 703 542 768 in
566 704 809 769 constructione
833 702 1022 768 mechanica
1044 702 1125 767 dixit

109 813 156 893 [p.
181 811 237 894 52,
262 811 303 875 18
328 812 402 895 sq.]‚
434 813 582 893 oportere
605 810 682 874 dato
706 813 894 894 pentagono
918 811 1040 873 rectam
1064 809 1125 873 sub

112 914 239 979 duobus
271 915 428 980 lateribus
462 915 709 980 subtendentem
747 914 876 997 ducere,
913 936 996 998 quae
1029 915 1126 979 lateri

110 1019 187 1085 cubi
210 1021 353 1104 aequalis
372 1021 418 1106 fit,
443 1024 476 1085 et
493 1021 614 1087 centris
633 1020 781 1086 terminis
800 1021 879 1104 eius,
902 1020 995 1085 radio
1015 1023 1124 1085 autem

108 1130 199 1192 recta
217 1148 236 1191 a
253 1131 373 1210 puncto
392 1128 499 1192 medio
520 1128 561 1192 ad
580 1128 666 1192 latus
680 1127 860 1213 pentagoni
880 1127 911 1192 ei
929 1127 1124 1211 parallelum

106 1232 366 1316 perpendiculari
398 1234 509 1314 ducta,
541 1238 578 1298 ut
609 1235 644 1298 in
675 1234 780 1319 figura
816 1237 894 1299 sunt
925 1235 1005 1318 ΚΛ,
1037 1236 1123 1318 ΚΜ,

68 1345 71 1349 ’
107 1362 200 1405 arcus
224 1340 404 1406 describere
428 1343 461 1404 et
479 1363 498 1405 a
517 1343 646 1424 puncto,
669 1341 725 1404 ubi
744 1344 938 1406 concurrunt
955 1361 1059 1424 arcus,
1083 1340 1123 1404 ad

107 1450 218 1510 centra
241 1450 346 1512 rectas
370 1447 495 1530 ducere,
518 1468 599 1530 quae
619 1447 775 1530 angulum
794 1447 834 1511 ad
852 1446 934 1511 duos
952 1451 1058 1510 rectos
1077 1446 1123 1511 in·

107 1552 292 1617 clinationis
316 1553 490 1634 planorum
513 1552 715 1616 deficientem
736 1551 1025 1634 comprehendant3
1048 1572 1123 1615 nam

109 1657 234 1720 dictum
257 1660 308 1720 est
332 1658 377 1738 [p.
397 1655 450 1736 64,
476 1655 516 1718 15
536 1656 606 1737 sq.],
628 1655 663 1717 iu
686 1655 853 1718 elementis
878 1656 973 1718 simul
996 1656 1125 1720 demon·

111 1764 252 1824 stratum
291 1780 381 1840 esse,
418 1758 719 1841 perpendicularem
756 1763 790 1822 Κ
795 1762 825 1821 Λ
862 1759 1018 1824 maiorem
1056 1783 1125 1826 esse

112 1852 382 1951 quam‘llMAff)

185 2041 211 2109 1)
232 2037 314 2105 Quod
332 2038 518 2093 necessarium
537 2039 581 2093 est
599 2039 636 2092 ad
650 2037 906 2106 demonstrandum,
926 2038 1044 2094 circulos
1060 2056 1124 2095 con·

111 2128 230 2167 currere.

185 2181 360 2248 Quamquam
390 2196 455 2250 para
481 2181 621 2248 posterior
652 2178 734 2233 huius
767 2179 857 2234 libelli
888 2179 954 2235 inda
982 2198 999 2236 a
1030 2200 1058 2252 p.
1089 2188 1123 2238 48

114 2251 260 2318 aliquanto
284 2251 382 2305 melior
404 2251 448 2305 est
470 2269 555 2319 quam
577 2250 665 2321 prior,
689 2253 785 2305 tamen
807 2250 853 2305 hio
876 2268 987 2321 quoque
1011 2254 1123 2309 demon·

115 2322 266 2376 strutiones
284 2321 351 2376 satis
370 2320 503 2377 obscurae
523 2324 551 2376 et
567 2337 718 2391 peruersae
733 2324 806 2392 sunt,
825 2339 888 2376 cum
903 2325 1122 2381 constructiones

112 2394 191 2462 ipsae
210 2392 245 2447 ab
265 2392 373 2447 Isidoro
390 2392 515 2447 breuiter
530 2391 671 2447 indicatas
690 2396 728 2462 (p.
744 2397 777 2447 50
787 2395 840 2461 sq.)
855 2393 959 2463 probae
973 2395 1036 2452 sint.
1065 2398 1122 2452 iam

113 2480 175 2519 cum
194 2463 347 2532 uideamus,
367 2463 453 2519 etiam
471 2463 501 2517 in
539 2464 611 2518 riore
629 2466 711 2533 parte
730 2464 983 2520 demonstrationes
1001 2469 1122 2522 maxime

110 2535 312 2605 uituperandas
336 2551 410 2600 esse,
433 2533 511 2588 mani
523 2537 614 2589 estam
639 2537 695 2600 est,
719 2550 765 2590 aas
788 2533 830 2590 ibi
852 2552 962 2605 quoque
985 2536 1123 2608 discipulo

111 2608 235 2660 nondum
254 2605 324 2661 satis
344 2605 454 2659 erudito
473 2605 576 2671 deberi,
597 2623 660 2659 eum
679 2603 800 2660 Isidorus
819 2607 998 2661 mechanicus
1013 2607 1123 2662 mecha-

110 2676 188 2732 nicas
207 2671 382 2746 (pyrenaeis)
403 2675 625 2731 constructiones
649 2676 708 2730 sine
730 2677 1017 2732 demonstrationibus
1036 2677 1124 2730 tradi-

112 2747 187 2802 disse
204 2748 344 2802 uideatur.
374 2764 440 2801 nam
454 2746 583 2800 libellum
602 2745 771 2814 adiseipulo
792 2748 887 2816 aliquo
906 2746 1007 2801 Isidori
1021 2746 1125 2801 Milesii

111 2818 267 2872 mechanici
285 2816 434 2873 clarissimi
453 2817 558 2871 saeculi
578 2817 650 2871 sexti
674 2816 807 2887 scriptum
831 2834 905 2886 esse,
929 2817 999 2872 satis
1024 2817 1125 2886 opinor

112 2891 223 2944 constat
239 2887 367 2959 (Studien
385 2889 430 2944 r'ib.
452 2888 534 2944 Eukl.
553 2906 581 2957 p.
603 2890 675 2957 lca).
