2362 3796
232 183 392 237 scnom
408 185 448 235 m
464 184 740 237 ποωαωωτοουω
758 186 896 237 mmm
909 187 931 238 1.
1025 182 1088 246 149

69 328 182 405 καλῶς
204 315 270 392 οὖν
291 320 363 391 εἶπε
384 323 468 411 πρὸς
489 322 548 404 τάς
569 321 786 393 ἀπεναντίον·
816 336 884 394 τῶν
906 325 971 413 γάρ
996 323 1089 406 έντὸς

70 435 134 499 τοῦ
155 428 327 517 τριγώνου
348 434 409 516 μία
430 429 493 516 μέν
516 431 608 498 ἐστιν
630 427 651 516 ἡ
675 433 794 516 ἐφεξῆς
817 436 875 516 τῆς
898 432 1001 519 έκτός,
1026 432 1088 500 δύο

73 536 112 605 δὲ
128 540 166 604 αί
176 533 388 604 ἀπεναντίον.
415 533 548 604 τούτων
563 529 627 603 οὖν
642 537 797 624 ἑκατέρας
810 534 940 623 ἀνάγκη
956 545 1090 622 μείζονα

74 641 163 711 εἶναι
185 640 249 728 την
272 641 375 729 έκτάς,
397 639 472 710 ἀλλ’
494 639 536 711 οὐ
558 647 617 728 της
640 645 759 729 ἐφεξῆς
781 641 866 730 αὐτῇ
889 645 1050 729 κειμένης.

145 747 235 827 τινὲς
262 748 300 816 δὲ
326 747 550 827 συνάπτοντες
576 753 678 817 τοῦτο
705 747 743 817 τὸ
770 748 933 835 θεώρημα
965 749 1021 816 καὶ
1053 747 1090 816 τὸ
1127 772 1144 820 5

74 855 152 942 ἑξῆς
179 853 258 941 μετά
291 859 390 923 τοῦτο
422 852 712 942 ἀποδεικνύμενον
744 853 833 923 οὕτω
863 855 1092 942 προφέρονται

74 960 141 1048 τὴν
161 959 335 1049 πρότασιν·
372 959 497 1041 παντὸς
518 960 689 1047 τριγώνου
715 966 863 1048 πλευρᾶς
889 965 968 1048 μιᾶς
990 980 1092 1047 προσ-

76 1070 294 1153 εκβληθείσης
311 1063 333 1153 ἡ
354 1065 446 1146 έκτός
463 1071 525 1134 τοῦ
544 1066 711 1152 τριγώνου
727 1074 836 1153 γωνία
851 1068 1005 1156 ἑκατέρας
1024 1077 1092 1135 των

76 1171 171 1252 έντδς
191 1173 248 1240 καὶ
267 1171 472 1241 ἀπεναντίον
490 1178 610 1260 μείζων
629 1174 732 1259 έστίν,
755 1176 812 1243 καὶ
832 1173 894 1242 δύο
912 1172 1090 1242 ὁποιαιοῦν

72 1284 142 1350 τών
165 1282 260 1359 ἐντὸς
281 1290 416 1365 γωνιῶν
435 1279 500 1348 δύο
519 1276 638 1366 ὀρθάν
657 1282 833 1361 ἐλάσσονές
852 1285 946 1350 εἰσιν.
978 1288 1091 1369 έχουσι
1112 1302 1145 1352 10

73 1388 111 1455 δέ
135 1382 295 1473 ἀφορμὴν
317 1389 380 1472 τῆς
402 1393 596 1473 συμπλοκῆς
617 1389 687 1453 τών
709 1388 951 1473 θεωρημάτων,
978 1381 1091 1473 ἐπειδὴ

73 1492 131 1560 καὶ
145 1490 245 1572 αὐτὸς
259 1488 279 1559 ὁ
293 1493 481 1578 γεωμέτρης
496 1492 570 1577 ἑξῆς
580 1493 632 1559 ἐπὶ
646 1497 714 1559 τῶν
729 1502 814 1560 ίσων
829 1492 935 1573 οὕτως
945 1496 1090 1578 έποίησε·

76 1595 202 1676 παντὸς
227 1596 397 1686 τρνγώνου
424 1595 445 1683 ἡ
475 1595 569 1677 έκτδς
595 1605 701 1683 γωνία
730 1598 793 1665 δύο
822 1612 894 1676 ταῖς
921 1595 1016 1676 έντὸς
1038 1597 1094 1663 καὶ

75 1699 279 1770 ἀπεναντίον
296 1709 364 1789 ἴση,
387 1702 444 1769 καὶ
463 1706 502 1770 αί
517 1717 604 1790 τρεῖς
622 1713 684 1770 τοῦ
702 1701 871 1788 τριγώνου
890 1707 1010 1787 γωνίαι
1029 1700 1092 1768 δύο

79 1805 202 1896 ὀρθαῖς
224 1815 301 1878 ι’σαι.
348 1813 468 1896 ἔχομεν
496 1801 560 1877 οὖν
590 1812 625 1875 έκ
648 1807 778 1874 τούτων
802 1808 952 1892 μέθοδον
977 1814 1145 1878 &vno-15

73 1919 242 2002 μίξεσθαι,
272 1917 344 1995 πώς
371 1918 409 1982 αί
434 1917 581 2001 γενέσεις
607 1918 675 1981 τών
703 1911 907 1999 πραγμάτων
936 1909 986 1979 ἐπ’
1013 1910 1093 1993 ὄψιν

74 2018 157 2109 ἡμῖν
179 2018 240 2099 τάς
264 2018 431 2105 ἀληθινὰς
454 2019 577 2106 άγουσι
599 2024 667 2088 τών
691 2020 903 2106 ζητουμένων
926 2022 1040 2097 αίτίας.

144 2130 198 2194 66.
220 2129 308 2211 ,Τῆς
334 2125 427 2207 έντὸς
453 2127 509 2194 καί
538 2124 741 2194 ἀπεναντίον
769 2123 860 2193 εἶπεν
892 2123 976 2213 πρὸς
1007 2122 1094 2192 ἀντι-

79 2228 263 2315 διαστολὴν
282 2234 341 2316 τῆς
359 2231 453 2312 έντὸς
466 2232 523 2300 καὶ
538 2234 656 2318 ἐφεξῆς
669 2234 832 2319 κειμένης,
851 2223 890 2319 ἧς
904 2229 946 2299 οὐ
963 2231 1094 2312 πάντως

78 2341 202 2423 μείζων
224 2336 314 2404 ἐστίν
336 2334 357 2423 ἡ
381 2338 486 2418 έκτάς·
509 2337 588 2406 ποτὲ
611 2338 676 2424 γάρ
698 2340 754 2406 καὶ
778 2338 934 2424 ἐλάττων,
957 2339 1036 2407 ποτὲ
1056 2337 1092 2406 δὲ
1111 2361 1146 2409 20

77 2440 136 2509 καὶ
159 2448 224 2528 ἴση,
247 2442 328 2511 ποτὲ
350 2444 387 2512 δὲ
409 2445 466 2512 καὶ
489 2450 617 2531 μείζων.
718 2513 719 2516 ,

148 2551 198 2616 67.
238 2550 348 2635 Φησὶυ
380 2547 402 2637 ἡ
429 2550 604 2640 πρότασις,
640 2550 690 2619 ὅτι
717 2550 842 2631 παντὸς
868 2550 1037 2638 τριγώνου
1064 2553 1095 2616 εί

80 2659 162 2742 μίαν
179 2653 254 2722 τινά
272 2660 342 2725 τών
359 2661 514 2744 πλευρῶν
527 2657 778 2744 προσεκβάλοις,
797 2657 859 2742 τὴν
878 2658 969 2734 έκτὸς
987 2652 1093 2720 αὐτοῦ

76 2761 327 2848 ,συνισταμένην
347 2768 477 2848 γωνίαν
500 2759 653 2849 εὑρήσεις
676 2767 810 2847 μείζονα
830 2765 898 2827 τών
922 2757 1015 2837 έντὸς
1037 2758 1093 2825 καὶ

79 2863 285 2935 ἀπεναντίον
299 2867 466 2954 ἑκατέρας·
491 2864 693 2954 ἀμφοτέραις
712 2864 773 2950 μέν
792 2864 855 2949 γάρ
880 2873 935 2948 ἴση
959 2861 1093 2948 δειχθή-
1111 2885 1146 2935 25

79 2991 174 3042 σεται
197 2973 318 3062 μικρὸν
340 2973 499 3061 ὕστερον,
528 2974 683 3056 ἑκατέρας
711 2970 748 3037 δὲ
771 2975 889 3055 μείζων
914 2971 949 3035 ἐκ
971 2966 1093 3035 τούτου

76 3085 259 3149 δείκνυται.
295 3080 352 3148 καὶ
375 3078 565 3165 ἀναγκαίως
588 3076 671 3164 πρὸς
688 3073 748 3155 τάς
767 3073 969 3141 ἀπεναντίον
987 3069 1093 3160 αὐτὴν

150 3241 243 3295 66..Β
318 3238 409 3293 67..Ρ

151 3389 175 3437 6.
194 3375 451 3435 ἀποδεικνύεινί.
524 3384 549 3433 9.
569 3373 742 3442 ἀπεναντίας
761 3393 818 3447 seq
837 3394 890 3432 rau.
910 3370 984 3443 V‚’
966 3394 1098 3431 απεκατ-

76 3454 203 3520 τίουςο
296 3456 339 3504 14.
357 3449 526 3520 γωνί,αι]η
551 3448 628 3504 αἰτία
650 3452 684 3509 V
774 3455 823 3508 m.
843 3449 920 3506 δαδω
935 3444 1083 3511 πωςΧιιπ.

76 3524 135 3578 litt.
155 3522 190 3576 V.
270 3527 311 3576 17.
332 3520 486 3593 altlach,
508 3517 631 3590 εὐθείας
649 3527 688 3586 V
763 3533 814 3584 ‘m
834 3518 953 3597 αυτήνΧ
968 3514 1096 3585 um*
