2362 3796
227 142 384 195 scnomA
401 143 440 196 m
458 142 733 194 ELEMENTORUM
750 143 890 195 LIBRUM
903 143 935 197 v.
1022 139 1088 204 281

75 283 115 351 δὲ
127 282 250 352 τοότον
268 281 449 368 τοῦλόγου
465 281 551 370 πρὸς
568 280 673 349 ίίλλον
690 281 794 367 λόγον
812 280 891 350 καθ’
909 278 1090 368 ὁμοιότητα

75 389 253 476 σύγκρισιν
276 387 351 474 ἤτοι
375 389 487 474 σχέσιν
511 385 697 473 ἀναλογίαν
719 387 1008 474 προσηγόρευσαν,
1032 392 1089 455 ίνα

10 508 14 519 “
77 493 123 583 μὴ
148 492 192 574 ὡς
213 493 292 562 τόδε
314 493 353 564 τὸ
382 497 525 582 μέγεθος
552 500 784 582 σνγκρίνηται,
811 491 885 561 ἀλλ’
912 491 956 574 ὡς
984 491 1042 562 ὅδε
1070 494 1088 563 6

73 599 175 686 λόγος
205 599 289 689 πρὸς
320 599 421 668 τόνδε
449 599 511 669 τὸν
539 598 652 685 λόγον.
698 599 782 684 αὕτη
813 598 850 666 δὲ
872 596 893 684 ἡ
918 600 1090 684 σύγκρισις

74 707 175 792 λόγος
197 707 326 793 λέγεται
349 705 467 793 λόγον,
496 699 571 774 οἷον
598 705 657 773 ἐὰν
685 699 748 774 οἷσι
776 703 841 773 δύο
864 706 1011 790 εὐθεῖαι,
1040 696 1090 775 ὧν
1125 728 1142 777 ο

73 809 96 898 ἡ
121 812 215 901 ἑτέρα
237 811 322 901 πρὸς
343 811 406 898 τὴν
428 809 549 897 λοιπὴν
578 814 778 879 διπλασίονα
805 809 910 897 λόγον
938 817 1019 898 ἔχει,
1051 811 1089 880 τὸ

75 916 142 986 ἀπὸ
169 923 228 1005 τῆς
254 916 316 986 τὸν
344 922 546 986 διπλασίονα
573 916 678 1003 λόγον
708 916 849 1004 ἐχούσης
877 916 1090 1005 τετράγωνον

74 1030 339 1108 τετραπλασίονα
371 1023 476 1110 λόγον
507 1025 572 1105 ἕξει
605 1020 688 1111 πρὸς
718 1022 757 1091 τὸ
790 1021 854 1092 ἀπὸ
886 1026 945 1109 τῆς
972 1027 1090 1110 λοιπῆς

74 1129 285 1218 τετράγωνον
307 1128 391 1216 ἥπερ
414 1127 435 1215 ἡ
459 1135 579 1215 μείζων
602 1127 720 1197 εὐθεῖα
742 1128 827 1215 πρὸς
851 1127 913 1215 τὴν
936 1127 1090 1197 εὐθεῖαν·

74 1235 116 1304 τὰ
134 1233 198 1324 γὰρ
218 1237 313 1322 μήκει
333 1234 491 1303 διπλάσια
510 1235 653 1322 δυνάμει
669 1233 900 1320 τετραπλάσια.
932 1235 951 1304 6
970 1240 1088 1304 τοίννν
1108 1258 1142 1309 ιο

75 1340 175 1427 λόγος
205 1346 274 1410 τόν
304 1340 523 1428 τετραγώνων
555 1341 792 1430 τετραπλάσιος
829 1337 878 1408 ω”ν
911 1345 1091 1410 διπλασίου

77 1444 176 1526 ὄντος
192 1451 255 1515 τοῦ
269 1446 374 1533 λόγου
388 1452 456 1515 τῶν
471 1446 617 1517 εὐθειῶν
632 1446 807 1526 διπλόοιός
821 1449 921 1515 ἐστιν.
943 1455 1092 1516 καλεῖται

77 1551 115 1620 δὲ
133 1543 231 1633 οὗτος
249 1552 354 1640 λόγου
368 1551 477 1639 λόγος.
509 1551 581 1621 ἀλλ’
599 1562 650 1638 εἴη
665 1549 708 1621 διν
723 1545 822 1633 οὗτος
835 1549 902 1620 ὑπὸ
916 1552 954 1620 τὸ
968 1552 1090 1622 ποσόν

76 1659 186 1741 διττὸς
208 1658 274 1747 γὰρ
298 1658 316 1728 6
335 1658 436 1746 λόγος
460 1657 478 1727 6
497 1659 558 1746 μὲν
577 1661 614 1727 ἐν
634 1656 720 1748 ἀξίᾳ,
745 1657 763 1727 6
783 1658 821 1726 δὲ
840 1661 877 1726 ἐν
895 1662 998 1750 ποσῷ.
1034 1658 1090 1725 καλ

75 1767 137 1833 τοῦ
160 1765 221 1853 μὲν
245 1768 282 1835 ἐν
302 1764 378 1856 ἀξίᾳ
402 1766 503 1834 οὐδέν
523 1768 613 1833 ἐστιν
632 1762 723 1844 είδος
740 1764 824 1849 πρὸς
838 1762 901 1849 τὴν
914 1768 1091 1851 παροῦσαν
1110 1785 1145 1837 ιε
1174 1776 1176 1781 ’

77 1886 200 1959 χρείαν.
236 1877 297 1941 τοῦ
322 1872 360 1941 δὲ
382 1870 466 1940 κατὰ
488 1897 525 1939 το
549 1868 658 1939 ποσὸν
677 1873 750 1956 εἴδη
770 1871 839 1938 ἐστὶ
856 1869 968 1937 πέντε·
991 1866 1008 1937 6
1028 1868 1091 1956 μὲν
1173 1880 1176 1935 1

74 1976 140 2066 γάρ
163 1980 233 2047 ἐστι
255 1977 519 2062 πολλαπλάσιος,
548 1974 593 2056 ὡς
615 1981 676 2044 τοῦ
698 1981 774 2060 τρία
798 1973 816 2044 6
841 1977 890 2062 ἕξ,
919 1972 938 2043 6
962 1975 1000 2043 δὲ
1023 1978 1092 2043 ἐπι-

23 2168 28 2175 .
76 2083 204 2172 μόριος,
228 2081 273 2164 ὥς
295 2089 356 2153 τοῦ
373 2088 450 2172 τρία
469 2082 488 2152 ὁ
506 2084 660 2169 τέσσαρα,
685 2079 702 2150 6
723 2081 760 2149 δὲ
779 2079 943 2168 ε’πιμερής,
967 2077 1012 2160 ὡς
1029 2082 1090 2149 τοῦ

75 2193 151 2274 τρία
183 2186 200 2257 6
228 2191 334 2259 πέντε.
384 2192 440 2258 καλ
469 2179 563 2257 οὗτοι
590 2188 652 2276 μὲν
680 2187 797 2273 ἁπλοῖ,
829 2184 958 2255 τούτων
982 2187 1020 2255 δὲ
1042 2191 1091 2254 ἔτι

78 2290 306 2382 ἁπλούστερος
323 2291 342 2364 6
360 2294 616 2375 πολλαπλάσιος.
650 2296 757 2380 ἕτεροι
776 2293 813 2361 δὲ
832 2296 867 2361 ἐκ
885 2297 944 2378 τῆς
960 2291 1090 2362 τούτων
1108 2315 1146 2367 20

79 2398 270 2477 συνδέσεως
291 2404 444 2485 γίνονται
463 2400 526 2468 δύο
547 2397 615 2468 ὅτε
632 2397 1023 2487 πολλαπλασιεπιμόριος,
1046 2394 1092 2478 ὡς

79 2507 138 2570 τοῦ
160 2509 235 2591 τρία
259 2501 277 2573 6
300 2505 397 2591 ἕπτό,
428 2507 484 2573 καλ
508 2503 526 2573 6
550 2503 932 2593 πολλαπλασιεπιμερής,
960 2501 1005 2585 ὡς
1028 2506 1091 2573 τοῦ

79 2613 154 2692 τρία
173 2607 191 2677 6
211 2607 307 2679 ὀκτώ.
342 2608 506 2697 ὑπόλογοι
524 2611 564 2678 δέ
580 2616 667 2678 είσιν
686 2615 721 2679 οί
738 2610 1003 2689 ἐλάσσονες-τῶν
1022 2636 1090 2698 μει·

149 2845 174 2893 2.
198 2835 441 2912 προσηγόρευσαν]
461 2856 516 2896 om.
535 2858 561 2908 q.
652 2847 676 2895 3.
700 2838 750 2910 τό]
771 2857 824 2894 om.
843 2839 935 2894 Πολι.
1025 2832 1089 2910 ὅδε]

78 2926 147 2965 corr.
168 2927 202 2963 ex
221 2911 276 2964 ωδε
295 2908 326 2963 Ρ.
398 2916 423 2966 5.
442 2903 510 2965 ὦσιν
529 2910 620 2966 Pvat.
695 2917 718 2965 7.
740 2911 789 2978 τῆς
806 2907 868 2980 τόν]
888 2909 925 2976 Β,
944 2910 1001 2962 τῶν
1019 2909 1041 2962 Ρ
1060 2920 1090 2966 et

78 2995 148 3035 corr.
169 2996 203 3034 ex
220 2977 271 3034 τόν
289 2997 363 3034 man.
376 2982 449 3050 post.
468 2981 499 3051 P,
517 2982 567 3047 τῆς
586 2999 613 3049 q,
632 2978 682 3035 τόν
697 2982 761 3034 Vat.
823 2987 847 3035 9.
867 2976 951 3051 ἤπερ]
972 2995 1041 3034 corr.
1055 2996 1091 3035 ex

14 3045 21 3056 '
78 3051 157 3121 εἴπερ
177 3051 207 3104 Ρ.
285 3046 322 3121 ἡ]
337 3068 391 3106 om.
411 3068 437 3120 q.
516 3057 557 3106 10.
577 3050 651 3138 μήκη
670 3069 697 3119 q.
776 3056 816 3106 11.
835 3050 1043 3117 τετραπλασίαν
1061 3067 1089 3119 q.

114 3128 155 3178 12.
176 3123 332 3176 διπλασίων
351 3121 381 3176 Ρ.
455 3127 497 3177 13.
517 3120 562 3247 δέὲ]
583 3141 634 3177 ονν
654 3124 683 3176 Β.
752 3120 834 3190 λόγος
852 3117 937 3190 λόγον
956 3139 983 3189 q.
1047 3126 1089 3176 1⁶.

78 3189 153 3247 ἐστιν
173 3190 261 3264 εἶδος]
281 3188 341 3247 ἐστι
359 3211 386 3261 q.
477 3199 518 3247 16.
560 3209 619 3246 στιν
638 3191 712 3254 vat„
732 3190 802 3246 εἰσιν
820 3191 878 3246 ΡΒ.
970 3195 1011 3245 18.
1031 3185 1091 3246 ίπι·

78 3262 196 3334 διμερής
214 3283 241 3333 q.
319 3265 369 3318 τοῦ
387 3264 452 3333 τρία
471 3260 486 3317 6
504 3261 605 3334 πέντε]
625 3259 641 3317 6
659 3263 745 3317 πέντε
763 3263 814 3316 τοῦ
832 3263 896 3328 τρία
914 3262 968 3332 Fq.
1045 3266 1090 3319 2⁰.

29 3353 31 3357 ’
77 3329 265 3405 ἁπλοίστεροι
284 3353 310 3403 q.
381 3331 412 3389 οί
426 3330 630 3389 πολλαπλάσιοι
644 3352 670 3402 q,
689 3330 880 3394 πολαπλιίσιος
893 3331 923 3386 Ρ.
991 3329 1091 3389 Finem

78 3405 114 3459 ab
135 3404 225 3472 ἕτεροι
244 3423 298 3460 om.
318 3423 343 3475 q.
434 3405 496 3476 τῆς]
516 3420 570 3459 om.
589 3404 619 3458 F.
710 3409 753 3457 21.
772 3405 917 3473 γείνανται
933 3402 964 3461 Ρ.
1044 3408 1095 3469 2⁸.

76 3470 222 3538 ἐλάττονες
239 3475 270 3544 Ρ,
289 3493 380 3547 comp.
398 3477 430 3530 B.
1082 3530 1128 3589 Α
