2362 3796
118 147 185 213 428
272 148 429 202 scflomA
446 150 485 201 IN
503 148 777 201 ELEMENTORUM
793 146 935 201 LIBRUM
948 146 986 201 X.

119 291 175 358 καὶ
199 288 291 377 ὁρῶς,
315 287 366 358 ὅτι
388 287 429 358 τὰ
452 287 645 377 ἀσύμμετρα
668 287 750 357 κατὰ
773 284 907 357 τόδετὸ
926 288 1062 377 μέτρον
1087 289 1151 359 662-

119 422 239 465 νανται
271 393 343 464 κατ’
375 393 457 464 ἄλλο
489 394 660 483 σύμμετρα
692 393 862 464 εἶναικαὶ
889 393 988 483 ρητῶ.
1036 394 1079 465 τὸ
1107 396 1141 466 δέ

122 502 205 590 ῥητὰ
229 500 305 570 ἄντί
327 506 389 570 τοῦ
408 499 544 595 ἀριθμῷ
562 527 631 570 τινι
648 504 852 589 δηλοῦσθαι,
875 494 954 571 οἷον
972 504 1023 596 τῷ
1043 503 1140 573 πέντε

120 605 210 700 ἢτςό
234 607 315 676 ἑπτὰ
339 607 528 697 πενταπήχη
552 603 574 695 ἢ
597 606 765 695 ἑπταπήχη
789 608 970 696 λεγόμενα,
999 610 1063 678 καὶ
1086 613 1138 678 δια

85 745 101 794 ς
120 717 220 782 τοῦτο
242 718 305 782 τοῦ
323 713 518 800 δεκαγώνου
535 714 662 804 πλευρὰ
682 706 768 783 οὖσα
786 718 915 802 μοιρῶν
932 707 984 801 λζ,
1008 721 1140 787 λεπτῶν

120 820 265 909 πρῶτων
277 819 460 909 τεσσέρων,
478 822 646 909 δευτέρων
659 825 698 890 ν“ε
715 819 839 908 ἄλογος
855 821 997 908 λέγεται.
1032 828 1069 891 εί
1080 821 1138 911 μέν

120 926 185 1015 γὰρ
209 921 252 1015 ἦν
275 918 450 1014 ἷξμόνωυ
474 931 618 1016 μοιρῶν,
646 919 690 1014 ἦν
714 923 758 995 ἂν
780 925 880 1015 ῥητή,
910 924 958 1007 ῶς
981 919 1077 997 οὖσα
1097 938 1139 1021 τῷ

121 1033 300 1120 τριάκοντα
323 1029 459 1125 ἀριθμῷ
483 1038 650 1120 γνωρίμη,
679 1033 749 1101 ἐπεὶ
772 1032 811 1101 66
832 1034 888 1101 καί
911 1036 1049 1103 λεπτῶν
1074 1036 1138 1103 ἐστι

121 1139 263 1226 πρῶτων
285 1139 341 1206 καὶ
365 1139 547 1225 δευτέρων,
571 1136 633 1208 οὐκ
656 1143 726 1206 ἔστι
749 1138 842 1226 ρητή.
887 1143 958 1207 ἔστι
983 1139 1024 1208 δέ
1049 1144 1139 1211 com

70 1275 103 1324 10
122 1249 189 1314 τῶν
208 1247 404 1332 συμμέτρων
423 1245 460 1314 τὸ
479 1244 518 1313 τὸ
536 1250 679 1314 ἔλασσον
697 1248 759 1313 τοῦ
778 1248 928 1332 μείζονος
944 1244 1025 1332 ἤτοι
1040 1247 1139 1337 μέρος

122 1349 209 1419 εἶναι
232 1348 253 1438 ἢ
277 1352 376 1439 μέρη,
403 1351 460 1418 καὶ
483 1346 526 1418 ἂν
549 1342 570 1438 ᾗ
594 1351 708 1438 μέρος,
731 1348 835 1436 λόγον
859 1351 939 1437 ἕξει,
963 1348 1010 1421 ὃν
1032 1351 1140 1441 μονὰς

121 1456 204 1546 πρὲς
223 1455 383 1544 ἀριθμόν,
403 1455 463 1525 ἐὰν
483 1456 521 1525 66
539 1457 632 1544 μέρη,
652 1454 694 1525 ὃν
713 1455 859 1545 ἀρνθμὸς
873 1455 959 1544 πρὸς
972 1457 1138 1548 ἀριθμόν,

123 1558 199 1632 οἷον
222 1562 239 1631 6
264 1566 361 1632 πέντε
384 1560 570 1652 σύμμετρος
593 1559 643 1631 ῶν
664 1566 711 1654 τῷ
735 1568 773 1633 τῶ
795 1563 895 1652 μέρος
917 1564 1012 1634 ἐστὶν
1030 1565 1139 1635 αὐτοῦ

121 1673 178 1740 καὶ
201 1670 306 1757 λόγον
329 1675 395 1757 ἔχει
423 1668 442 1738 6
464 1670 562 1739 πέντε
588 1670 673 1759 πρὸς
701 1668 761 1738 τὸν
787 1672 1069 1759 είκοσιιιαιπέντε,
1100 1670 1141 1744 ὃν

71 1774 144 1863 1ςὴ
168 1774 273 1863 μονὰς
296 1773 380 1865 πρὸς
401 1774 461 1844 τὸν
482 1786 514 1844 ἒ·
551 1772 660 1856 ίσιίιιις
688 1773 753 1862 γὰρ
780 1771 801 1863 ἡ
825 1774 932 1863 μονὰς
953 1774 1017 1847 τὸν
1039 1780 1140 1849 πέντε

123 1895 237 1971 μετρεῖ
256 1883 313 1950 καὶ
337 1879 355 1950 6
378 1882 476 1950 πέντε
497 1879 558 1950 τὸν
576 1886 622 1950 ι’ῶ.
659 1884 690 1950 εί
712 1880 750 1949 66
773 1883 856 1969 μέρη
879 1873 913 1970 ᾖ,
936 1879 1044 1968 λόγον
1063 1885 1141 1972 ἕξει,

124 1985 165 2057 ὃν
193 1986 339 2078 ἀριθμὸς
370 1986 454 2077 πρὸς
481 1985 646 2075 ἀριθμόν,
681 1979 755 2055 οἷον
783 1984 801 2055 6
830 1987 1012 2074 τριάκοντα
1038 1988 1140 2060 καὶὸ

124 2094 373 2181 τεσσαράκοντα
401 2093 583 2181 σύμμετροι
612 2092 707 2173 ὄντες
739 2091 802 2161 οὐκ
829 2099 919 2162 ἔστιν
947 2091 965 2162 6
994 2085 1141 2185 ἷμέρος

123 2206 185 2270 τοῦ
208 2208 241 2288 6,
265 2198 349 2268 ἀλλὰ
373 2201 467 2285 μέρη,
491 2192 568 2300 οἷον
588 2203 664 2286 τρία
683 2200 834 2286 τέταρτα·
855 2201 1015 2287 τέταρτον
1034 2201 1141 2294 γὰρὴ

71 2334 105 2383 20
125 2306 223 2386 δεκὰς
245 2310 307 2373 τοῦ
331 2311 370 2392 6,
399 2301 525 2373 ῶστε.ὁ
549 2312 568 2373 λ
595 2310 672 2393 τρία
695 2306 777 2393 μέρη
801 2305 876 2393 ἤτοι
897 2311 974 2395 τρία
995 2309 1140 2397 τέταρτέ

125 2416 193 2482 ἐστι
211 2415 273 2479 τοῦ
292 2417 323 2497 6.
360 2409 445 2478 ῶστε
463 2410 518 2476 καὶ
538 2410 574 2477 ἐκ
591 2409 715 2479 τούτου
733 2416 850 2499 δῆλον,
875 2409 926 2481 ὅτι
945 2409 963 2480 6
983 2414 1141 2487 ἐλάσσων

125 2520 226 2607 μέρος
249 2518 318 2585 ἐστὶ
340 2520 403 2585 τοῦ
426 2520 577 2603 μείζονος
600 2517 797 2604 συμμέτρων
825 2516 933 2587 ὄντων
960 2524 1022 2588 τοῦ
1047 2523 1141 2593 έίῶτ-

125 2651 224 2704 τονος
241 2625 297 2692 καὶ
316 2628 476 2710 μείζονος,
501 2619 582 2691 ὅταν
601 2619 702 2703 αὐτὸς
721 2621 739 2692 6
759 2623 904 2694 ἐλάττων
922 2624 983 2694 τὸν
1002 2634 1141 2714 μείζονα

125 2730 371 2819 ἀπαρτιζόντως
394 2733 506 2818 μετρῇ,
531 2727 550 2798 6
573 2727 696 2799 ταύτόν
720 2731 789 2799 ἐστι
811 2735 857 2823 τῷ
877 2729 959 2800 ὅταν
979 2729 996 2801 6
1015 2741 1141 2820 μείζων

71 2863 105 2912 25
125 2841 247 2926 μέτρον
263 2843 396 2924 γίνηται
415 2836 470 2903 καὶ
489 2836 610 2904 ἑαυτοῦ
628 2837 684 2903 καὶ
702 2840 764 2904 τοῦ
782 2843 942 2925 μείζονος,
960 2835 1036 2924 ἤτοι
1056 2840 1143 2911 ὅταν

125 2945 181 3013 καὶ
205 2942 325 3013 ἑαυτὸν
348 2941 482 3011 καὶτὸν
501 2947 635 3029 μείζονα
653 2946 764 3031 μετρῇ,
801 2945 913 3012 ἰστέον
931 2945 979 3030 δέ,
1002 2942 1056 3014 ὅτι
1074 2952 1143 3029 πῶς

125 3048 271 3138 ἀριθμὸς
295 3048 416 3118 ἑαυτὸν
440 3061 563 3136 μετρεῖ·
591 3051 622 3116 εί
643 3050 708 3134 γὰρ
730 3045 768 3116 τὸ
792 3050 914 3136 μέτρον
933 3050 1074 3133 έξισιίζει
1091 3059 1140 3148 τῷ

125 3155 338 3247 μετρουμένῳ
353 3151 490 3241 {inme
499 3156 614 3245 ἐκείνῳ
629 3154 862 3242 προσαρμόζον
876 3151 897 3242 ἢ
909 3155 1142 3245 διπλούμενον

125 3258 146 3348 ἢ
165 3263 422 3351 τριπλούμενον,
441 3264 506 3340 πᾶς
525 3258 563 3326 δὲ
581 3257 728 3347 ἀριθμὸς
742 3267 814 3340 ίσος
828 3260 919 3329 ἐστίν
937 3261 1056 3356 ἑαυτῷ,
1075 3270 1143 3347 πῶς

125 3383 355 3487 ——16-66-66]
376 3415 407 3472 τό
427 3437 453 3487 q.
519 3423 560 3474 14.
580 3412 615 3472 έν
633 3449 667 3459 -
689 3423 730 3473 16.
751 3420 776 3490 ἓ]
796 3418 910 3491 Maglb„
929 3436 983 3475 om.
1002 3439 1029 3491 q.
1095 3431 1140 3481 24,

118 3492 239 3566 μείζων]
256 3509 308 3549 scr.
330 3488 463 3549 ἐλάττων.
