2362 3796
118 151 185 215 512
271 153 427 205 SCHOLIA
444 153 483 204 IN
500 150 776 204 ELEMENTORUM
792 150 931 201 LIBRUM
944 150 979 202 X.

458 313 513 378 Ad
537 334 641 398 prop.
664 310 802 378 XXXII.

187 438 261 504 218.
297 437 346 502 Αί
371 437 523 502 τοιαῦται
551 435 648 520 μέσαι
675 434 812 520 μητέρες
834 432 898 500 είσὶ
925 435 985 519 τῆς
1011 433 1052 500 έκ
1076 429 1139 501 δύο

119 543 230 627 μέσων
255 542 417 629 δευτέρας.

187 651 262 715 219.
299 651 359 728 Είς
385 644 448 734 τὴν
476 647 610 732 εὕρεσιν
637 650 706 715 τῶν
730 645 793 714 δύο
817 647 928 731 μέσων
951 647 1025 712 τῶν
1050 667 1141 731 περι·

85 775 101 823 5
120 756 270 838 εχονσοῑν
288 752 326 820 τὸ
341 754 446 839 μέσον
460 755 633 839 ἐκτίθεμεν
647 766 735 838 τρεῖς
749 750 851 838 ῥητὰς
865 749 1010 837 δυνάμει
1030 751 1140 838 μόνον

121 860 329 946 συμμέτρους
352 857 411 938 τὰς
434 869 480 945 Α,
505 866 550 944 Β,
573 865 605 927 Γ
623 859 679 927 καὶ
701 856 765 944 την
789 855 850 944 μὲν
872 865 904 924 A
927 853 1140 945 ὑποτίθεμεν

119 969 180 1032 τοῦ
208 968 226 1030 ῖ
253 963 316 1050 τὴν
342 964 507 1054 πλευράν,
540 963 603 1052 τὴν
631 963 669 1033 δὲ
696 971 725 1032 Β
752 967 812 1032 τοῦ
836 974 858 1049 5
884 960 947 1049 τὴν
973 963 1139 1049 πλευράν.

120 1071 189 1138 ἐπεὶ
214 1069 305 1138 δέ
274 1090 311 1139 το
336 1068 401 1138 άπὸ
424 1075 484 1156 τῆς
502 1081 534 1139 A
556 1070 639 1158 πρὸς
661 1068 699 1140 τὸ
723 1067 789 1138 άκὸ
808 1079 867 1155 τῆς
885 1073 918 1136 Γ
935 1065 1139 1138 ὑποτίθεται

120 1173 138 1244 5
162 1174 311 1264 τεχνικὸς
334 1183 445 1263 μεῖζον
466 1177 638 1246 δύνασθαι
660 1180 705 1269 τῷ
726 1172 790 1244 άπὸ
810 1174 1004 1262 συμμέτρου
1025 1176 1139 1265 ἑαυτῇ,

70 1302 103 1351 10
122 1283 294 1369 ἐκτίθεμεν
318 1281 381 1351 550
405 1277 575 1410 ἀριθμοὺς
603 1246 735 1369 έτέρίιυς
762 1308 823 1351 τον
845 1288 871 1349 5
898 1280 996 1348 καὶ
976 1306 1022 1387 ε,
1043 1309 1096 1350 ων
1119 1309 1137 1366 η

119 1385 266 1476 ὑπεροχή
291 1391 359 1458 ἐστι
382 1386 590 1476 τετράγωνος
613 1386 685 1475 οδ
707 1388 764 1456 καὶ
788 1383 964 1456 δύναται
950 1413 968 1454 ο
989 1395 1019 1454 θ
1039 1413 1104 1456 του
1123 1415 1137 1455 ε

118 1497 164 1585 τῷ
192 1494 257 1562 άπὸ
289 1494 524 1581 σνμμέτρου“
507 1497 622 1587 εαντῷ.
668 1497 831 1581 ποιοῦμεν
859 1485 923 1561 οὖν
950 1489 999 1573 ὥς
1025 1518 1091 1562 τον
1114 1503 1139 1561 5

119 1596 203 1727 πρδς
221 1599 280 1668 τὸν
295 1626 323 1685 ε,
343 1596 450 1678 οὕτως
466 1597 503 1667 τὸ
524 1596 590 1668 άκὸ
609 1604 668 1687 τῆς
681 1610 724 1684 Α,
744 1597 826 1687 ὅπερ
846 1600 914 1667 ἐστὶ
929 1597 1131 1685 μονάδων
1114 1629 1138 1687 ι,

119 1703 202 1790 πρὸς
219 1703 257 1773 τὸ
277 1703 343 1773 άπὸ
362 1709 421 1791 τῆς
435 1710 473 1791 Γ,
496 1703 714 1773 τουτέστινε
691 1733 737 1786 ως
758 1709 891 1793 πρῶτον
914 1703 975 1772 τὸν
1000 1696 1030 1773 5
1051 1705 1138 1793 πρὸς

67 1831 101 1880 16
121 1805 328 1899 δεύτερον
296 1837 357 1880 τον
375 1822 403 1898 ἒ,
423 1809 528 1892 οὕτως
545 1809 713 1901 τρίτον
678 1838 718 1881 τα
736 1815 755 1874 ῖ
768 1809 851 1899 πρὸς
869 1810 1083 1898 τέταρτον
1044 1838 1087 1881 το
1104 1819 1137 1881 Γ.

118 1916 221 1990 ίὰν’
199 1946 265 2005 αρα
283 1918 321 1987 τὸ
341 1916 405 1987 ὑπὸ
421 1918 534 2005 μέσων
547 1921 880 2004 κολυιιλασιάσωμεν,
903 1918 1057 1986 τουτέστι
1077 1922 1137 1988 τὸν

120 2023 200 2091 δέκα
228 2026 282 2091 καὶ
310 2026 423 2109 πέντε,
451 2023 508 2091 καὶ
534 2025 778 2112 παραβάλωμεν
806 2021 895 2110 παρὰ
922 2020 985 2090 τὸν
1008 2033 1053 2109 5,
1088 2052 1138 2112 με·

119 2129 255 2214 νήσεται
278 2127 420 2217 ἡμῖντὸ
444 2135 511 2197 Γ
495 2157 510 2197 ε
534 2135 616 2216 λγ
597 2157 633 2217 κ,
656 2121 698 2197 οὗ
721 2128 848 2218 πλευρά
871 2133 962 2196 ἔσται
985 2134 1077 2215 β
1031 2156 1080 2198 κα
1103 2158 1139 2200 κε

119 2235 202 2321 ῥητὴ
232 2227 318 2303 οὖσα
346 2235 489 2321 δυνάμει
521 2236 577 2301 καὶ
605 2235 791 2325 σύμμετρος
817 2237 857 2323 τῇ
886 2242 926 2303 A.
976 2236 1035 2303 καὶ
1066 2237 1137 2306 έκεὶ

66 2360 100 2409 2ο
118 2339 220 2406 πάλιν
251 2338 309 2419 τάς
337 2348 383 2424 A,
408 2347 436 2406 Β
469 2338 569 2426 ῥητὰς
602 2340 705 2422 οὔσας
737 2340 878 2429 δυνάμει
909 2339 1020 2427 μόνον
1053 2341 1138 2412 ὑκο-

118 2449 263 2529 τίθεται,
288 2443 325 2511 τὸ
351 2441 427 2511 δὲ’
410 2443 475 2512 υπὸ
501 2447 612 2572 ρητῶν
636 2446 778 2534 δυνάμει
800 2446 909 2535 μόνον
932 2448 1137 2538 συμμέτρων

119 2549 222 2635 μεσον
237 2552 317 2634 εστι,
331 2547 433 2618 καὶ
400 2575 437 2618 το
453 2575 519 2619 οπο
534 2554 649 2619 τωνΑ
650 2544 985 2684 ,Βγινόμενονῆνζ
996 2558 1137 2640 μ“μνι“ιδ

119 2656 221 2742 μέσον
246 2657 314 2726 ἐστὶ
337 2655 453 2724 καὶ’
413 2655 506 2742 αντό,
529 2655 621 2725 naz‘
603 2685 624 2744 5
645 2661 815 2746 δυναμένη
834 2658 915 2728 αὐτο
902 2658 1019 2747 μέση
1041 2662 1135 2731 ἐστὶν

117 2760 226 2848 ἤγουν
248 2761 288 2830 τὰ
308 2770 329 2849 β
348 2774 396 2831 νθ
413 2768 465 2849 κη.
502 2763 604 2833 πάλιν
627 2765 696 2832 ἐπεὶ
719 2763 757 2833 τὸ
780 2762 845 2833 ὑπὸ
864 2768 933 2833 τοῖν
947 2772 988 2851 Β,
1004 2771 1037 2834 Γ
1058 2775 1135 2836 ἴσον

190 2911 249 2959 218.
269 2905 299 2960 P.
372 2912 432 2960 219.
453 2903 528 2973 quo
545 2904 597 2976 (είς
615 2902 646 2960 τὸ
666 2903 730 2977 55').

118 2999 331 3007 ————

190 3037 214 3083 9.
238 3025 377 3098 τεχνικός]
398 3027 599 3098 μεωμέτρηςη.
690 3030 740 3101 τῷ]
765 3025 1134 3105 τόη.10.έτέρονς]

119 3134 172 3170 om.
194 3135 220 3183 5.
304 3124 343 3170 11.
365 3114 433 3204 ἐστι]
455 3111 561 3172 ἐστιν
550 3137 564 3172 ο
584 3117 750 3186 τέσσαρας.
824 3103 936 3202 55]'
914 3138 1002 3190 qu.
1091 3129 1133 3177 12.

117 3187 169 3258 τῷ]
189 3184 267 3255 τὸη.
346 3193 386 3242 16.
410 3184 517 3273 555]'
500 3185 600 3258 au5q.
674 3185 1010 3273 πολλαπλασιάσωμενη.
1091 3201 1132 3249 17.

118 3243 182 3326 καί]
200 3258 270 3325 (alt.)
290 3254 379 3310 καὶ
352 3277 383 3311 το
398 3277 553 3328 γενομενον
567 3277 593 3329 q
648 3255 871 3346 παραβάλλωμεν
885 3257 918 3314 V
975 3267 1019 3318 18.
1032 3261 1136 3351 ἔσται]

118 3323 221 3396 ἐστιη.
313 3334 354 3382 22.
379 3329 445 3400 καί]
464 3331 516 3384 καί
532 3326 637 3397 έστιη.
728 3335 769 3385 23.
794 3328 892 3401 μέσον]
917 3331 1006 3400 μέσον
1026 3329 1133 3406 άραη.

102 3414 239 3550 mafora
255 3412 363 3491 πλευρὰ
384 3416 499 3489 μέοηη.
587 3415 649 3474 ἐστί
663 3437 689 3486 q.
780 3423 822 3476 24.
842 3417 890 3489 κη]
910 3423 1015 3488 postea
1033 3418 1137 3494 add}
