2362 3796
235 159 393 211 εοΗοεω
411 159 451 210 m
468 158 742 211 ELEMENTORUM
760 161 934 214 mmmm
1024 158 1088 223 155

71 303 142 367 τῶν
167 297 227 384 μέν
249 296 314 385 γάρ
338 301 474 383 γωνιῶν
497 295 611 366 οὐσῶν
630 298 759 367 ἀνίσων
777 301 873 386 λέγω,
897 306 1012 386 φησίν,
1037 298 1088 367 ὅτι

71 404 130 471 καὶ
150 407 187 470 αί
202 401 440 472 ὑποτείνουσαι
457 406 598 491 πλευραὶ
617 404 740 490 ἀνισοι,
759 405 815 472 καὶ
834 403 854 492 ἡ
874 412 992 492 μείζων
1009 402 1088 473 ὑπο-

71 515 175 577 τείνει
193 508 255 596 τὴν
273 511 459 598 δεδομένην
479 516 614 596 μείζονα
632 517 770 598 γωνίαν.
807 515 838 578 εί
854 510 918 597 γάρ
937 510 981 598 μή
997 514 1087 579 ἐστιν

72 615 181 704 ἡτὴν
204 623 340 703 μείζονα
362 622 491 705 γωνίαν
515 623 651 705 μείζων,
680 625 736 703 ίση
765 618 855 685 ἐστὶν
884 614 905 704 ἢ
933 616 1089 687 ἐλάττων.

71 721 148 792 ἀλλ’
170 728 201 791 εί
222 723 284 810 μὲν
307 733 374 809 ἴση,
398 723 454 790 καὶ
477 726 516 790 αί
535 730 666 809 γωνίαι,
689 719 729 803 ἃς
747 721 994 807 ὑποτείνουσιν,
1019 732 1088 790 ίσαι
1125 748 1141 794 ο

72 828 130 898 διά
153 829 192 897 τὸ
217 829 254 898 ε’.
292 835 324 898 εί
345 829 383 897 δέ
406 829 569 915 ἐλάσσων,
593 831 649 897 καὶ
667 827 687 916 ἡ
706 836 824 917 γωνία,
847 825 891 916 ἣν
909 827 1088 913 ὑποτείνει,

73 935 225 1004 ἐλάσσων
249 933 305 1002 διά
329 933 366 1003 τὸ
390 934 456 1025 πρὸ
480 938 616 1003 τούτου·
654 936 818 1002 δέδεικται
845 932 909 1022 γάρ
936 932 1003 1001 ὑπὸ
1026 933 1088 1020 τὴν

73 1047 209 1128 μείζονα
231 1047 361 1128 γωνίαν
383 1039 404 1128 ἡ
424 1048 544 1129 μείζων
563 1040 689 1130 πλευρά
706 1039 930 1109 ὑποτείνουσα
948 1040 1003 1107 καὶ
1023 1037 1087 1107 ὑπὸ

72 1145 137 1234 τὴν
152 1146 282 1215 ἐλάσσω
296 1145 317 1234 ὑ
333 1147 493 1216 ἐλάσσων.
531 1154 643 1234 έχουσι
663 1147 699 1214 δέ
717 1146 883 1215 ἀνάπαλιν
903 1150 940 1213 αί
954 1151 1088 1234 γωνίαι·

74 1259 195 1341 μείζων
219 1252 285 1340 άρα
311 1251 332 1340 ἡ
356 1251 483 1339 πλευρά
510 1256 568 1339 τῆς
595 1256 747 1341 πλευράς.
793 1250 954 1339 ἐχρήσατο
983 1251 1020 1319 δέ
1047 1255 1087 1340 τῇ
1109 1277 1141 1324 10

73 1363 111 1426 ἐκ
135 1361 328 1448 διαιρέσεως
356 1363 404 1439 είς
432 1357 470 1427 τδ
499 1357 669 1427 ἀδύνατον
693 1358 823 1447 άγοὺση
848 1360 946 1439 δείξει
970 1356 1088 1443 βουλό-

73 1491 174 1551 μενος
187 1464 224 1532 τὸ
241 1463 469 1552 ἀντίστροφον
483 1469 619 1552 ποιησαι
633 1469 679 1556 τῷ
693 1466 933 1555 προηγουμένη)
944 1461 1088 1550 μηδενὸς

74 1570 196 1656 μεταξὺ
223 1576 525 1657 παρεμπίπτοντος,
559 1571 628 1637 ἐπεὶ
655 1570 711 1636 καὶ
738 1568 776 1637 τὸ
806 1568 840 1656 η’
865 1567 1087 1654 άντιστρέφον

76 1673 160 1762 πρὸς
182 1675 218 1744 τὸ
243 1680 264 1743 δ
269 1675 277 1698 ‘
296 1674 425 1762 πολλὴν
449 1679 621 1762 ἐνεποίησε
643 1674 791 1763 ταραχὴν
814 1679 1087 1759 δυσεπίγνωστον

73 1784 220 1868 πόιησαν
233 1781 295 1870 τὴν
309 1781 553 1869 ἀναστροφήν·
576 1781 631 1849 διὸ
646 1781 688 1868 δὴ
703 1779 743 1847 τά
758 1781 964 1866 ἀντίστροφα
979 1778 1087 1847 πάντα
1108 1806 1141 1852 15

73 1886 121 1956 δι’
147 1886 318 1957 ἀδυνάτου
342 1893 493 1956 δείκνυσι
512 1888 633 1975 σχεδὸν
652 1887 732 1975 μετὰ
751 1891 813 1956 τοῦ
831 1886 893 1973 τὴν
912 1887 1087 1973 συνέχειαν

71 1994 266 2082 φυλάττειν.

141 2106 194 2168 77.
231 2099 338 2168 Τοῦτό
362 2102 431 2168 ἐστι
453 2097 491 2168 τό
511 2097 738 2187 ἀντίστροφον
756 2103 801 2190 τῷ
822 2100 983 2190 εἰρημένω
1004 2107 1086 2166 θεω-

75 2205 215 2292 ρήματι,
247 2215 304 2272 καί
330 2209 420 2274 ἐστιν
447 2205 579 2273 ἁπλοῦν
607 2208 643 2273 έν
671 2207 812 2296 ἑκατέρῳ
840 2203 877 2272 τὸ
903 2206 1087 2292 δεδομένον

75 2311 132 2379 καὶ
155 2312 192 2379 τὸ
218 2310 428 2399 ζητούμενον,
451 2313 507 2379 καὶ
530 2310 568 2379 τὸ
592 2311 654 2398 μὲν
676 2315 744 2379 ἐκεῖ
765 2314 983 2401 συμπέρασμα
1005 2309 1087 2380 ὑπό·
1106 2335 1140 2383 20

75 2422 172 2497 θεσίς
195 2419 284 2485 ἐστιν
308 2420 467 2503 ἐνταῦθα,
492 2417 512 2504 ἡ
537 2418 574 2486 δέ
597 2420 666 2486 ἐκεῖ
685 2416 848 2498 ὑπόδεσις
869 2419 992 2486 τούτου
1009 2439 1087 2504 συμ-

76 2510 235 2610 πέρασμα.
272 2524 488 2610 προτέτακται
508 2523 545 2590 δὲ
564 2526 681 2609 ἐκεῖνο,
706 2524 793 2592 διότι
817 2527 1002 2611 δεδομένην
1021 2529 1087 2610 ἔχει

74 2627 137 2714 τὴν
161 2626 341 2714 ἀνισότητα
363 2633 432 2696 τῶν
454 2638 619 2716 πλευρῶν,
643 2632 753 2697 ἕπεται
772 2628 808 2696 δέ
827 2633 937 2713 τοῦτο,
962 2626 1012 2695 ὅτι
1030 2625 1088 2708 τάς

76 2737 202 2820 γωνίας
217 2732 355 2813 ἀνίσους
367 2732 579 2803 ὑποτίθεται·
595 2739 732 2801 δοκοῦσι
745 2732 810 2820 γάρ
825 2737 862 2799 αί
874 2732 935 2819 μὲν
947 2731 1087 2817 πλευραὶ

74 2838 117 2906 τά
140 2835 362 2927 εὐθύγραμμα
385 2843 564 2929 περιέχειν,
595 2843 633 2906 αί
659 2839 696 2906 δὲ
722 2844 843 2924 γωνίαι
865 2838 1086 2924 περιέχεσθαι.
1105 2860 1140 2911 25

74 2945 131 3013 καὶ
155 2943 173 3013 ὑ
197 2944 318 3034 τρόπος
342 2948 380 3015 δὲ
402 2952 461 3034 τῆς
483 2945 681 3026 ἀποδείξεως
704 2942 753 3013 ἐπ’
781 2945 910 3011 ἐκείνου
939 2940 1000 3027 μὲν
1024 2945 1087 3010 δει-

72 3039 203 3138 κτικοῖς,
223 3053 275 3120 ἐπὶ
295 3052 333 3120 δέ
351 3055 473 3121 τούτου
492 3051 549 3121 διὰ
567 3056 626 3139 τῆς
645 3057 691 3131 είς
712 3048 881 3118 ἀδὺνατον
901 3038 1088 3135 ἀπαγωγῆς.

146 3214 236 3268 ΠΡ.

147 3363 171 3410 5.
187 3353 283 3441 εί]η,
302 3349 373 3421 ἤλ.
448 3359 488 3407 16.
508 3353 571 3423 τοῦ]
591 3369 624 3406 ex
643 3352 788 3422 Proolop.
809 3358 870 3422 ³21,
891 3358 936 3419 17;
956 3367 1011 3408 om.
1031 3352 1089 3409 V.

113 3431 155 3480 19.
179 3421 290 3479 ἁπλοῦν
315 3419 405 3494 ἐν]’
387 3443 481 3478 απουν
505 3443 557 3493 μεν
581 3425 647 3492 (ουν
667 3425 772 3492 comp)
790 3423 826 3478 ..Ρ
917 3394 1075 3495 δεδομένον

74 3492 263 3565 δεδιδόμενον
284 3494 315 3548 Ρ.
978 3368 1124 3594 Δ
