2362 3796
104 140 171 205 226
259 142 416 195 scfloLlA
433 143 473 193 IN
485 98 765 194 'ELEMENTORUM
781 142 923 193 LIBRUM
934 142 973 196 Π.

104 284 141 349 ἐν
164 295 235 362 τοῖς
258 278 478 369 ὡροσκοπίοις
497 282 534 349 δὲ
553 286 653 369 ἔργον
672 284 857 369 ἔχειτοῦτο
875 280 986 367 μόνον
1003 278 1043 349 τὸ
1061 279 1119 361 τὰς

104 387 289 466 ἀνεστώσας
312 384 400 474 ὥρας
423 400 533 455 ποιεῖν
557 393 756 474 γνωρίμους.

173 497 223 561 12.
259 491 563 580 Παραπληρώματα
590 492 629 560 δὲ
655 492 784 578 λέγεται
812 488 875 579 οὐχ
898 489 944 573 ώς
967 493 1013 581 μὴ
1039 494 1120 561 όυτα

98 600 155 667 καὶ
170 597 255 666 αὐτὰ
273 597 611 686 παραλληλόγραμμα,
631 595 703 666 ἀλλ’
725 596 772 679 ώς
789 596 835 686 μὴ
854 597 956 687 ὅμοια
973 603 1023 693 τῷ
1043 597 1120 691 ὅλῳ,

65 729 82 778 ο
101 710 386 792 παραπληροῦυτα
404 704 442 772 δὲ
460 704 523 791 τὴν
540 715 603 773 τοῦ
623 703 707 773 ὅλον
724 702 809 794 πρὸς
827 703 912 773 αὐτὰ
927 702 1119 793 ὁμοιότητα.

169 815 219 880 13.
236 809 370 896 Ἰστέον,
386 809 437 879 ότι
450 810 622 899 γνώμονες
631 816 755 899 κυρίως
764 812 919 898 λέγονται
929 814 965 879 οί
972 811 1121 899 περιττοί

102 916 259 1006 ἀριθμοί,
297 917 384 985 διότι
421 916 643 1005 τετραγώνοις
679 915 840 1005 ἀριθμοῖς
871 918 1120 1005 περιτιθέμενοι

99 1022 311 1111 τετράγωνον
335 1021 437 1091 πόλιν
462 1021 697 1092 ἀποτελοῦσιν·
723 1017 800 1092 οἷον
821 1027 955 1112 πρώτος
977 1021 1121 1112 ἀριθμός

101 1132 170 1197 ἐστι
193 1128 402 1217 τετράγωνος
424 1126 444 1214 ἡ
470 1129 583 1215 μονάς.
629 1128 733 1218 ταύτῃ
761 1140 848 1216 γοῦν
871 1125 890 1197 ὁ
912 1133 1048 1216 πρώτος
1068 1154 1120 1199 πε-

49 1257 82 1306 10
102 1231 212 1319 ριττὸς
239 1234 258 1301 ό
286 1239 362 1322 τρία
391 1236 644 1322 περιτιθέμενος
665 1238 726 1304 τὸυ
748 1235 887 1321 τέτταρα
908 1234 1120 1324 τετράγωνον

103 1337 272 1424 ἀποτελεῖ,
299 1339 356 1405 καὶ
382 1337 491 1430 τούτῳ
519 1345 564 1432 τῷ
586 1342 731 1428 τέσσαρα
753 1340 951 1433 τετραγώνῳ
973 1344 1075 1411 πάλιυ
1098 1339 1118 1408 ό

101 1444 199 1512 πέντε
226 1442 378 1532 περιττός
405 1447 658 1533 περιτιθέμενος
685 1446 746 1515 τὸν
774 1448 872 1515 ἐννέα
903 1447 1117 1536 τετράγωνον

101 1563 193 1619 ποιεί
212 1551 267 1619 καὶ
290 1555 335 1643 τῳ
359 1553 457 1620 ἐννέα
481 1549 500 1620 ό
523 1552 604 1621 ἑπτὰ
627 1551 827 1645 τετραγώνῳ
855 1553 1013 1642 περιττός
1032 1578 1120 1639 περι-

100 1658 276 1744 τιθέμενος
298 1656 359 1726 τὸν
383 1657 496 1739 ὃεκαὲξ
518 1657 732 1747 τετράγωνον
755 1661 893 1742 ἐκτελεϊ,
919 1660 978 1727 καὶ
1000 1661 1120 1748 ἐφεξῆς

50 1787 83 1836 15
103 1762 190 1832 οὕτω
220 1769 418 1852 προβαίνων
445 1761 597 1852 εὑρήσεις
623 1766 701 1844 τοὺς
729 1763 903 1853 περιττοὺς
927 1761 1007 1834 οἷόν
1029 1793 1121 1847 τινας

101 1869 247 1951 κανόνας
274 1870 312 1938 τὸ
345 1874 413 1940 τών
445 1870 665 1958 τετραγώνων
698 1876 809 1958 σχῆμα
840 1868 1123 1960 ἀπεριθραόστως

103 1975 398 2064 διαφυλάττοντας.
447 1975 539 2045 ταῦτ’
565 1975 632 2061 ἀρα
659 1978 716 2045 καὶ
744 1975 918 2065 γνώμονες
944 1980 1122 2066 κέκληνται

104 2079 149 2161 ὦς
177 2081 271 2160 όντες
300 2076 374 2149 οἷόν
403 2108 492 2162 τινες
517 2082 660 2162 κανόνες
687 2109 723 2151 τε
749 2084 806 2151 καὶ
836 2081 1031 2171 εόθότητες.
1082 2082 1124 2153 οό

103 2185 170 2272 μὴν
197 2196 296 2254 τοῦτο
324 2184 405 2254 κάπὶ
432 2191 501 2256 τών
528 2185 655 2277 ἀρτίων
684 2187 790 2270 οὕτως
818 2193 904 2269 ίόοις
926 2189 1121 2278 γινόμενον.

49 2315 84 2364 20
102 2294 147 2381 τῳ
171 2290 234 2378 γὰρ
261 2290 381 2379 πρώτῳ
408 2293 603 2385 τετραγώνῳ
631 2298 671 2382 τῇ
701 2292 825 2382 μονάδι
854 2291 871 2361 ὁ
896 2294 960 2361 δύο
992 2298 1124 2383 πρῶτος

104 2396 218 2485 ἀρτιος
243 2397 439 2483 προστεθεὶς
464 2395 525 2466 τόν
552 2405 628 2485 τρία
655 2411 746 2467 ποιεί
770 2400 927 2486 περιττὸν
960 2399 1045 2468 ὄντα
1066 2401 1150 2493 κοιλΙ

106 2502 146 2572 οὐ
169 2501 394 2590 τετράγωνον,
421 2504 476 2572 καὶ
503 2508 548 2596 τῷ
576 2506 720 2594 τέσσαρα
748 2504 851 2573 πόλιν
878 2504 1082 2599 τετραγώνῳ
1105 2533 1124 2575 ο

104 2612 248 2697 τέσσαρα
270 2608 384 2697 ἀρτιος
405 2611 589 2696 περιτιθεὶς
615 2610 676 2680 τὸν
705 2609 790 2680 όκτώ
814 2609 932 2699 ἀρτιον
958 2610 1042 2682 ὄντα
1064 2614 1121 2683 καὶ

106 2718 148 2785 οὐ
166 2715 379 2805 τετράγωυου
398 2717 531 2802 ἐκτελεί,
553 2719 609 2784 καί
633 2719 751 2805 ἐφεξῆς
772 2723 969 2806 προβαίνων
991 2746 1044 2801 τις
1066 2719 1123 2789 ἀνι

52 2845 86 2895 25
106 2829 201 2903 ίσους
223 2819 359 2909 εὑρήσει
388 2820 467 2902 τοὺς
490 2825 526 2891 ἐκ
548 2826 607 2909 τῆς
630 2828 822 2911 συμπλοκῆς
849 2827 917 2892 τῶν
939 2850 974 2893 τε
997 2824 1124 2915 ἀρτίων

106 2960 320 2971 ----.--

181 3024 222 3073 12.
243 3014 490 3087 PBFV⁴Vat.q(
519 3020 537 3086 ).
612 3022 653 3072 13.
672 3017 771 3088 p(P²).

187 3199 211 3246 1.
231 3187 431 3259 ώροωιοπείοις
448 3193 508 3249 BF.
588 3191 644 3283 NJ„
652 3213 683 3263 γε
702 3193 736 3248 V.
808 3194 842 3250 δέ
857 3227 890 3236 -
910 3202 935 3251 2.
954 3196 1124 3286 γνωρίμως]

114 3268 196 3318 ποιεῖ
211 3263 368 3333 γνωρίμους
386 3261 437 3326 τάς
452 3261 606 3328 ἐνεοτώοας
620 3285 696 3333 ωρας
713 3283 741 3334 q.
795 3272 820 3321 2.
840 3262 927 3339 ώρας]
946 3288 1025 3335 ωρας
1037 3266 1126 3339 μόνον

108 3332 172 3388 VF.
259 3339 284 3389 8.
308 3334 432 3407 λίγειαι]
452 3351 542 3406 comp.
561 3335 595 3405 V,
613 3334 743 3405 λέγονται
760 3355 797 3391 m.
884 3344 910 3394 4.
931 3358 970 3393 κα
1017 3355 1074 3396 om.
1092 3340 1124 3394 V.

146 3410 171 3459 ὅ.
190 3399 263 3460 αότό
281 3404 382 3462 VVat.
456 3411 480 3459 6.
502 3402 645 3476 γνώμονες
663 3409 777 3480 κυρίως]
796 3411 973 3480 γνωμονικοί
1011 3450 1019 3465 .
1084 3416 1123 3465 15.

100 3470 226 3549 ιάρήσγς
239 3494 271 3549 μ.
