2362 3796
327 159 509 210 ΑΡΡιιαοιΧ
527 158 764 210 εοΗοοιοιιοΜ
782 160 831 211 111.
1021 155 1086 220 713

71 297 134 368 έάν
152 296 217 366 ἀπὸ
235 300 331 369 τοῦξ
349 298 494 386 ἀφαιρῇς
511 322 595 386 προς
614 297 676 366 δύο
696 296 803 384 ἤγουν
821 295 859 365 τὸ
878 295 1088 383 τριπλάσιον,

71 409 302 474 καταλείπεται
326 402 339 472 ἱ
368 404 433 472 δύο
456 402 540 491 πρὸς
562 409 638 489 τρία
660 401 889 491 ὑποημιόλιος.

142 509 161 580 ὁ
190 513 224 593 ἐξ
250 509 460 599 ἀφαιρέσεως
488 514 549 579 τοῦ
578 515 758 578 διπλασίου
783 509 978 595 τριπλάσιος
1005 509 1089 598 πρὸς

73 616 135 686 τὸν
159 619 324 686 ἐλάσσονα
344 614 362 685 ὁ
380 618 660 703 καταλειπόμενος
677 614 908 701 ὑποημιόλιος,
932 604 991 701 δά
1006 615 1090 701 πρὸς

75 725 137 792 ἕνα
160 725 350 808 διπλάσιος,
373 721 434 791 έάν
456 721 634 810 ἀφέλωμεν
657 720 723 790 ἀπὸ
746 725 808 790 τοῦ
832 720 908 802 ἑνὸς
930 721 991 790 τὸν
1013 726 1089 809 τρία
1127 743 1143 793 5

76 827 160 915 πρὸς
178 831 238 897 ἕνα
256 828 465 918 τριπλάσιον,
484 834 711 897 καταλείπεται
730 827 794 896 δύο
814 827 898 916 πρὸς
915 834 990 914 τρία
1009 825 1090 894 ὑπο-

76 935 237 1024 ημιόλιος.

146 1040 201 1111 ὅτε
225 1045 260 1110 οί
280 1053 368 1129 τρεῖς
391 1040 466 1127 ὅροι
494 1039 557 1110 οὐκ
585 1043 673 1110 εἰσὶν
700 1044 736 1110 ἐν
761 1044 802 1129 τῇ
823 1038 1000 1126 ταυτότητι
1023 1042 1091 1107 τῶν

77 1148 190 1236 λόγων
217 1152 277 1235 τῆς
303 1146 501 1234 ἀναλογίας,
532 1147 606 1216 τότε
639 1147 680 1215 οὐ
712 1147 854 1234 λέγομεν
886 1145 924 1215 τὸ
956 1150 1091 1233 πρῶτον

77 1253 195 1323 καὶτὸ
218 1259 332 1339 τρίτον
356 1259 555 1323 διπλασίονα
583 1253 687 1340 λόγον
714 1259 802 1341 ἔχειν
830 1254 915 1340 ἤπερ
942 1250 1026 1340 πρὸς
1054 1249 1091 1319 τὸ
1112 1275 1146 1324 10

78 1361 250 1448 δεύτερον.

148 1471 297 1535 ἔστωσαν
310 1464 375 1553 γάρ
393 1461 536 1553 ἀριθμοὶ
554 1469 590 1534 ολ
605 1493 637 1552 α,
651 1471 684 1551 β,
698 1492 730 1551 y,
752 1465 808 1532 καὶ
828 1461 846 1533 ὁ
867 1464 930 1551 μὲν
943 1461 1009 1532 ἀπὸ
1025 1490 1056 1549 α,
1071 1468 1093 1548 β

78 1569 266 1659 έστωδδ,
291 1569 310 1640 ὁ
337 1568 1093 1658 δὲάπόβ,γὸε,ὁδὲδπὸα,νὸζ,ααὶ

79 1679 99 1748 ὃ
123 1679 183 1766 μὲν
202 1704 224 1745 α
246 1676 307 1746 τὸν
325 1703 341 1744 ε
363 1676 658 1756 πολλαπλασιάσας
679 1675 779 1762 τὸνη
802 1683 949 1762 ποιείτω,
973 1675 991 1745 ὁ
1016 1677 1053 1745 δέ
1071 1683 1093 1762 β

76 1784 141 1855 τὸν
157 1791 173 1866 ζ
189 1781 483 1862 πολλαπλασιάσας
500 1780 561 1850 τὸν
575 1792 601 1849 θ
619 1789 765 1868 ποιείτω,
782 1784 838 1851 καὶ
857 1789 905 1852 ἔτι
924 1781 979 1870 ὃν
996 1783 1057 1852 τὸν
1073 1787 1093 1850 δ
1113 1803 1147 1854 15

78 1888 374 1968 πολλαπλασιάσας
396 1887 456 1956 τὸν
479 1915 500 1955 ιι
522 1897 665 1957 ποιείτω.
711 1891 813 1977 λέγω,
840 1888 892 1959 ὅτι
915 1898 984 1960 ίσοι
1007 1891 1093 1958 είσίν

80 2002 117 2067 οί
132 2025 165 2084 η,
180 2006 216 2084 θ,
230 2021 251 2064 κ
269 1992 422 2082 ἀριθμοί.
452 1995 521 2064 ἐπεὶ
535 1994 601 2082 γάρ
621 1993 639 2063 ὁ
654 2023 675 2062 α
688 1993 748 2064 τὸν
762 2001 784 2081 β
803 1997 1095 2077 πολλαπλασιάσας

79 2104 143 2173 τὸν
163 2108 183 2171 δ
205 2107 397 2197 πεποίηκεν,
419 2104 481 2169 τὸν
504 2101 542 2169 δὲ
563 2128 585 2187 y
608 2102 902 2183 πολλαπλασιάσας
923 2101 985 2171 τὸν
1005 2109 1021 2184 ζ
1041 2127 1095 2171 πε-

84 2283 103 2316 a
141 2293 159 2345 ἃ
206 2263 223 2331 β
321 2280 338 2329 7
375 2213 525 2295 ποίηκεν,
548 2213 638 2276 ἔστιν
657 2206 735 2295 ἀρα,
757 2205 834 2289 άςὸ
849 2205 968 2296 βπρὸς
986 2206 1045 2276 τὸν
1059 2235 1095 2293 ν,

109 2365 113 2372 -
211 2333 216 2440 ρ
269 2310 281 2345 ⁸
331 2330 336 2438 Ι
375 2311 557 2395 οὕτωςὸδ
578 2312 663 2400 πρὸς
679 2311 778 2396 τὸνζ
815 2310 1150 2400 ὁάραὺπὸβ,ζινο

95 2364 339 2494 κάκκάκί
374 2422 546 2489 τουτέστιν
569 2417 644 2506 ὁδ,
668 2427 740 2500 ίσος
760 2421 829 2489 ἐστὶ
851 2425 897 2514 τῷ
922 2417 988 2489 ἀπὸ
1012 2448 1044 2507 ν,
1064 2424 1096 2505 δ,

373 2526 523 2595 τουτέστι
552 2529 598 2618 τῷ
625 2553 654 2595 κ.
684 2527 805 2595 ’πάλιν
838 2527 908 2595 ἐπεὶ
935 2527 953 2596 ὁ
982 2555 1004 2614 y
1036 2526 1096 2595 τὸν

207 2614 229 2722 ff
374 2632 436 2720 μὲν
451 2660 472 2700 α
487 2634 781 2713 πολλαπλασιάσας
798 2632 858 2701 τὸν
873 2639 890 2714 ζ
906 2638 1097 2720 πεποίηκεν,

221 2802 223 2807 .
374 2738 436 2808 τὸν
468 2739 506 2807 δὲ
533 2743 555 2823 β
587 2738 880 2818 πολλαπλασιάσας
909 2742 969 2808 τὸν
997 2764 1013 2806 ε
1043 2763 1097 2808 πε-

163 2817 187 2906 δ’]
207 2818 238 2907 ’θ
257 2818 282 2907 ἀκ
377 2849 505 2931 ποίηαε,
525 2848 615 2911 ἔστιν
638 2842 715 2932 ἀρα,
738 2842 784 2924 ως
806 2842 825 2912 ὁ
845 2871 866 2912 α
883 2843 967 2930 πρὸς
985 2843 1046 2913 τὸν
1065 2850 1097 2931 β,
1117 2862 1154 2914 2ο

86 2949 195 3029 οὕτως
214 2946 231 3018 ὁ
253 2948 370 3035 ζπρὸς
386 2948 447 3017 τὸν
466 2976 491 3018 ε.
527 2947 630 3037 ὁάρα
652 2947 718 3018 ἀπὸ
739 2978 771 3037 α,
786 2976 813 3035 ε,
835 2951 1007 3018 τουτέστιν
1028 2946 1046 3017 ὁ
1065 2975 1099 3035 η,

86 3062 160 3136 ίσος
178 3056 248 3124 ἐστί
266 3058 311 3147 τῷ
330 3052 395 3123 ἀπὸ
410 3061 444 3141 β,
459 3061 484 3141 ζ,
507 3056 657 3123 τουτέστι
678 3061 724 3148 τῷ
745 3065 780 3123 θ.
826 3058 862 3123 οί
886 3053 953 3144 ἀρα
972 3081 1003 3142 η,
1022 3064 1059 3141 δ,
1079 3081 1100 3123 ιι

86 3159 230 3249 ἀρυδμοὶ
254 3167 322 3227 ίσοι
344 3156 502 3246 ἀλλήλοις
523 3165 622 3228 είσίν·
651 3158 731 3249 ὅπερ
756 3165 824 3229 ἔδει
848 3163 961 3242 δείξαι.

159 3289 185 3340 4.
203 3280 288 3358 ἀπα]
309 3282 412 3340 iuras.
499 3289 542 3339 19.
560 3281 610 3341 διά
628 3280 660 3339 τὸ
679 3283 716 3351 ιζ’
735 3285 786 3341 τοῦ
805 3283 831 3352 ζ’
850 3302 907 3356 mg.
987 3291 1031 3341 22,
1050 3281 1100 3340 διά

85 3353 119 3411 τὸ
140 3353 186 3411 ιδ’
206 3357 257 3411 τοῦ
278 3353 303 3424 ζ’
322 3353 373 3410 καὶ
392 3351 424 3410 ία
443 3357 623 3426 κατασκευῆς
640 3371 697 3424 mg.
769 3361 813 3413 λδ.
832 3355 882 3412 διά
899 3352 931 3412 τὸ
947 3356 984 3423 ιζ’
1003 3352 1098 3416 aaz<

85 3445 144 3518 mg.
177 3496 184 3518 ἱ
227 3434 279 3515 0²⁷·
299 3423 464 3519 Mutbrw'
483 3428 535 3483 τοῦ
555 3424 581 3495 ζ’
601 3427 652 3483 καὶ
673 3425 707 3486 ἐι
723 3428 999 3499 ααταοαευῇεως.
1076 3423 1136 3467 <m-

86 3502 136 3555 δια
156 3520 207 3555 τον
225 3518 293 3571 ορον
311 3519 362 3554 του
380 3520 400 3555 α
431 3519 489 3574 mg.
