2362 3796
98 139 141 204 74
255 143 412 196 scflom
429 145 468 196 IN
484 145 760 198 ELEMENTORUM
777 146 915 197 LIBRUM
928 146 951 199 I.

98 288 136 353 δν
164 291 319 372 ση]μεῖον
347 289 553 371 συμπίπτειν.
603 283 706 352 πάλιν
736 287 803 353 τῶν
831 290 1004 372 στοιχείων
1033 289 1111 374 δίχα

96 392 301 477 λεγομένων·
324 391 380 458 καὶ
399 389 463 477 γὰρ
481 389 519 458 τὸ
538 390 784 472 κατασκευάζον
800 395 861 460 τοῦ
874 400 1079 475 κατασκευαζ
1101 434 1111 444 -

97 500 216 584 μένου,
240 494 285 576 ὡς
306 495 344 564 τὸ
367 500 501 584 πρῶτον
524 497 685 585 θεώρημα
708 502 769 565 τοῦ
792 498 967 583 δευτέρου,
994 499 1051 567 καὶ
1073 498 1112 568 τό

97 608 144 684 είς
167 600 397 686 ἁπλούστερον
422 606 598 688 διαιρεῖται
621 600 659 670 τό
683 601 867 688 σύνθετον,
890 601 935 684 ὡς
957 602 998 672 τδι
1022 605 1111 691 αἰτή-

62 733 183 797 σματα
207 722 352 795 στοιχεῖα
374 712 443 776 τῶν
465 708 709 794 θεωρημάτων·
746 707 829 776 κατὰ
858 707 900 796 δή
929 709 968 779 τὸ
995 732 1110 799 σημαι-

96 814 243 903 νόμενον
266 818 366 882 τοὺτο
389 815 444 882 καὶ
466 813 505 881 τά
526 812 603 902 παρ’
621 811 787 903 Εὐκλείδῃ
806 818 936 902 λέγεται
954 832 1111 905 στοιχεῖα,

96 920 137 990 τὰ
160 921 221 1008 μέν
245 920 320 1004 περὶ
345 918 385 986 τὰ
414 922 568 1005 ἐπίπεδα,
599 917 640 986 τὰ
669 920 706 987 δὲ
732 919 808 1007 περὶ
836 919 876 987 τὰ
905 921 1021 1010 στερεὰ
1048 922 1112 1010 τήν

96 1031 325 1115 πραγματείαν
348 1031 474 1112 ἔχοντα.
513 1026 583 1094 ἐπεὶ
607 1017 669 1093 οὖν
692 1025 713 1112 ἡ
737 1032 920 1115 γεωμετρία
939 1028 1112 1115 ἐπιστήμη,

98 1134 190 1218 διττή
211 1131 249 1199 δὲ
268 1128 362 1217 αὕτη,
386 1128 406 1217 ή
431 1131 492 1218 μέν
511 1134 544 1213 ἐξ
562 1129 768 1216 ὑποθέσεως,
791 1129 812 1218 ή
833 1133 870 1202 δὲ
888 1132 1111 1216 άνυπόθετος,

46 1262 79 1311 10
98 1239 182 1324 αὕτη
208 1237 273 1321 [δὲ]
300 1240 332 1318 ἐξ
355 1235 558 1323 ὑποθέσεως,
585 1236 713 1324 ἀνάγκη
736 1236 798 1307 τόν
821 1237 882 1325 τήν
903 1243 1110 1324 γεωμετρίαν

97 1342 324 1411 συντάττοντα
347 1343 448 1429 χωρὶς
470 1342 531 1429 μὲν
553 1348 766 1431 παραδοῦναι
789 1344 848 1424 τὰς
869 1342 983 1433 άρχάς,
1008 1343 1110 1431 χωρὶς

98 1450 135 1519 δὲ
158 1447 198 1517 τόι
222 1449 287 1516 άπὸ
313 1452 380 1516 τῶν
408 1446 536 1537 ἀρχῶν,
569 1449 625 1515 καὶ
652 1453 720 1518 τῶν
746 1450 809 1537 μὲν
836 1448 965 1539 άρχῶν,
998 1455 1028 1519 εί
1053 1450 1111 1517 καὶ

97 1559 143 1650 τῷ
175 1560 288 1645 τελείῳ
322 1557 498 1647 φιλοσόφῳ
533 1555 619 1623 εἰσὶν
653 1553 863 1643 άποδεικταί,
901 1556 946 1644 μή
975 1556 1113 1624 διδόναι

97 1662 213 1750 λόγον,
235 1666 304 1730 τῶν
328 1662 365 1730 δέ
388 1660 469 1748 μετὰ
492 1661 552 1741 τὰς
574 1660 688 1750 ἀρχάς,
713 1659 806 1731 &aaz
826 1661 1011 1750 Εὐκλείδης
1028 1661 1107 1730 καθ’

45 1792 78 1842 16
98 1770 238 1838 ἕκαστον
267 1765 311 1848 ὡς
338 1772 444 1836 εἰπεῖν
472 1779 613 1836 ποιεῖται
645 1774 788 1855 βιβλίον.
834 1767 893 1848 τὰς
922 1767 963 1856 δή
995 1765 1111 1848 κοινὰς

97 1875 220 1952 ταύτας
251 1870 356 1960 άρχδις
389 1877 515 1961 διαιρεῖ
544 1882 591 1952 είς
617 1900 652 1941 τε
683 1871 742 1954 τὰς
773 1872 952 1955 ὑποθέσεις
982 1875 1039 1943 καὶ
1070 1873 1111 1943 τὰ

98 1979 260 2067 αίτήματα
284 1980 339 2045 καὶ
363 1977 544 2064 άξιοόματα·
569 1981 720 2065 διαφέρει
739 1977 803 2066 γὰρ
822 1985 927 2049 ταῦτα
945 1978 1111 2066 ἀλλήλων.

98 2085 179 2155 ὅταν
207 2084 268 2171 μὲν
296 2085 361 2170 γὰρ
388 2083 560 2170 γνώριμον
587 2077 608 2173 ή
636 2085 692 2152 καὶ
718 2083 798 2153 καθ’
824 2083 905 2155 αὑτὸ
929 2081 1048 2154 πιστὸν
1071 2083 1108 2152 τὸ

98 2187 460 2277 παραλαμβανόμενον,
488 2187 615 2277 άξίωμα
642 2192 785 2278 λέγεται,
814 2189 895 2260 ὅταν
922 2193 959 2262 δὲ
982 2189 1026 2279 μή
1051 2196 1109 2280 ἔχη

45 2321 80 2370 20
98 2296 160 2383 μέν
183 2301 320 2364 ἔννοιαν
348 2291 366 2363 ὑ
390 2291 525 2364 άκοόων
552 2294 767 2384 αὑτόπιστον,
798 2303 928 2366 τίθεται
956 2299 993 2367 δὲ
1021 2296 1112 2384 ὅμως

97 2401 152 2469 καὶ
176 2414 343 2488 συγχωρεῖ
362 2399 400 2468 τὸ
424 2406 692 2489 λαμβανόμενον,
715 2400 877 2483 ὑπόθεσίς
900 2406 1003 2471 έστιν·
1035 2397 1109 2472 οἷον

96 2505 134 2575 τὸ
157 2505 218 2574 τὸν
248 2506 373 2575 κύκλον
401 2505 488 2575 εἶναι
516 2512 625 2596 σχήμα
654 2508 787 2577 τοιόνδε
814 2507 852 2577 τὸ
879 2514 1061 2596 τρίγωνον,
1091 2506 1110 2577 ὃ

98 2611 246 2683 αὐτόθεν
270 2612 331 2699 μὲν
355 2611 417 2681 οὐκ
440 2619 516 2701 ἔχει,
541 2615 822 2702 συγχωρούμενον
846 2614 884 2681 δὲ
903 2611 1003 2699 ὅμως·
1027 2610 1111 2682 ὅταν

97 2720 135 2790 δὲ
153 2720 208 2787 καὶ
228 2718 402 2805 ἄγνωστον
420 2710 441 2808 ή
461 2717 499 2787 τὸ
521 2719 704 2806 λεγόμενον
723 2719 778 2786 καὶ
796 2717 841 2806 μή
856 2723 1112 2808 συγχωροῦντος

44 2849 77 2899 26
96 2831 158 2895 τοῦ
181 2826 418 2913 μανθάνοντος
440 2824 530 2912 ὅμως
553 2824 774 2912 λαμβάνηται,
798 2833 919 2911 αίτημα
937 2829 1036 2894 τοῦτο
1055 2852 1109 2893 κα-

97 2936 237 3020 λοῦμεν,
271 2931 316 3011 ως
342 2930 379 3000 τὸ
408 2931 516 3011 πάσας
543 2930 602 3010 τάς
631 2928 739 3019 όρθδις
764 2938 889 3017 γωνίας
916 2943 990 3012 λσας
1012 2929 1110 3000 εἶναι.

96 3039 152 3105 καὶ
175 3036 282 3117 οὑτως
305 3039 366 3124 μέν
383 3036 608 3126 Ἀριστοτέλης
628 3041 733 3106 ταῦτα
753 3041 942 3125 διορίζεται·
965 3037 1053 3117 τινὲς
1072 3039 1110 3107 δὲ

97 3145 205 3211 πάντα
219 3142 399 3222 ὑποθέσεις
411 3157 606 3229 προσεῖπον,
626 3141 723 3212 ἄλλοι
741 3143 779 3212 δὲ
797 3143 974 3232 ἀξιώματα.
1006 3142 1111 3212 πάλιν

99 3247 136 3315 δέ
159 3241 203 3316 αὖ
226 3248 265 3317 τὰ
290 3247 354 3316 άπδ
379 3253 446 3316 τῶν
471 3246 584 3335 άρχῶν
612 3252 659 3329 είς
685 3249 904 3338 προβλήματα
932 3253 1109 3337 διαιρεῖται

170 3414 194 3464 3.
215 3408 301 3464 Scrib.
321 3403 415 3462 καὶτὸ
430 3405 471 3469 είς
485 3401 500 3462 ὃ
516 3402 708 3478 ἁπλούστερον
723 3401 757 3464 δν
771 3410 931 3480 διαιρεῖται.
955 3408 1005 3465 ofr.
1019 3408 1110 3464 Procl.

97 3495 125 3547 p.
146 3483 189 3546 ⁷³,
209 3483 233 3534 5.
307 3485 349 3536 22.
368 3475 400 3532 τὸ
419 3477 567 3550 τρίγωνον]
586 3476 668 3534 scrib.
687 3473 705 3548 ἢ
723 3476 756 3533 τδ
773 3480 918 3549 τρίγωνον.
