2362 3796
109 163 174 228 528
262 165 418 218 SCHOLIA
436 166 475 217 IN
492 164 766 233 ELEMENTORUM
783 164 923 216 LIBRUM
935 163 969 215 X.

111 305 177 393 ἄρα
204 303 357 394 ὑπερέχει
382 303 422 375 τὰ
452 302 517 374 ἀπὸ
544 307 612 373 τῶν
642 310 721 391 ΑΓ,
744 309 805 372 ΓΒ
838 305 1032 392 τετράγωνα
1060 306 1133 372 τῶν

113 409 178 480 ἀπὸ
202 416 270 480 των
294 421 326 478 A
332 420 365 479 A
372 464 380 497 ,
405 419 472 479 AB
499 409 735 499 τετραγώνων,
763 409 870 503 τούτῳ
893 407 1049 498 ὑπερέχει
1074 411 1135 477 καὶ

113 522 175 586 τοῦ
199 518 251 597 δὶς
273 514 339 586 ὑπὸ
362 522 430 586 τῶν
454 523 528 602 AF,
548 523 608 586 ΓΒ
631 515 669 585 τὸ
693 517 746 597 δὶς
768 514 834 585 ὑπὸ
857 527 926 585 τῶν
949 523 1030 602 BA,
1050 524 1087 583 A
1094 525 1134 584 A.

179 628 253 693 270.
292 626 409 705 Δεῖξαι
432 622 468 692 τὸ
493 627 621 711 λήμμα,
645 623 697 692 ὅτι
719 621 760 691 τὰ
784 621 850 692 ιἰιιδ
873 626 941 691 τῶν
965 626 1043 709 AF,
1070 629 1134 691 ΓΒ

77 735 180 808 ὅτων
203 727 268 799 ιἰιιὸ
291 734 360 798 τῶν
384 736 469 816 AA,
493 737 559 798 AB
587 728 721 818 μείζονα
751 733 846 799 εἰσιν.
891 731 1057 798 ἐκκείσθω
1083 755 1135 810 τις

112 834 231 904 εὐθεῖα
253 834 274 923 ή
299 843 364 904 ΑΒ
393 837 577 925 διῃρημένη
601 840 649 916 εἰς
671 836 733 924 μὲν
757 843 813 904 ἴσα
835 834 918 904 κατὰ
940 832 978 904 τὸ
1004 845 1055 922 A,
1086 842 1134 918 εἰς

114 943 151 1012 δὲ
173 941 276 1011 α’νισα
299 941 380 1011 κατὰ
403 944 441 1011 τὸ
460 949 496 1012 Γ.
532 945 630 1029 λέγω,
654 939 706 1011 ὅτι
728 942 769 1012 τὰ
792 941 857 1011 ἀπὸ
881 946 951 1011 τῶν
968 947 1047 1029 AF,
1070 948 1133 1012 ΓΒ

112 1048 248 1137 μείζονά
277 1052 345 1118 ἐστι
373 1053 442 1119 τῶν
470 1045 535 1116 ἀπὸ
563 1051 632 1117 τῶν
660 1057 746 1134 AA,
771 1056 848 1118 ΔΒ.
898 1048 967 1117 ἐπεὶ
994 1047 1063 1137 γὰρ
1093 1048 1133 1119 τὰ

113 1154 179 1225 ἀπὸ
195 1160 262 1224 τῶν
277 1165 309 1224 A
314 1162 353 1242 F,
368 1160 428 1223 ΓΒ
444 1157 603 1223 διπλάσιά
617 1157 686 1223 έστι
699 1165 768 1225 τῶν
783 1152 849 1223 ἀπὸ
863 1158 932 1225 των
946 1162 1030 1242 AA,
1048 1163 1131 1224 AF·

61 1290 94 1341 10
114 1266 213 1331 τοῦτο
232 1261 297 1352 γὰρ
317 1264 480 1332 δέδεικται
500 1264 537 1330 έν
555 1260 749 1349 θεωρήματι
762 1260 802 1330 δ’
816 1270 878 1330 τοῦ
896 1260 932 1348 β’
947 1268 1132 1350 στοιχείον

114 1374 184 1437 ἔστι
208 1368 246 1436 δὲ
272 1369 327 1436 καὶ
354 1372 418 1437 τοῦ
439 1366 505 1437 ἀπὸ
529 1372 588 1456 τῆς
610 1376 643 1435 A
649 1376 683 1436 A
710 1366 868 1437 διπλάσια
894 1366 936 1437 τὰ
963 1365 1029 1436 ιἰιτὸ
1061 1373 1131 1440 τῶν

114 1484 199 1560 AA,
224 1482 290 1543 AB
319 1472 375 1543 διὰ
404 1472 442 1542 τὸ
465 1473 546 1553 τέως
569 1479 647 1561 δίχα
668 1474 850 1562 τέμνεσθαι
871 1471 933 1559 τήν
957 1481 1040 1560 ΑΒ,
1069 1479 1133 1544 τοτ’,1

114 1580 151 1648 δὲ
179 1577 244 1649 ιάτο
273 1583 331 1667 τής
355 1586 425 1648 AF
448 1578 625 1649 διπλήσιον
653 1579 691 1648 τὸ
721 1579 773 1660 δὶς
799 1577 864 1648 ἀπὸ
892 1582 951 1666 τῆς
974 1585 1060 1669 AF,
1092 1608 1131 1650 τα

112 1684 179 1773 ἄρα
211 1684 277 1755 ιάιὸ
305 1689 374 1754 τῶν
401 1693 480 1771 ΑΓ,
508 1690 569 1754 ΓΒ
602 1694 659 1754 ἴσα
692 1686 761 1754 ἐστὶ
792 1699 861 1765 τοῖς
893 1711 928 1755 τε
959 1683 1026 1754 ἀπὸ
1062 1691 1132 1756 τῶν

62 1820 95 1870 15
115 1802 201 1878 AA,
225 1800 291 1861 AB
319 1790 400 1880 μετὰ
426 1797 488 1861 τοῦ
517 1792 569 1872 δὶς
595 1789 663 1861 ιάιὸ·
689 1795 747 1879 τής
771 1797 845 1860 AF.
891 1791 975 1861 ὥστε
998 1791 1040 1860 τὰ
1065 1792 1131 1863 ἀπὸ

112 1905 181 1969 τῶν
210 1906 289 1985 AF,
313 1906 374 1968 ΓΒ
407 1897 540 1986 μείζονά
568 1901 637 1968 ἐστι
664 1901 733 1968 τῶν
760 1895 826 1966 ἀπὸ
855 1901 922 1967 των
949 1906 1039 1985 AA,
1066 1908 1132 1969 AB

113 2009 159 2096 τῷ
193 2005 246 2085 δὶς
277 2004 342 2073 ιάιό
370 2010 429 2092 τής
457 2011 531 2074 AF.
581 2002 665 2073 ἀλλὰ
699 2002 741 2090 δή
775 2002 819 2091 μή
846 2003 1022 2091 τετμήσθω
1054 2011 1131 2095 δίχα

113 2109 134 2198 ή
165 2120 243 2198 AB,
278 2109 349 2179 ἀλλ’
379 2109 424 2190 ὥς
451 2116 567 2198 ἔτυχεν
598 2108 680 2179 κατὰ
707 2109 748 2179 τὰ
776 2116 819 2195 Γ,
842 2120 884 2179 A.
932 2109 1060 2198 ὁμοίως
1090 2113 1132 2200 δή

118 2217 328 2305 δειχθήσεται
356 2216 395 2285 τὰ
419 2214 484 2286 ἀπὸ
512 2222 581 2286 των
604 2223 685 2304 AF,
708 2222 770 2285 ΓΒ
803 2221 936 2303 μείζονα
962 2221 1032 2286 τῶν
1064 2219 1129 2290 ἆαό

63 2351 97 2400 20
116 2328 183 2391 τῶν
207 2333 288 2410 AA,
314 2331 389 2392 AB.
435 2324 505 2391 ἐπεὶ
527 2324 593 2409 γὰρ
617 2322 734 2391 εὐθεῖα
756 2320 777 2410 ή
802 2330 867 2391 ΑΒ
890 2323 1060 2413 τέτμηται,
1088 2324 1133 2408 ὡς

115 2433 244 2515 ἔτνχεν,
268 2427 410 2496 κατὰτὸ
436 2435 484 2513 A,
508 2427 545 2496 τὸ
570 2427 635 2514 ἄρα
658 2426 723 2496 ἀπὸ
746 2438 805 2516 τῆς
828 2436 893 2497 ΑΒ
915 2429 1133 2519 τετράγωνον

118 2543 194 2602 ἴσον
217 2535 286 2602 ἐστὶ
309 2547 379 2613 τοῖς
400 2559 435 2601 τε
463 2533 528 2602 ἀπὸ
552 2537 620 2602 τῶν
643 2541 723 2621 AF,
747 2540 807 2602 ΓΒ
835 2536 891 2603 καὶ
917 2539 963 2626 τῷ
988 2538 1041 2618 δὶς
1065 2537 1133 2608 ὑπο

115 2644 183 2709 τῶν
207 2645 282 2726 ΑΓ,
306 2646 375 2708 ΓΒ.
414 2638 469 2708 διὰ
492 2639 533 2708 τὰ
557 2639 641 2709 αὐτὰ
665 2644 706 2728 δη
730 2640 768 2709 τὸ
793 2639 857 2710 ἄπο
881 2652 939 2727 τῆς
962 2649 1028 2710 ΑΒ
1055 2653 1134 2714 ἴσον

117 2747 184 2815 ἐστὶ
207 2759 277 2826 τοῖς
299 2773 334 2815 τε
357 2745 421 2815 ιἰτιὸ
446 2750 513 2816 τῶν
537 2755 623 2834 AA,
649 2754 715 2815 AB
742 2749 797 2816 καὶ
825 2751 869 2838 τῷ
894 2749 945 2828 δὶς
968 2746 1036 2818 ὑπὸ
1062 2755 1133 2821 τῶν

186 2966 247 3015 270.
266 2960 338 3015 PV0.

115 3090 328 3098 --—-—.-.

187 3163 211 3210 3.
230 3155 401 3226 τό-ΔΑ]
422 3173 457 3209 m.
477 3172 531 3211 rec.
551 3156 581 3210 P.
661 3156 727 3226 BA]
747 3159 799 3209 AB
821 3155 852 3209 F.
936 3155 1079 3226 AA]AB
1100 3157 1133 3212 B.

152 3232 175 3280 8.
196 3223 267 3298 ἐστι]
288 3226 341 3281 εἰσι
359 3226 391 3281 V.
474 3234 499 3282 9.
518 3222 588 3298 ἀπό]
609 3229 659 3296 (pr.
691 3223 738 3281 διά
758 3225 818 3281 PV.
906 3231 947 3279 13.
967 3227 1042 3298 ΔΓ]
1066 3232 1133 3300 (pr.)

115 3298 246 3352 APPV.
305 3295 622 3368 voi-15.AF]mg.
668 3341 673 3351 .
742 3295 1021 3368 15.vos›]w3vPV.
1088 3307 1133 3356 18.

116 3365 197 3437 έτνχε
216 3369 249 3422 V.
304 3368 354 3439 τά]
372 3365 404 3422 τό
422 3367 484 3422 PV.
540 3374 582 3423 19.
601 3367 670 3439 τῶν]
687 3368 758 3438 (alb.)
777 3383 846 3422 corr.
864 3384 897 3423 ex
915 3366 952 3434 τῷ
972 3384 1010 3424 m.
1024 3386 1083 3426 rec.
1099 3371 1132 3427 P.

145 3445 189 3500 21.
210 3436 293 3514 ἔτνχε
313 3438 346 3498 V.
422 3439 461 3513 A]
481 3443 523 3494 F?
595 3444 638 3494 23.
662 3442 722 3505 ΑΓ,
745 3439 807 3510 ΓΒ]
828 3439 909 3494 ambo
932 3442 957 3490 Γ
973 3436 1003 3492 in
1022 3457 1079 3497 ras.
1100 3442 1132 3501 P.

135 3516 206 3591 AB]
224 3533 298 3575 corr.
320 3532 357 3574 ex
377 3519 432 3572 AB
452 3532 490 3571 m.
509 3528 567 3569 εει.
581 3509 620 3581 Β,
639 3509 745 3565 ΔΗ.
