2362 3796
330 170 510 223 mmm
529 169 765 222 οοΗοτΙοειοΜ
783 171 832 225 m
1024 167 1087 231 721

73 310 117 382 δν
142 312 174 379 δ’
195 307 238 379 ἀν
263 306 282 378 ὁ
306 307 465 397 μερισμὸς
486 309 639 395 γένηται,
662 310 718 375 καὶ
742 305 760 375 ὁ
784 310 820 375 ἐκ
841 318 902 376 τοῦ
925 312 1090 395 μερισμοῦ

74 410 175 499 οὗτος
196 415 345 504 γεγονῶς
369 417 405 483 oc
424 413 523 503 ἀκροι
546 419 689 484 ἔσονται.

142 528 172 592 3.
208 526 400 610 Γεωμετρία
419 520 487 589 ἐστὶ
505 524 629 606 γνῶσις
644 523 754 589 ποσοῦ
767 524 930 607 συνεχοῦς
944 521 981 588 ἐν
995 521 1089 587 θέσει

72 613 237 720 ἀκινήτῳ·
269 626 378 696 ποσὸν
404 629 469 715 γὰρ
493 626 630 713 συνεχὲς
652 627 747 695 θέσει
770 623 930 713 ἀκίνητόν
953 627 1044 694 ἐστιν
1067 625 1088 712 ἡ

72 746 128 821 γη.
160 733 366 823 ἀστρονομία
387 733 425 802 δὲ
442 737 566 819 γνῶσις
580 735 689 801 ποσοῦ
704 733 929 820 διωρισμένον
944 734 981 800 έν
995 733 1090 801 θέσει
1127 755 1144 804 ο

74 840 231 933 ἀκινήτῳ.
264 839 384 921 ἀλλοις·
403 844 588 928 γεωμετρία
601 838 693 906 ἐστὶν
708 838 869 925 ἐπιστήμη
889 838 964 925 περὶ
981 836 1090 906 ποσὸν

73 948 321 1033 καταγινομένη
356 944 493 1032 συνεχές
521 942 680 1031 ἀκίνητον
710 951 977 1031 συλλογιστικοῖς
1008 954 1089 1030 μεθ-

72 1055 171 1133 όδοις
197 1049 243 1120 δι’
269 1049 502 1138 ἀξιωματικῶν
528 1055 672 1120 ἐννοιῶν
699 1051 840 1137 μήκους,
864 1049 1011 1131 πλάτους
1032 1051 1089 1119 καὶ

74 1158 208 1246 βάθους
231 1159 390 1245 μέτρησιν
414 1155 626 1244 εῦρίσκουσα.

142 1269 172 1334 4.
213 1265 401 1353 Πρόβλημοι
432 1265 493 1349 μέν
525 1264 595 1331 ἐστι
627 1264 727 1352 μέρος
759 1263 864 1350 λόγου
897 1268 944 1343 είς
973 1264 1089 1351 ἑτέρου
1109 1286 1143 1337 10

75 1372 181 1452 δεῖξιν
202 1369 492 1458 προβαλλόμενον,
516 1366 562 1450 ῶς
585 1367 668 1438 όταν
691 1370 840 1456 λέγωμέν
857 1390 937 1438 τινι·
966 1372 1088 1454 δεῖξον,

56 1473 107 1545 ἀεί
124 1474 253 1564 ἡψυχὴ
277 1474 450 1555 ἀθάνατός
473 1477 574 1562 ἐστιν,
598 1473 676 1543 ίδοῦ
693 1479 795 1544 τοῦτο
814 1474 991 1563 πρόβλημά
1011 1478 1089 1544 ἐστι.

74 1583 236 1671 θεῶρημα
255 1582 295 1650 δέ
312 1585 380 1650 ἐστι
400 1581 681 1668 ἐπισκεπτόμενον
699 1585 835 1670 πρᾶγμα
849 1580 936 1671 μόνη
951 1585 1088 1672 διανοίᾳ

72 1689 131 1757 καὶ
155 1689 250 1775 μέχρι
272 1687 395 1774 ταύτης
418 1687 607 1774 ίστάμενον.

143 1797 172 1862 5.
208 1791 244 1860 ‘0
271 1792 465 1881 Μεγαρικὸς
492 1783 590 1872 οῦτος
617 1791 805 1881 Εὐκλείδης
836 1793 1014 1883 ίσόχρονος
1044 1787 1088 1880 ἦν
1108 1816 1142 1866 ιο

71 1903 120 1994 τῷ
143 1899 362 1989 Ἀλεξάνδρῳ,
386 1897 404 1968 ό
429 1899 467 1966 δὲ
490 1902 585 1967 Θέων
607 1902 652 1990 τῷ
671 1897 848 1990 Ἀδριανῷ.
1106 1888 1114 1903 ’

143 2009 172 2074 6.
200 2002 350 2093 Ἕτερον.

185 2123 309 2201 μαθεῖν
332 2120 465 2198 νοητῶν
488 2116 519 2178 εί
541 2120 659 2190 ποθεῖς
683 2110 792 2180 ὄντων
815 2111 921 2198 φύσιν

187 2221 313 2287 ἐκτῶν
337 2215 471 2307 ὁρατῶν
493 2215 621 2286 ῦλικῶν
644 2218 839 2305 ποιημάτιον

185 2326 260 2411 ἔξει,
283 2324 424 2412 μετελθέ
445 2323 622 2413 γράμματα
645 2323 719 2392 τάδ’
744 2322 931 2393 Εὐκλείδου
1106 2349 1143 2396 20

184 2429 355 2521 γραμμικά
377 2455 413 2497 τε
435 2429 607 2517 γνώρισον
630 2429 674 2512 ῶς
698 2431 777 2500 δέον
799 2430 913 2518 λόγοις

186 2539 325 2605 ἐπίπεδοί
346 2562 382 2605 τε
404 2536 460 2603 καὶ
484 2539 606 2624 διπλῆν
629 2537 737 2623 ἀλλην
759 2537 846 2624 ῦλην

186 2647 428 2731 μαθηματικῶν
451 2641 496 2731 μὴ
518 2641 740 2731 παραδράμης
762 2648 861 2728 φίλος

186 2747 265 2827 τοῦς
287 2748 463 2836 μετρικούς
483 2774 520 2815 τε
543 2745 726 2834 συμβολῶν
749 2747 881 2828 τούτοις
903 2749 1016 2836 λόγοις

187 2853 244 2920 καὶ
265 2856 351 2920 νοῦν
375 2855 412 2920 ἐν
434 2851 551 2932 αὐτοῖς
573 2855 798 2941 ἐργασάμενος
820 2854 924 2940 μέγαν
1106 2873 1144 2924 25

188 2948 270 3044 ἦξον
293 2957 376 3045 πρὸς
399 2958 554 3043 αἰθέριον
577 2960 614 3026 έν
636 2960 728 3046 τάχει
750 2959 837 3027 θέαν

188 3067 340 3150 τὴντῶν
363 3067 497 3150 νοητῶν
520 3066 664 3152 ἱστορῶν
686 3068 799 3132 πᾶσαν
823 3065 938 3151 φύσιν.

74 3183 289 3196 ...———.-

148 3237 173 3288 θ.
193 3229 227 3303 qb
245 3233 295 3288 fol.
312 3238 370 3288 161¹.
443 3237 467 3286 4.
488 3227 521 3301 qb
535 3231 584 3287 fol.
601 3237 659 3287 181².
729 3237 753 3287 5.
772 3230 860 3288 Paris.
876 3233 967 3303 suppl.
982 3231 1028 3288 Gr.
1044 3239 1087 3302 12,

73 3328 212 3400 Magliab.
222 3328 257 3400 X,
272 3336 306 3386 53
319 3330 364 3385 bis
380 3329 440 3401 (sed
454 3315 554 3400 μεγαῦ0
563 3331 593 3384 et
606 3331 696 3385 altero
710 3329 773 3384 Ιοοο
787 3347 917 3400 μεγαροτ,
930 3333 959 3386 et
968 3332 1091 3396 οῖιοεηιο

72 3438 138 3492 1000
152 3414 324 3508 κείροντος
343 3434 392 3491 cfr.
409 3434 526 3491 Studien
539 3434 588 3490 fib.
601 3433 689 3493 τοο.
705 3453 739 3509 ρ.
750 3436 834 3509 ου.
906 3440 939 3504 ε,
953 3429 1132 3485 mm

73 3507 123 3564 fol.
140 3514 208 3565 12011
221 3509 290 3578 post
308 3507 362 3564 duo
379 3506 433 3567 illa
451 3508 673 3584 epigramma
690 3510 806 3570 οοδιῶε
819 3506 851 3563 Β
869 3508 917 3578 ku.
928 3498 1058 3573 σεε-ἢῆ·

111 3605 265 3668 'Eucliden
280 3609 332 3652 odd.
346 3610 457 3668 Heiberg
473 3618 499 3659 et
513 3616 613 3673 Μεοςο.
637 3616 674 3662 V.
952 3595 994 3644 m
