2362 3796
218 145 391 209 'scnom
409 158 449 209 m
465 157 740 210 ωτωιιωεεοωυω
758 159 898 210 mmm
911 160 933 211 1.
1023 157 1084 220 117

72 303 267 384 προσεχείας
302 295 368 384 γάρ
405 303 511 375 αίτιος
548 294 566 364 ὁ
605 296 788 384 διορισμός.
843 296 923 385 μετὰ
956 298 993 367 δὲ
1024 301 1086 367 τὸν

74 403 252 491 διορισμὸν
275 399 296 491 ή
319 402 523 489 κατασκευή,
551 403 607 470 καὶ
631 399 726 492 ὁρᾷς,
756 401 806 471 ὅτι
835 405 887 472 ἐπὶ
909 409 968 491 τῆς
990 431 1085 473 κατα·

73 514 194 596 σκευῆς
216 514 345 598 χρῶμαι
363 524 433 589 τοῖς
452 508 632 596 αἰτήμασιν
653 513 698 600 τῷ
718 506 783 577 ἀπὸ
804 509 929 591 παντὸς
947 517 1087 597 σημείου

74 618 128 685 ἐπὶ
156 621 223 684 πᾶν
253 631 391 704 σημεῖον
423 614 562 684 εὐθεῖαν
594 614 753 704 γραμμήν
786 614 923 703 ἀγαγεῖν
955 619 1011 684 καὶ
1041 621 1086 708 τῷ

72 724 199 815 κέντρῳ
223 723 279 790 καὶ
308 721 503 809 διαστήματι
532 722 658 789 κύκλον
686 722 826 811 γράψαι·
864 720 904 790 τά
932 722 995 809 μὲν
1023 720 1087 810 γάρ
1124 742 1140 791 b

74 828 238 917 αἰτήματα
261 824 393 916 ἁρμόζει
416 843 488 908 ταῖς
515 842 751 914 κατασκευαῖς,
782 826 824 896 τά
853 828 891 896 δὲ
919 825 1088 915 ἀξιώματα

74 949 147 1014 ταῖς
168 933 385 1016 ἀποδείξεσιν.
430 937 549 1022 ἐφεξῆς
571 927 634 1003 οὖν
657 932 678 1021 ή
702 933 887 1019 ἀπόδειξις,
910 940 970 1002 καί
991 953 1089 1020 φησι·

75 1041 116 1109 τά
139 1047 185 1135 τῷ
209 1038 300 1135 αὐτῷ
324 1049 380 1110 ίσα
407 1043 462 1110 καὶ
491 1039 647 1127 ἀλλήλοις
675 1040 767 1110 ἐστὶν
796 1050 868 1126 ίσα,
901 1038 945 1120 ὡς
973 1041 1024 1108 ότι
1053 1042 1088 1108 ἐκ

73 1151 134 1217 τοῦ
151 1150 291 1236 κέντρου
309 1151 412 1216 πᾶσαι
433 1150 470 1214 αί
490 1144 622 1215 εὐθεῖαι
637 1156 715 1217 ίσαι.
752 1145 790 1216 τὸ
811 1147 849 1215 δὲ
868 1147 1087 1234 συμπέρασμα

71 1257 254 1324 ἀκολουθεῖ
273 1260 314 1344 τῇ
338 1253 498 1340 προτάσει
519 1254 575 1320 καὶ
599 1255 711 1340 ἐπάγει
734 1253 772 1322 τὸ
793 1253 873 1341 ὅπερ
893 1259 960 1322 ἔδει
980 1255 1086 1336 δεῖξαι
1107 1272 1141 1323 10

70 1357 91 1449 ή
116 1364 196 1447 ὅπερ
221 1366 289 1430 ἔδει
312 1365 458 1446 ποιήσαι.

136 1474 171 1536 τί
192 1467 230 1534 δὲ
254 1470 365 1553 λῆμμα
388 1468 444 1533 καὶ
467 1472 502 1532 τί
522 1469 660 1549 πτῶσις,
688 1471 724 1533 τί
746 1464 784 1532 δὲ
807 1466 954 1553 πόρισμα
978 1467 1033 1533 καὶ
1056 1470 1092 1533 τί

71 1581 225 1651 ἔνστασις
255 1572 310 1638 καὶ
338 1577 372 1638 τί
397 1569 575 1656 ἀπαγωγή;
617 1569 654 1637 τὸ
684 1570 744 1656 μὲν
774 1563 837 1636 οὖν
865 1576 978 1657 λῆμμα
1005 1568 1088 1637 κατά

72 1679 181 1763 πάσης
203 1675 395 1762 προτάσεως
417 1674 461 1761 μή
480 1673 725 1760 λαμβάνεσθαι,
748 1672 829 1741 κατά
852 1677 890 1742 δέ
905 1702 1008 1742 τινων
1027 1675 1089 1760 τήν

73 1782 247 1860 ἀπόδειξιν
272 1781 482 1867 σαφεστέραν
505 1792 625 1863 ποιεῖν,
649 1775 669 1864 ή
695 1779 733 1845 δὲ
755 1783 877 1858 πτῶσις
902 1778 1089 1864 διαφόρους
1108 1798 1140 1848 15

72 1893 132 1976 τῆς
154 1888 359 1969 κατασκευῆς
380 1882 526 1971 τρόπους
550 1885 782 1970 ἐπαγγέλλεται
805 1884 861 1951 καὶ
884 1885 1016 1951 θέσεων
1042 1886 1089 1966 ἐξ·

73 1992 235 2080 αλλαγάς·
273 1992 323 2058 ἐπὶ
349 1989 414 2078 γάρ
436 1993 500 2077 τής
517 1995 733 2078 καταγραφῆς
756 1989 776 2077 ἡ
800 1997 933 2076 ποικίλη
961 1996 1089 2079 θεωρία

74 2099 179 2185 αὐτῆς
203 2100 308 2182 ἐστιν,
332 2094 385 2164 διδ
409 2097 464 2164 καὶ
488 2101 612 2176 πτῶσις
633 2105 780 2166 καλεῖται
804 2097 981 2184 μετάθεσις
1004 2091 1088 2166 οὖσα

75 2210 134 2290 τῆς
157 2207 368 2290 κατασκευῆς.
413 2202 451 2271 τὸ
481 2204 519 2271 δὲ
545 2202 694 2292 πόρισμα
721 2205 849 2291 λέγεται
872 2204 934 2291 μὲν
956 2204 1011 2273 καὶ
1034 2207 1087 2274 ἐπὶ

75 2310 332 2398 προβλημάτων,
365 2303 439 2378 οἷον
467 2308 507 2376 τὰ
536 2311 571 2376 έν
596 2308 762 2398 Εὐκλείδη
790 2313 1000 2398 γεγραμμένα
1028 2338 1085 2381 πο-
1105 2333 1140 2381 20

74 2423 230 2504 ρι’σματα,
258 2417 387 2503 λέγεται
416 2414 453 2483 δὲ
483 2415 539 2482 καλ
568 2419 678 2502 ίδίως,
709 2414 790 2485 ὅταν
819 2419 854 2484 ἐκ
876 2422 944 2486 τῶν
968 2417 1087 2487 ἀποδε-

75 2523 259 2610 δειγμένων
291 2521 372 2612 ἀλλο
408 2549 440 2588 τι
473 2526 696 2608 συναναφανή
729 2521 890 2610 θεώρημα
926 2524 970 2610 μή
1007 2550 1087 2613 προ-

74 2630 229 2716 θεμένων
243 2625 347 2715 ήμῶν.
371 2625 391 2713 ή
408 2627 444 2695 δὲ
460 2633 612 2707 ἔνστασις
630 2627 750 2695 κωλύει
765 2629 825 2714 τήν
840 2627 923 2714 όλην
938 2629 1087 2714 ἀταρπον

71 2739 133 2803 τοῦ
155 2735 260 2821 λόγου
287 2731 308 2820 ή
336 2732 419 2822 πρὸς
446 2733 507 2820 τήν
530 2731 738 2819 κατασκευήν
766 2730 787 2819 ή
816 2735 900 2821 πρὸς
922 2731 983 2818 τήν
1007 2731 1087 2799 ἀπό-

73 2845 176 2922 δειξιν
201 2840 391 2908 ἀπαντῶσα.
432 2837 452 2925 ή
477 2838 513 2907 δὲ
537 2837 697 2926 ἀπαγωγὴ
721 2839 900 2927 μετάβασίς
920 2840 1010 2905 ἐστιν
1029 2837 1085 2906 ἀπ’
1105 2857 1140 2907 25

71 2949 178 3015 ἀλλου
201 2945 436 3035 προβλήματος
458 2941 479 3031 ή
502 2944 721 3031 θεωρήματος
750 2941 799 3012 ἐπ’
827 2943 908 3012 ἀλλο
938 2942 979 3011 οὐ
1002 2971 1088 3030 γνω-

73 3055 215 3132 σθέντος
243 3048 263 3138 ή
288 3053 525 3140 πορισθέντος,
559 3045 633 3118 οἷον
665 3052 720 3118 καὶ
752 3049 812 3118 τὸν
842 3049 1088 3138 διπλασιασμὸν

72 3163 134 3228 τοῦ
157 3158 265 3244 κύβου
289 3163 336 3236 είς
358 3157 416 3236 τὰς
439 3159 507 3224 τῶν
531 3153 677 3224 εὐθειῶν
696 3153 876 3242 ἀναλογίας
895 3158 1086 3241 μετέθεσαν.

142 3430 168 3477 3.
187 3422 238 3495 τῷ]
258 3417 289 3475 τό
308 3421 339 3475 P.
395 3423 419 3473 8.
439 3420 477 3492 τῷ
495 3415 586 3491 αὐτῷ]
605 3417 763 3476 τδαάτόΡ.
818 3426 861 3474 22.
882 3421 1085 3492 συναναφανή]

72 3499 279 3562 συναναφανεῖ
292 3490 322 3547 Ρ.
