2362 3796
218 144 375 198 scflomA
392 148 432 199 m
449 146 725 198 ELEMENTORUM
742 147 883 198 mssmm
896 149 917 200 1.
1005 143 1071 208 205

57 283 262 375 παραβάλλει
292 284 417 372 μόνον,
444 283 463 352 ά
495 284 533 352 δέ
561 285 720 364 σύστασις
743 283 826 354 ὅλον
849 284 1010 373 ὑφίστησι
1032 284 1070 354 τὸ

57 397 184 479 χωρίον
206 391 262 459 καὶ
285 389 344 470 τὰς
366 389 511 477 πλευράς
534 389 653 459 αύτού·
677 394 737 480 μιῆι
754 418 818 478 γαρ
837 395 965 480 πλευρᾷ
987 418 1071 479 χρω-

58 499 143 585 μένη
165 499 206 586 τῆ
231 497 395 586 δεδομένῃ
420 492 539 587 εύθείῳ
561 496 760 585 περιεχούσῃ
783 494 822 565 τὸ
846 495 993 584 ἐμβαδὸν
1014 496 1073 577 τὰς

57 601 177 682 λοιπὰς
199 602 382 689 εἰσάγουσα
405 602 550 689 πλευράς
574 601 651 671 ούτε
674 602 891 681 ἐλλειπούσας
908 600 990 670 κατά
1009 602 1073 687 τήν

58 714 192 777 ἔκτασιν
207 706 284 776 ούτε
297 707 554 798 περιττευούσας
562 709 600 777 τὸ
615 713 741 795 χωρίον
751 705 942 796 ὑφίστησιν.
963 708 1073 776 ἰστέον
1110 727 1126 776 5

59 816 108 902 δέ,
132 812 194 902 ὅτι,
215 811 269 883 ὅτε
288 813 350 902 μέν
368 819 515 901 τρίγωνα
528 814 706 901 τριγώνοις
721 817 891 883 ἐδείκνυεν
906 822 970 900 ίσα,
987 821 1073 880 θεω-

57 920 205 1009 ρήμασιν
224 922 354 1007 ἐχρῆτο,
373 918 486 1008 ἐπειδή
506 918 674 1007 ὁμοειδῶν
693 918 802 988 όντων
816 924 884 989 τῶν
897 917 1073 1006 τριγώνων

58 1024 233 1114 αὐτοφυής
259 1018 304 1113 ἦν
331 1026 387 1093 καί
414 1023 435 1113 ῆ
460 1025 574 1113 ἰσότης
598 1028 635 1094 ἐν
659 1024 772 1106 αὐτοῖς
799 1027 855 1094 καί
878 1023 984 1113 μόνης
1007 1027 1073 1092 ἐπι·

57 1132 210 1219 βλέψεως
232 1136 315 1219 ἔδει,
344 1131 425 1219 ὅπερ
450 1137 634 1219 ἔργοντοῦ
663 1131 895 1220 θεωρήματος,
925 1134 1073 1199 ἐνταῦθα

58 1238 115 1324 δέ,
144 1236 257 1326 ἐπειδή
284 1243 432 1325 τρήιωνα
454 1239 510 1306 καί
533 1237 863 1327 παραλληλόγραμμα
885 1233 925 1305 τὰ
944 1237 1074 1304 δεικνύ-
1094 1256 1128 1305 10

58 1369 161 1430 μενα,
192 1349 253 1411 καί
277 1346 368 1412 ἐστιν
392 1348 494 1412 εἰδῶν
518 1344 693 1431 ἐξαλλαγή,
725 1342 746 1430 ή
774 1344 889 1430 ἰσότης
915 1346 1075 1429 γενέσεως

58 1453 169 1518 δεῖται
191 1450 247 1516 καὶ
270 1454 420 1537 μηχανῆς
443 1447 489 1530 ῶς
511 1448 591 1518 καθ’
613 1448 736 1537 ἑαυτήν
759 1444 844 1518 οὖσα
864 1451 1075 1535 δυσεύρετος·

61 1560 163 1645 ἔργον
187 1554 225 1623 δέ
246 1555 456 1644 προβλήματι
478 1555 516 1624 τὸ
541 1554 599 1635 τάς
620 1556 767 1642 γενέσεις
785 1559 852 1622 τῶν
871 1555 1075 1642 πραγμάτων

58 1675 180 1730 ποιεῖν.

131 1771 203 1836 139.
224 1764 392 1835 Ἐνταῦθα
408 1767 445 1836 δέ
458 1771 517 1854 τῆς
530 1770 723 1853 παραβολῆς
737 1765 862 1852 ἐδεήθη
875 1769 921 1856 τῷ
937 1766 1075 1832 δοθέντι
1095 1784 1129 1832 15

60 1872 215 1964 τριγώνῳ
234 1870 324 1960 παρὰ
344 1870 407 1958 τῆν
422 1877 586 1941 δοθεῖσαν
601 1868 740 1939 εύθεῑαν
755 1879 831 1938 ίσον
845 1872 959 1938 θέλων
972 1893 1076 1956 παρα-

60 1985 195 2065 βαλελν,
228 1981 285 2045 ἵνα
317 1977 362 2066 μῆ
392 1978 501 2065 μόνον
529 1978 690 2047 σύστασιν
718 1982 844 2064 ἔχωμεν
871 1983 1076 2063 παραλληλο-

61 2085 220 2172 γράμμου
247 2089 293 2176 τῷ
321 2087 460 2154 δοθέντι
485 2085 638 2176 τριγώνῳ
668 2094 759 2169 ἴσον,
792 2080 877 2151 άλλδι
908 2083 964 2150 καί
996 2079 1074 2167 παρ’

62 2188 205 2260 εύθεῑαν
237 2187 428 2278 ὡρισμένην
460 2190 664 2279 παραβολήν.
720 2185 794 2259 οἷον
826 2188 995 2279 τριγώνου
1023 2193 1076 2256 δο-

62 2298 188 2377 θέντος
208 2294 246 2364 τὸ
266 2296 414 2384 ἐμβαδὸν
433 2302 568 2384 ἔχοντος
586 2295 717 2365 δώδεκα
735 2300 862 2382 ποδῶν,
886 2293 1022 2375 εὐθείας
1040 2295 1078 2362 δὲ
1096 2314 1131 2363 20

65 2401 265 2488 ἐκνειμένης,
288 2394 328 2489 ής
345 2403 383 2469 τὸ
404 2403 509 2490 μῆκός
527 2405 595 2471 ἐστι
608 2403 780 2491 τεσσάρων
793 2407 922 2487 ποδῶν,
944 2402 981 2469 τὸ
1002 2411 1077 2469 ίσον

66 2505 219 2596 τριγώνῳ
236 2506 324 2594 παρὰ
343 2506 405 2594 τήν
424 2506 565 2577 εύθεῑαν
577 2509 846 2596 παραβάλλομεν,
871 2512 901 2577 εἰ
918 2507 1078 2593 λαβόντες

66 2609 106 2679 τό
130 2614 232 2698 μῆιιος
253 2616 322 2681 τῶν
344 2613 510 2700 τεττάρων
533 2619 647 2683 ποδῶν
671 2614 829 2703 εὕρομεν,
852 2612 967 2682 τόσων
991 2611 1078 2681 εἶναι

65 2723 122 2786 δεῖ
149 2722 265 2786 ποδῶν
297 2718 335 2787 τὸ
363 2719 500 2806 πλάτος,
533 2723 590 2788 ἵνα
616 2725 661 2811 τῷ
689 2719 842 2809 τριγώνῳ
870 2719 1078 2804 παραλληλό-

63 2851 222 2912 γραμμον
240 2833 316 2893 ἰσον
333 2827 479 2911 γένηται.
511 2823 667 2913 εὑρόντες
685 2819 759 2908 οὖν,
782 2830 813 2891 εἰ
829 2824 933 2910 τύχοι,
956 2822 1079 2903 πλάτος
1096 2839 1131 2891 25

63 2934 169 3018 τριῶν
192 2934 308 2998 ποδῶν
331 2931 386 2998 καί
409 2935 606 3017 ποιήσαντες
629 2957 665 2998 το
690 2938 794 3015 μῆκος
817 2929 870 2995 ἐπὶ
887 2926 926 2997 τὸ
945 2927 1078 3014 πλάτος,

56 3039 166 3139 ,τοῦτο
192 3034 229 3103 δὲ
253 3034 361 3122 ὀρθῆς
384 3035 486 3123 οὔσης
509 3041 567 3122 τῆς
590 3036 778 3123 ἐκκειμένης
800 3038 937 3121 γωνίας,
961 3035 1078 3120 ἕξομεν

139 3271 200 3320 139.
219 3265 249 3319 P.

141 3448 184 3534 16.
204 3473 317 3548 ἐπειδή]
336 3477 402 3546 post
418 3493 472 3531 ras.
491 3476 524 3531 V.
600 3483 641 3534 11.
661 3473 697 3552 7³1]
714 3495 772 3535 om.
786 3477 811 3534 Ἴ
823 3495 854 3548 η.
