2362 3796
109 153 178 217 460
268 154 424 206 SGHOLIA
442 155 482 206 IN
499 152 774 206 ELEMENTORUM
791 151 930 205 LIBRUM
942 150 977 204 X.

110 293 193 381 πρὸς
210 294 248 362 τὸ
267 290 332 362 ὑπὸ
352 292 474 379 ταύτης
490 293 547 361 ιιαί
567 303 624 381 τῆς
638 296 756 380 λοιπῆς
771 290 999 381 ὀρθογώνιον·
1022 289 1128 380 ἄμφω

110 399 174 487 γὰρ
185 399 513 488 παραλληλόγραμμα
527 400 583 467 καὶ
597 399 770 486 ἰσογώνια,
784 400 839 467 ιιαί
854 397 873 468 6
887 404 956 468 τών
967 404 1128 486 νιλευρών

111 508 211 593 λόγος
234 509 475 593 συντιθέμενος
497 507 590 594 μένει
613 505 632 574 6
655 504 757 586 αὐτὸς
783 516 828 598 τῷ
852 508 885 588 ἐξ
908 504 1012 593 ἀρχῆς
1037 507 1127 598 λόγω

112 610 167 679 διὰ
196 611 233 680 τὸ
263 616 320 681 ἐπί
345 639 380 682 τε
407 616 469 682 τοῦ
496 612 708 701 τετραγώνου
736 618 900 700 εἰλῆφθαι
926 612 990 699 τὴν
1018 610 1127 699 αὐτὴν

76 748 92 795 5
111 716 259 807 ιιλευρόιν
274 719 327 798 δίς
344 719 400 787 καὶ
419 719 558 787 ἐπὶτῶν
577 716 801 807 ὀρθογωνίων
820 717 905 800 ἅναξ
923 715 1049 806 τῆν’
1005 717 1125 805 αντήν,

111 819 186 894 οἷον
219 831 370 894 ἔστωσαν
403 825 466 893 δύο
498 823 674 894 εὐθεῖαι
656 852 679 912 η
706 833 738 893 A
770 825 886 914 πήχων
914 828 935 892 ὃ
961 824 1064 893 μαλ’
1046 853 1069 913 η
1097 831 1125 892 Β

109 925 297 1020 πήχεωνβ.
341 931 380 999 τὸ
410 929 475 1000 ἀπὸ
504 935 563 1019 τῆς
585 943 617 1001 Α
644 932 854 1021 τετράγωνον
878 927 1105 1017 ἰσογώνιον“
1087 956 1126 999 ον

112 1041 157 1128 τῷ
181 1035 249 1105 ὑπὸ
271 1040 340 1105 τῶν
357 1045 401 1124 A,
420 1045 449 1105 Β
472 1036 807 1130 παραλληλογράμμῳ
831 1035 935 1123 λόγον
958 1042 1025 1124 ἔχει
1043 1035 1127 1125 πρὸς

111 1146 218 1212 ἰιιείνο
242 1145 304 1212 τὸν
329 1149 548 1232 συγκείμενον
575 1147 611 1213 ἐκ
637 1155 706 1212 τῶν
729 1147 892 1230 τιλευρών.
938 1139 959 1211 6
986 1143 1026 1212 δε
1049 1163 1126 1230 συγ-

60 1278 92 1327 10
111 1255 263 1336 κείμενος
291 1251 326 1317 ἐιι
353 1253 423 1319 τών
450 1250 562 1337 λόγων
587 1254 656 1319 τόν
679 1239 701 1317 Β
722 1248 832 1380 πρὸς
830 1239 852 1317 Β
872 1252 928 1320 ιιαί
952 1238 974 1317 Β
996 1248 1128 1340 πρὸςβ

111 1355 212 1442 λόγος
235 1354 365 1424 ἐστίν’
350 1385 368 1426 ο
394 1355 470 1439 ίξ’
450 1359 555 1443 αρχῆς
576 1360 638 1424 τοῦ
661 1344 682 1424 Β
704 1356 788 1444 πρὸς
811 1364 840 1443 β.

178 1458 230 1530 ὅτι
253 1461 294 1529 τὰ
318 1465 478 1548 ἰσογώνια
501 1461 833 1550 παραλληλόγραμμα
855 1462 961 1551 λόγον
980 1468 1049 1551 ἔχει
1065 1461 1128 1531 τὸν

112 1574 331 1656 συγκείμενον
355 1571 391 1636 ίιι
413 1571 482 1637 τών
500 1570 655 1654 τιλευρών
677 1569 732 1655 κγ’
755 1574 817 1638 τοῦ
842 1568 884 1648 ς’.

178 1679 229 1743 86.
263 1671 352 1743 ’Em
378 1675 443 1763 γόρ
472 1677 578 1760 ἐστιν,
611 1670 657 1754 ώς
683 1673 722 1744 τὸ
751 1674 817 1744 ἀπὸ
840 1680 899 1762 τῆς
920 1683 951 1743 A
978 1673 1067 1764 πρὸς
1090 1673 1127 1743 τὸ

59 1806 91 1854 15
110 1776 176 1848 ὐπὸ
198 1783 266 1850 τών
290 1790 332 1866 A,
350 1788 391 1866 Β,
415 1780 522 1861 οὕτως
545 1779 617 1868 ἡΑ
640 1778 724 1869 πρὸς
745 1784 808 1868 τὴν
826 1788 867 1867 Β,
891 1779 964 1850 ἄλλ’
986 1779 1034 1862 ὥς
1053 1779 1077 1869 ἡ
1096 1791 1128 1850 A

110 1885 193 1973 πρὸς
215 1885 277 1974 τὴν
300 1895 346 1973 Β,
380 1885 485 1968 οὐτως
511 1885 549 1956 τὸ
576 1884 642 1956 ὐπὸ
670 1891 740 1957 τών
762 1897 809 1974 A,
833 1896 862 1956 Β
889 1886 973 1976 πρὸς
995 1886 1036 1957 τὸ
1058 1886 1127 1957 ἀπὸ

110 1997 172 2079 τῆς
194 2000 239 2079 Β,
267 1994 324 2061 καὶ
347 1993 392 2074 ὡς
415 1992 542 2082 ἄρατὸ
566 1991 632 2062 όιτὸ
656 1998 769 2080 τῆςΛ
795 1993 879 2083 πρὸς
905 1993 943 2063 τὸ
967 1991 1035 2063 ὑπὸ
1058 1999 1130 2065 τών

111 2108 153 2183 A,
176 2106 221 2185 B,
251 2098 357 2180 οὕτως
378 2100 416 2177 τὸ
441 2097 508 2168 ὑπὸ
531 2103 601 2166 τών
623 2108 671 2185 A,
694 2108 723 2168 Β
749 2099 833 2189 πρὸς
853 2099 892 2169 τὸ
916 2098 982 2169 ἀπὸ
1006 2105 1069 2188 τῆς
1092 2108 1131 2170 Β.

112 2207 147 2272 οἰ
167 2203 300 2297 γὰρτῷ
324 2202 413 2297 αὐτῷ
437 2205 537 2292 λόγοι
561 2209 597 2273 οἰ
617 2204 712 2274 αὐτοὶ
734 2206 790 2274 ιιοιὶ
809 2205 965 2293 ἀλλήλοις
983 2207 1074 2276 είσίν
1099 2208 1136 2275 οί

57 2336 92 2384 20
112 2316 216 2377 αυτοί.

496 2402 553 2467 Ad
575 2423 678 2488 prop.
701 2403 740 2469 X.

178 2523 230 2588 87.
267 2520 561 2608 Προγραφόμενον
584 2528 632 2602 εἰς
654 2523 691 2591 τὸ
716 2523 742 2591 ι’
765 2523 936 2612 θεώρημα.

179 2625 241 2693 δύο
275 2631 449 2696 δοθέντων
482 2628 640 2717 ἄριθμών
667 2631 724 2698 ιιαί
751 2628 886 2711 εὐθείας
913 2634 1055 2718 ποιῆσαι
1087 2631 1133 2714 ὡς

109 2735 172 2800 τὸν
196 2730 345 2822 ἀριθμὸν
371 2733 455 2822 πρὸς
480 2734 542 2804 τὸν
570 2733 735 2825 ἀριθμόν,
769 2736 875 2817 οὕτως
902 2737 939 2806 τὸ
971 2733 1038 2808 ὐπὸ
1070 2745 1132 2828 τῆς

57 2865 91 2914 25
111 2837 246 2920 εὐθείας
267 2841 479 2928 τετράγωνον
501 2841 585 2930 πρὸς
602 2841 640 2910 τὸ
660 2840 717 2910 ὐπ’
739 2841 841 2930 ἄλλης
859 2839 996 2923 εὐθείας
1013 2845 1129 2934 τετρό-

110 2946 232 3031 γώνον.
265 2952 414 3015 ἔστωσαν
433 2951 469 3016 οἰ
484 2947 546 3035 μὲν
566 2950 725 3028 δοθέντες
738 2947 801 3017 δύο
820 2945 962 3036 ἆριθμοί
978 2954 1016 3018 οἰ
1027 2961 1074 3038 A,
1089 2960 1131 3039 Β,

182 3128 225 3178 86
245 3124 316 3193 Vq.
390 3131 432 3180 87.
452 3125 615 3180 PFVatve
621 3124 686 3194 qu
704 3125 737 3194 (Β
752 3128 858 3194 εεοο)
877 3123 968 3188 εἰςτὸ
987 3123 1012 3181 ι’
1032 3128 1128 3186 Πολ,

109 3231 323 3243 —u——finn-

182 3291 207 3338 4
233 3282 385 3371 εἰλῆφθαι]
409 3282 520 3368 scripsi,
527 3285 671 3371 Amr.
763 3290 787 3338 7
810 3284 860 3370 τῆς
877 3284 913 3355 A]
937 3284 1052 3357 scripsi,
1077 3291 1130 3345 τοῦ

110 3354 176 3409 Ar.
249 3359 293 3409 17.
313 3349 369 3407 ὑπὸ
389 3354 445 3408 τών
464 3350 535 3425 Α]’
518 3351 575 3408 aaa
584 3355 688 3441 τῆςο.
763 3360 805 3410 18.
823 3350 878 3442 τό]
889 3371 942 3411 om.
962 3374 989 3425 q.
1056 3356 1129 3433 ὐττί]

101 3420 168 3480 α’τό
288 3429 330 3482 19.
351 3421 403 3517 os]
417 3423 533 3495 elq-
561 3422 639 3494 λόγοι
658 3423 687 3480 οἱ
690 3421 958 3551 ἱαύτοίῙύνοίλογοι
976 3429 1011 3485 V.
1085 3439 1128 3488 23.

91 3490 156 3550 εὐθ
203 3468 224 3555 Β.
304 3496 537 3574 24.τό]τόνιμ
610 3504 658 3554 θθ.
676 3492 919 3568 otqqqqu
877 3497 954 3562 Vq
