2362 3796
94 186 158 251 310
249 187 406 240 SOHOLIA
423 189 462 240 IN
480 186 755 240 ELEMENTORUM
771 185 912 239 LIBRUM
925 184 958 238 V.

456 382 513 447 Ad
535 404 638 467 prop.
661 381 749 447 XIV.

159 507 210 572 71.
243 511 351 571 Δοκεῖ
366 530 423 590 μοι
442 502 486 590 μὴ
507 500 595 571 εἶναι
613 511 773 590 καθαρῶς
797 501 852 570 διά
877 500 914 570 τὸ
935 501 995 586 ια’,
1019 499 1110 571 ἀλλά

91 608 147 678 διά
165 634 204 678 το
223 608 448 697 ἀντίστροφον
467 607 587 696 αὐτοῦ,
611 606 629 677 ὃ
650 610 712 677 οὐκ
726 617 854 695 ιίριγται
867 611 913 700 τῷ
928 604 1109 698 Εὐκλείδῃ.

90 715 192 785 οὐδὲν
222 716 259 784 δὲ
287 716 421 785 καινόν·
458 717 514 785 καί
540 713 605 803 γάρ
627 716 668 783 τὰ
691 712 899 802 ἀντίστροφα
922 718 990 782 τῶν
1014 706 1114 799 ὅρων

54 845 71 896 5
91 819 153 890 οὐκ
177 829 328 909 είλητιται
351 824 389 891 ἐν
411 835 481 903 τοῖς
500 823 603 909 ὅροις,
627 819 711 890 ἀλλά
731 819 777 888 δι’
798 818 997 889 αὐτῶντῶν
1017 818 1108 889 ἀντι-

90 928 262 1017 στρόφων,
291 929 395 1013 λέγω,
422 926 529 996 τολλά
553 925 870 1013 κατεσκευάσθησαν
893 925 1108 1013 θεωρήματα.

90 1035 155 1115 ἕξει
174 1034 211 1102 δὲ
230 1033 268 1102 τὸ
287 1033 515 1121 ἀντίστροφον
533 1038 579 1126 τῷ
598 1038 653 1102 W
672 1031 760 1102 οὕτω
782 1054 864 1114 τως·
889 1034 925 1100 ol
944 1032 1027 1121 πρὸς
1050 1029 1107 1101 ἀλ-

88 1139 213 1225 λήλους
236 1143 271 1207 οί
292 1138 388 1209 αὐτοὶ
412 1141 506 1226 λόγοι
529 1141 585 1208 καὶ
608 1144 654 1232 τῷ
678 1136 767 1230 αὐτῷ
792 1142 827 1206 off
848 1136 960 1224 αὐτοί,
985 1131 1060 1206 οἷον
1086 1135 1106 1206 ὁ

89 1254 131 1330 ·Α,
149 1251 179 1312 Β
202 1246 258 1312 καὶ
277 1251 315 1331 Γ,
335 1254 369 1313 Δ
391 1244 474 1334 τιρὸς
496 1244 661 1333 ἀλλήλους
684 1248 720 1313 οί
737 1243 842 1314 αὐτοί.
886 1236 941 1334 ἀρ’
964 1235 1027 1313 οὖν
1047 1245 1106 1311 καί

37 1373 71 1423 10
89 1349 171 1437 πρὸς
198 1348 281 1419 ἀλλο
309 1377 341 1419 τι
369 1349 528 1432 ὡσαύτως
554 1353 707 1433 ἔξουσινς
744 1357 810 1439 ἔχει
834 1350 871 1419 δὲ
895 1350 934 1419 τὸ
963 1359 994 1418 A
1019 1349 1105 1436 πρὸς

87 1456 126 1525 τὸ
149 1464 178 1525 Β
201 1462 336 1544 μείζονα
358 1456 461 1544 λόγον
484 1455 569 1547 ἦτορ
593 1458 631 1526 τὸ
654 1463 687 1525 Γ
709 1455 792 1544 τρὸς
813 1483 852 1526 το
875 1464 914 1525 Β.
959 1447 1025 1544 ἀρα
1047 1456 1107 1524 καὶ

88 1560 125 1631 τὸ
149 1567 182 1630 Γ
204 1562 288 1651 πρὸς
309 1588 347 1631 το
371 1570 406 1630 Δ
428 1569 562 1651 μείζονα
584 1562 690 1650 λόγον
713 1565 777 1644 ἕξει
800 1561 883 1650 ἤπερ
907 1561 990 1630 αὐτὸ
1013 1560 1052 1630 τὸ
1077 1567 1111 1629 Γ

87 1671 172 1756 πρὸς
188 1668 227 1738 τὸ
245 1676 284 1737 Β.
310 1666 440 1750 ὑπόθες
453 1669 531 1757 γόρ,
550 1667 600 1738 ότι
620 1670 833 1749 ὃιπλασίουές
851 1672 937 1759 εἰσιν
956 1670 992 1736 os
1007 1666 1107 1754 λόγοι

88 1771 107 1842 ὅ
128 1799 164 1843 τε
187 1779 250 1844 τοῦ
271 1785 303 1844 Α
325 1795 410 1864 κρος
432 1775 470 1845 τὸ
488 1783 518 1844 Β
541 1776 598 1844 καὶ
621 1773 639 1845 ό
663 1779 725 1845 τοῦ
743 1782 776 1844 Γ
793 1775 878 1862 πρὸς
900 1771 938 1843 τὸ
958 1781 1003 1859 Δ,
1028 1771 1046 1842 ὁ
1066 1773 1108 1842 δὲ

36 1903 70 1952 15
87 1891 148 1948 τοῦ
173 1887 205 1949 Γ
222 1882 306 1969 πρὸς
327 1885 365 1951 τὸ
389 1889 418 1950 Β
441 1879 602 1969 ἡμιόλιος.
649 1885 685 1950 οί
704 1886 789 1968 γοῦν
814 1880 877 1949 δύο
901 1879 1009 1966 λόγοι,
1032 1880 1107 1948 ἐπεὶ

88 1990 123 2054 οί
143 1985 252 2074 αὐτοί,
275 1981 322 2067 εἷς
344 1986 444 2075 λόγος
467 1987 736 2076 λογισθήτωσαν,
759 1985 869 2073 ὥσπερ
894 1983 912 2054 ὁ
935 1993 979 2072 Α,
997 1993 1037 2078 Β.
1085 1983 1105 2055 ὁ

86 2103 173 2178 γοῦν
197 2103 229 2160 Α
260 2093 343 2181 πρὸς
369 2095 408 2162 τὸ
429 2101 459 2162 Β
493 2097 549 2161 δια
577 2097 638 2162 τοῦ
665 2092 700 2179 η’
729 2098 864 2180 μείζονα
897 2090 1002 2180 λόγου
1035 2096 1105 2179 ἔχει

86 2195 170 2284 ἤπερ
189 2197 226 2266 τὸ
247 2204 280 2267 Γ
296 2200 380 2287 πρὸς
397 2197 435 2267 τὸ
455 2207 492 2267 Β.
530 2197 688 2280 ὡσαύτως
705 2200 776 2267 ἐπεὶ
794 2191 841 2280 εἷς
860 2200 950 2267 ἐστιν
968 2195 986 2267 ό
1002 2196 1106 2284 λόγος

86 2306 147 2370 τοτ’
171 2311 219 2390 Α,
241 2311 270 2372 Β
298 2305 438 2373 καὶτοῦ
462 2311 504 2391 Γ,
529 2313 562 2372 Δ
589 2305 656 2390 ἀρα
682 2302 799 2374 καὶτὸ
824 2309 857 2372 Γ
882 2303 967 2393 πρὸς
994 2301 1033 2373 τό
1058 2313 1105 2390 Δ,

35 2432 69 2482 20
88 2405 199 2496 ὥσπερ
227 2409 287 2478 ἐάν
314 2402 358 2497 ἦν
384 2438 420 2480 τι
445 2420 478 2479 A
504 2409 586 2499 τιρὸς
609 2410 647 2481 τὸ
669 2420 714 2498 Β,
744 2416 878 2498 μείζονα
905 2408 1010 2495 λόγον
1037 2411 1105 2492 ἕξει

87 2512 170 2603 ἥπερ
193 2516 232 2583 τὸ
254 2522 286 2584 Γ
305 2514 390 2603 πρὸς
412 2515 450 2586 τὸ
473 2525 513 2586 Β.
560 2522 654 2586 δοκεῖ
681 2517 719 2586 δὲ
740 2518 797 2586 καὶ
820 2515 877 2586 όιά
900 2514 937 2585 τό
962 2514 990 2598 ξ’
1014 2513 1105 2585 εἶναι

86 2631 197 2709 τοῦτο,
221 2621 281 2690 ἐὰν
303 2620 362 2701 τάς
380 2625 448 2690 τόν
466 2623 579 2709 λόγων
598 2622 817 2710 τηλικότητας
835 2619 880 2702 ὡς
900 2630 956 2690 ίσα
975 2622 1102 2709 μεγέθη

88 2726 185 2816 δόξῃ,
212 2725 288 2815 ἤτοι
314 2731 350 2796 ἐκ
373 2732 434 2796 τοῦ
463 2730 648 2816 δεδομένου
669 2729 1019 2815 κατασκευασθήσεται
1040 2732 1104 2797 τοῦ

87 2830 174 2901 εἶναι
207 2834 286 2914 τοὺς
318 2833 442 2919 λόγους
468 2832 548 2915 τοὺς
576 2833 714 2921 αότοός,
746 2835 918 2903 τουτέστιν
946 2830 1013 2901 ἀτιὸ
1042 2837 1104 2920 τῆς

34 2962 68 3012 25
87 2942 260 3030 ἐναργείας
283 2939 394 3025 αὐτῆς.

85 3076 300 3087 ——n———nn—

158 3102 200 3191 71.
221 3135 257 3188 Β8
270 3133 337 3204 (b³);
356 3135 480 3204 pertineh
498 3134 534 3189 ad
552 3133 576 3188 lI
594 3152 622 3204 p.
642 3139 685 3204 42,
706 3090 817 3190 1849.

159 3317 185 3365 2.
204 3307 353 3378 θεοὸόρου
373 3311 424 3365 τοῦ
444 3311 582 3383 καβασίλα
600 3309 632 3378 Β,
650 3307 800 3381 θεοδόρον
819 3312 846 3365 b.
921 3316 963 3366 15.
983 3305 1013 3366 οἱ
1029 3310 1103 3380 γοῦν

90 3377 143 3435 ὃόο
163 3376 254 3451 λόγοι]
281 3396 360 3435 euan.
379 3380 411 3434 B.
504 3387 545 3436 18.
570 3377 658 3453 ἐστιν]
679 3398 759 3438 enan.
777 3381 808 3438 Β.
899 3386 943 3438 23.
962 3377 1037 3452 ἤτοι]
1056 3379 1103 3437 in·

80 3453 189 3528 pettam
212 3451 245 3506 Β.
291 3454 417 3508 ceterum
443 3452 586 3509 hominem
609 3452 794 3522 Byzantinum
817 3451 971 3524 Byzantina
998 3451 1104 3508 balbu-

64 3521 188 3573 pentem
210 3522 357 3596 συνήγετο
377 3525 468 3583 nolui.
