2362 3796
120 120 186 185 222
274 121 430 175 scnomA
448 123 487 173 m
504 119 780 172 ELEMENTORUM
797 118 936 170 [ωπον
949 119 985 171 11.

121 263 209 349 έχειν
232 264 291 341 τὰς
314 264 375 328 δύο
399 258 545 344 πλευρὰς
567 259 701 328 τοιόνδε
720 285 752 326 τι
775 255 1133 346 παραλληλόγραμμον.

121 370 261 455 λε’γομεν
286 361 349 436 ούν
372 368 456 456 πρὸς
478 370 539 435 τὸν
563 364 651 434 οὕτω
676 363 892 451 ἀπορήσαντα
916 368 1030 432 αἰτίαν
1048 360 1133 431 εἶναι

120 474 243 543 τούτου
265 472 327 560 τὴν
348 478 407 560 τῆς
434 477 560 558 γωνίας
587 469 766 558 ὀρθότητα.
810 470 938 554 τρόπον
966 469 1033 558 γάρ
1060 495 1133 537 τινα

121 579 210 667 οἶδα,
229 581 287 649 ἐὰν
307 578 327 667 ἡ
346 584 453 666 γωνία
471 577 491 666 ἡ
507 579 724 666 περιεχομένη
742 574 808 645 ὑπὸ
822 586 890 644 τῶν
906 575 969 643 δύο
988 573 1133 644 εύθειῶν

86 709 103 757 5
122 689 213 754 ἐστιν
232 683 332 774 ὀρθή,
351 687 406 753 καὶ
425 689 491 753 ποῦ
509 682 710 770 τεθήσονται
729 686 768 751 αί
782 681 864 770 μετὰ
882 685 951 750 τῶν
970 681 1133 750 τοιούτων

121 792 184 861 δύο
203 794 358 876 πλευρῶν
376 788 414 857 τὸ
435 787 649 878 ὀρθογώνιον
669 792 777 876 σχῆμα
796 788 1009 876 περιέχουσαι
1028 788 1134 870 ἕτεραι

121 898 261 985 πλευραὶ
285 897 357 965 δύο.
394 897 635 984 περιεχέτωσαν
658 893 724 983 γὰρ
749 901 932 982 σαφηνείας
954 893 1057 981 χάριν
1075 891 1133 980 τὴν

123 1002 233 1090 ὀρθὴν
247 1009 376 1089 γωνίαν
391 1006 429 1069 αί
436 1010 509 1088 ΒΑ,
524 1009 591 1070 ΑΓ.
616 1000 675 1070 ἐὰν
691 1001 747 1069 διὰ
760 1006 822 1070 τοῦ
836 1007 866 1068 Β
885 1007 1035 1088 σημείου,
1054 996 1131 1071 καθ’

123 1108 141 1177 ὃ
161 1112 360 1194 περατοῦται
379 1106 399 1195 ἡ
419 1114 479 1195 μία
496 1112 564 1176 τῶν
582 1113 757 1195 γραμμῶν,
780 1107 999 1197 παράλληλον
1017 1110 1057 1196 τῇ
1072 1111 1140 1175 ΑΓ

69 1236 103 1284 10
122 1212 299 1300 ἀγάγωμεν
327 1211 389 1299 την
417 1221 501 1300 ΒΔ,
534 1219 668 1282 ἔσονται
696 1217 734 1282 αί
756 1213 841 1303 πρὸς

121 1332 193 1399 τοῖς
219 1326 317 1404 Α,Β
352 1318 414 1386 δύο
444 1324 565 1405 γωνίαι
593 1320 692 1388 δυσὶν
720 1320 841 1408 ὀρθαῖς
909 1312 1100 1421 '‘-f

124 1433 201 1493 ῖσαι.
253 1429 321 1493 ἔστι
354 1424 392 1492 δὲ
428 1421 448 1511 ἡ
481 1423 565 1510 πρὸς
596 1431 641 1518 τῷ
674 1436 708 1493 Α
739 1426 841 1515 ὀρθή·
880 1424 1128 1543 A———hr

124 1529 212 1619 ὀρθὴ
247 1529 312 1618 ἀρα
345 1536 436 1599 ἔσται
469 1532 526 1600 καὶ
557 1531 578 1618 ἡ
612 1531 694 1621 πρὸς
724 1537 770 1625 τῷ
803 1539 841 1601 Β.

123 1634 231 1725 ὀρθῆς
245 1630 308 1706 οὖν
323 1636 513 1725 ἀναγκαίως
531 1634 733 1725 ὀφειλούσης
751 1635 838 1706 εἶναι
856 1641 916 1725 τῆς
934 1662 1018 1723 προς
1033 1642 1081 1731 τῷ
1097 1645 1134 1723 Β,

72 1766 104 1815 15
124 1750 155 1814 εί
183 1746 530 1834 παραλληλόγραμμον
561 1745 672 1830 μέλλει
698 1745 873 1830 γενέσθαι,
906 1742 983 1813 οἶδα
1010 1743 1136 1832 τρόπον

123 1850 198 1920 τινὰ
221 1854 277 1920 καὶ
299 1851 364 1939 πρὸ
382 1855 444 1920 τοῦ
463 1855 636 1919 διαθεῖναι
653 1850 717 1937 τὴν
735 1858 804 1918 ΒΔ
826 1855 890 1938 τὴν
907 1852 1007 1919 θέσιν
1025 1848 1136 1937 αὐτῆς.

125 1959 194 2026 ἐπεὶ
226 1957 291 2045 γάρ
325 1963 383 2044 μία
417 1957 507 2025 ἐστὶν
539 1953 561 2043 ἡ
592 1957 689 2035 θέσις
720 1966 778 2041 τῆς
806 1953 942 2037 εὐθείας
968 1959 1028 2043 της
1057 1953 1133 2044 μεθ’

124 2065 237 2148 ἑτέρας
250 2067 396 2149 πλευρᾶς
410 2061 520 2150 ὀρθὴν
533 2061 696 2147 ποιούσης
706 2067 834 2147 γωνίαν
848 2064 904 2129 καὶ
915 2058 991 2149 ούχλ
1000 2064 1137 2142 πλέονες

126 2166 170 2248 ῶς
188 2172 245 2254 της
264 2167 341 2255 μεθ’
359 2169 471 2255 ἑτέρας
490 2166 625 2248 εὐθείας
642 2171 796 2256 γραμμῆς
810 2165 921 2250 ὀξεῖαν
935 2164 957 2256 ἣ
972 2167 1135 2257 ἀμβλεῖαν

71 2296 107 2345 2ο
125 2279 253 2358 γωνίαν
276 2272 439 2360 ποιούσης
461 2273 518 2341 διὰ
540 2278 579 2343 τὸ
601 2279 632 2342 εί
653 2272 765 2356 ὀξεῖαν
789 2272 897 2357 ὀξείας
919 2281 1056 2363 μείζονα
1082 2277 1136 2345 καὶ

126 2378 288 2466 ἀμβλεῖαν
317 2379 477 2466 ἀμβλείας
505 2379 607 2449 οίσθα
634 2405 703 2462 πως
726 2434 823 2452 .....
847 2385 904 2451 διὰ
926 2381 967 2450 τὰ
990 2381 1077 2451 αύτόι
1100 2382 1137 2452 δὲ

127 2483 204 2554 οἶδα
236 2485 292 2553 καί
323 2483 385 2571 τὴν
417 2491 475 2573 τῆς
507 2488 619 2576 ἑτέρας
650 2492 796 2581 πληυρῶς
826 2489 926 2556 θέσιν
957 2493 1137 2569 παντελῶς.

126 2589 247 2660 λοιπὸν
269 2593 334 2680 ἀρα
356 2592 413 2660 καὶ
435 2589 593 2679 ἀσφαλῶς
615 2593 652 2662 τὸ
676 2595 1024 2684 παραλληλόγραμμον
1048 2621 1137 2683 περι-

127 2698 269 2785 ἀγεσθαι
297 2698 378 2786 μετὰ
406 2703 475 2767 τῶν
502 2698 568 2767 ὑπὸ
598 2700 660 2769 δύο
688 2705 756 2769 τῶν
784 2699 847 2788 τὴν
875 2699 986 2790 ὀρθὴν
1008 2708 1137 2788 γωνίαν

72 2825 106 2875 2ο
125 2815 351 2893 περιεχουσῶν
374 2803 528 2873 εὐθειῶν.

194 2915 223 2978 3.
242 2915 320 2977 Πᾶν
334 2910 682 2999 παραλληλόγραμμον
696 2909 911 3000 ὀρθογῶνιον
924 2915 1136 3003 περιέχεσθαι

197 3058 222 3108 3.
240 3050 295 3120 Ρμ.

1102 1280 1127 1329 Δ

200 3181 224 3230 9.
244 3176 392 3248 γραμμῶν]
406 3177 425 3246 f,
440 3177 555 3248 γραμῶυ
570 3176 603 3231 V.
665 3184 706 3232 11.
721 3180 917 3305 τοῖςηγεοτίμῶς
935 3181 974 3254 τῷ
989 3179 1040 3237 Vf.
1096 3185 1136 3234 13.

127 3242 157 3317 ἡ]
176 3245 243 3299 hine
260 3245 314 3301 hoc
333 3247 419 3304 schol.
440 3266 494 3303 om.
513 3249 532 3303 f.
617 3253 659 3303 14.
683 3246 758 3319 ὀρθή

164 3321 206 3370 18.
224 3318 341 3381 πλέονες
360 3315 408 3390 ῶς]
428 3319 535 3389 scripsi,
554 3323 604 3374 πλε
624 3335 681 3388 seq.
695 3321 824 3391 pluribus
837 3320 893 3378 litt.
908 3338 989 3379 στου.
1005 3323 1038 3379 V.
1094 3326 1136 3375 20.

126 3387 246 3459 γωνίαν]
264 3406 349 3460 supra
367 3407 419 3445 εστ.
439 3388 472 3446 V.
554 3396 597 3446 22.
616 3392 771 3455 συντελῶς2
790 3392 824 3448 V.
905 3400 949 3450 24.
968 3394 1061 3450 Locus
1079 3408 1137 3448 τοτ-

119 3461 225 3529 ιιιμῖοι
243 3462 273 3516 οῖ
289 3461 430 3534 scriptura
447 3461 564 3517 incerta.

806 3294 813 3309 .
894 3248 1086 3321 ὀφειλόντωςθ
1103 3248 1136 3304 V.
