2362 3796
181 200 194 226 ο
231 176 387 230 SOHOLIA
404 177 444 229 IN
460 175 736 229 ΕΙιΕΜΕΝΤΟΒΠΜ
753 175 893 228 LIBRUM
905 177 939 226 X.
1022 171 1088 237 583

436 352 493 417 Ad
514 374 621 437 prop.
646 350 731 418 cxl.

140 479 216 544 452.
248 475 305 542 Ἐκ
327 484 385 562 τῆς
408 478 455 553 εἰς
478 470 648 543 νἰὅὸνατον
672 470 859 560 ἀπαγωγῆς.

140 585 216 650 453.
252 577 337 646 H'
317 579 468 667 αποτομῇ
572 578 690 648 ἐκδύο

305 686 414 775 ἡΕΖ
540 683 719 773 ὀνομάτων
793 686 900 773 ἡΑΒ
967 713 1005 754 το
1027 691 1090 754 ΓΕ

351 799 373 862 Ι
854 814 862 829 ο

229 901 231 905 ’
352 905 389 968 ΙΛ

346 1027 372 1079 0
597 1027 648 1095 μΨ

344 1116 365 1202 J
604 1238 643 1289 0·

597 1346 650 1414 'DV

143 1435 219 1500 454.
256 1432 324 1500 Καὶ
347 1430 447 1518 λοιπῇ
472 1428 538 1519 ὅρα
562 1456 593 1517 p.
609 1433 683 1511 352,
700 1434 733 1514 7]
756 1430 813 1496 καὶ
832 1428 892 1497 ἐὰν
916 1427 980 1498 ἀπὸ
1004 1437 1088 1498 ἴσων

76 1546 131 1606 ἴσα
146 1534 318 1627 ἀφαιρεθῇ
337 1535 451 1606 καὶτὰ
471 1539 554 1622 έξῇς,
575 1535 699 1623 ὁμοίως
716 1536 772 1602 καὶ
791 1534 857 1605 ἀπὸ
877 1538 1088 1624 συμμέτρων·

75 1649 275 1730 συμμέτρων
297 1642 361 1729 γὰρ
386 1641 496 1711 ὅντων
518 1645 587 1710 τῶν
611 1649 688 1728 ΔΖ,
709 1649 786 1709 ΔΗ
804 1644 914 1729 μήκει,
938 1640 998 1711 ἐὰν
1021 1640 1087 1711 ἆτιό

73 1753 133 1836 τῇς
148 1759 181 1816 Δ
188 1758 215 1816 Ζ
237 1754 282 1838 τῷ
298 1755 376 1816 ΔΗ
394 1747 585 1836 σύμμετρον
608 1744 779 1837 ἀφαιρεθῇ
802 1747 840 1816 τὸ
859 1755 943 1835 ΔΗ,
966 1749 1087 1817 λοιπὸν

75 1853 141 1943 ὅρα
163 1860 209 1947 τῷ
235 1863 301 1922 ΔΖ
323 1854 361 1924 τὸ
384 1860 452 1921 ΗΖ
476 1855 544 1922 έστι
568 1853 768 1941 σύμμετρον.
1088 1873 1141 1922 -15

140 1966 216 2031 455.
245 1962 315 2030 Ὅτι
337 1966 442 2029 πᾶσαι
466 1964 503 2028 αλ
524 1958 641 2045 ὅλογοι
664 1967 708 2047 ἦ.

139 2073 215 2138 456.
247 2065 293 2135 H
308 2069 391 2155 μέση
411 2065 568 2196 ἀποτομῇ
582 2065 695 2194 τρρέτη
718 2065 809 2135 ual‘
793 2094 814 2153 η
834 2064 955 2154 μέση’
936 2065 1086 2198 αποτομῇ

76 2176 216 2260 δευτέρα
244 2174 367 2242 καὶαλ
329 2171 462 2260 αλμετ’
489 2170 592 2252 αὐτὰς
619 2171 694 2259 ἤτοι
721 2170 741 2259 ἡ
766 2171 979 2304 έλαρσων,’
962 2201 982 2259 η
1007 2170 1088 2259 μετὰ

73 2281 177 2409 ῥητοῦ
197 2282 300 2367 μέσον
319 2278 356 2348 τὸ
377 2280 459 2348 ὅλον
477 2281 622 2347 ποιοῦσα
644 2277 735 2347 xal‘
718 2307 738 2366 η
758 2306 839 2366 μετα
860 2281 964 2366 μέσον
983 2282 1087 2368 μέσον

72 2383 110 2452 τὸ
137 2383 218 2454 ὅλον
241 2389 386 2454 ποιοῦσα
409 2383 516 2470 ἤγουν
540 2382 561 2472 ἡ
587 2387 622 2453 ἐκ
642 2385 704 2454 δύο
728 2387 840 2472 μέσον
862 2385 987 2475 πρώτη,
1010 2415 1031 2474 η
1018 2384 1087 2455 ’έιι
1106 2406 1141 2455 20

73 2489 136 2557 δύο
165 2494 276 2578 μέσων
305 2492 460 2580 δευτέρα,
493 2487 514 2577 ἡ
543 2496 679 2577 μείζων,
711 2487 732 2577 ι]
761 2489 864 2578 ῥητὸν
896 2493 951 2560 καὶ
984 2494 1088 2581 μέσον

73 2598 244 2684 δυναμένη
267 2599 324 2666 καὶ
347 2594 368 2686 ἡ
394 2596 457 2666 δύο
481 2599 565 2683 μέσα
591 2597 770 2683 δυναμένη.

140 2705 215 2772 457.
256 2708 304 2792 Τῇ
327 2703 417 2784 τέξει
440 2707 481 2791 τῇ
504 2698 584 2770 καθ’
606 2701 713 2788 αὑτήν
735 2728 766 2788 p.
786 2705 860 2789 354,
882 2706 936 2788 18]
960 2701 981 2790 ἡ
1004 2707 1087 2791 μέση

73 2805 224 2895 ἀποτομὴ
239 2808 364 2895 τροὸτη,
383 2810 466 2895 μέση
486 2805 636 2895 ἀποτομῇ
656 2810 806 2896 δευτέρα,
831 2807 987 2894 ἐλάττων,
1006 2807 1087 2894 μετὰ
1152 2799 1156 2803 ’

73 2915 178 3001 ῥητοῦ
202 2916 306 3001 μέσον
328 2913 366 2982 τό
393 2912 475 2982 ὅλον
497 2917 656 3000 ποιοῦσα,
685 2912 767 3001 μετὰ
794 2914 898 2999 μέσου
921 2914 1024 3001 μέσον
1047 2912 1085 2982 τὸ
1105 2933 1139 2982 25

72 3020 155 3089 ὅλον
178 3025 331 3089 ποιοῦσα.

143 3167 204 3217 452.
223 3162 254 3216 F.
336 3166 398 3217 453.
417 3158 465 3216 Vb.
546 3165 607 3215 454.
630 3161 675 3216 V2.
754 3158 1085 3233 455.Fvb(ad00r011.

72 3252 100 3303 p.
121 3239 183 3303 352,
202 3233 275 3286 siout
293 3234 347 3288 duo
367 3232 534 3302 sequentia)
606 3237 667 3288 456.
686 3231 734 3286 V¹.
797 3236 857 3289 457.
877 3232 926 3287 V⁸.

146 3382 187 3430 13.
208 3375 352 3458 ΔΗ]εοι·.
372 3379 436 3429 ΔΓ.
496 3379 539 3428 14.
530 3371 715 3497 Δῆῇρτ.)
704 3375 880 3442 ).Heeorr
895 3374 932 3440 V;
953 3392 1005 3430 sor.
1021 3379 1086 3431 ΔΓ.

72 3440 335 3573 ἔλέτθτορτιντᾶσαι]
356 3439 545 3516 camimum*
528 3464 572 3500 οτι
591 3467 618 3516 ιγ
739 3445 785 3516 syl
801 3441 919 3500 εὸθεῑαι
926 3414 975 3498 ’,Ἰ
1042 3453 1099 3494 Ἃ
