2362 3796
286 129 444 182 scflom
460 131 499 183 m
516 131 793 186 τιειιεαυοιιυυ
810 132 984 186 mum.
1094 130 1137 195 89

178 267 281 338 Ὅταν
295 270 334 340 δὲ
348 272 386 337 αί
397 274 460 357 τὴν
475 276 603 354 γωνίαν
617 273 828 359 περιέχουσαι
841 273 989 361 γραμμαὶ
1004 268 1138 342 εὐθεῖαι

122 366 216 460 ῶσιν,
239 374 480 465 εὐθύγραμμος
502 373 523 464 ἡ
547 383 653 463 γωυία
676 386 832 447 καλεῖται.

189 481 253 568 τὴν
273 490 402 571 γωνίαν
425 486 597 571 σύμβολον
621 482 712 553 εἰναί
732 511 843 572 φαμεν
864 487 919 554 καί
942 488 1055 555 εἰκόνα
1077 488 1138 570 τῆς

124 593 271 676 συνοχῆς
292 595 351 676 τῆς
373 592 410 658 ἐν
427 604 499 671 τοῖς
517 595 626 670 θείοις
643 592 777 676 γένεσιν
794 593 923 678 καὶτῆς
937 586 1138 678 συναγωγοῦ

122 696 246 775 τάξεως
267 699 335 764 τῶν
359 697 571 784 διῃρημένων
598 700 647 777 εἰς
674 698 724 765 ἕν·
767 696 889 783 δεσμὸς
916 696 980 784 γὰρ
1007 702 1135 783 γίνεται
1173 725 1180 772 ι

123 801 180 870 καὶ
203 799 287 888 αὕτη
305 805 374 869 τῶν
391 807 526 871 πολλῶν
543 807 706 890 γραμμῶν
725 803 782 870 καὶ
801 804 968 872 ἐπιπέδων
986 804 1043 871 καί
1062 822 1138 871 συν-

102 932 258 992 ·αγωγος
279 910 341 976 τοῦ
363 909 527 994 μεγέθους
550 913 597 987 εἰς
619 907 657 977 τὸ
681 908 801 998 ἀμερὲς
823 922 971 996 σημεῖον.
1010 907 1139 977 διὸκαὶ

124 1014 163 1080 τὸ
186 1014 303 1100 λόγιον
326 1017 530 1101 συνοχηίόας
548 1011 711 1083 ἀποκαλεῖ
725 1014 785 1096 τὰς
803 1020 938 1102 γωνίας,
961 1012 1006 1095 ῶς
1025 1015 1140 1084 εἰκόνα

124 1119 293 1207 φερούσας
325 1124 395 1189 τῶν
427 1133 618 1210 συνοχικῶν
646 1122 809 1190 ἑυῶσεων.
855 1126 893 1189 αί
918 1122 980 1210 μὲν
1008 1113 1073 1190 οὖν
1101 1123 1138 1190 ἐν

121 1239 194 1307 ταῖς
211 1229 421 1314 ἐπιφανείαις
437 1231 558 1313 γωνίαι
571 1225 630 1308 τὰς
643 1225 826 1316 ἀυλοτέρας
839 1228 895 1296 καί
909 1226 1137 1313 ἁπλουστέρας
1157 1255 1180 1305 14

120 1334 176 1401 καί
198 1329 692 1422 τελειοτέραςάποτυποῦυται,
718 1338 756 1403 αί
777 1335 816 1405 δὲ
839 1338 876 1404 ἐν
898 1349 969 1417 τοῖς
991 1349 1138 1421 στερεοῖς

120 1437 181 1518 τὰς
202 1439 388 1528 προῖούσας
410 1439 505 1527 μέχρι
527 1450 596 1509 τῶν
619 1438 767 1526 ἐσχάτων
790 1442 846 1508 καὶ
867 1455 937 1521 τοῖς
955 1442 1063 1528 πάντη
1083 1467 1136 1528 με·

122 1558 250 1628 ριστοῖς
272 1542 409 1631 ὁμοφυῆ
434 1542 602 1625 σύνταξιν.
637 1549 706 1612 τῶν
726 1545 763 1613 δέ
782 1548 819 1614 ἐν
837 1560 909 1626 ταῖς
929 1549 1137 1633 ἐπιφανείαις

126 1651 163 1714 αί
181 1647 242 1733 μέν
260 1647 319 1727 τὰς
336 1648 471 1731 πρώτας
483 1650 539 1714 καὶ
553 1647 721 1735 ἀμίκτους,
742 1653 780 1716 αί
794 1649 830 1717 δέ
844 1651 902 1728 τὰς
914 1661 973 1736 τῆς
986 1648 1139 1738 ἀπειρίας

127 1753 320 1833 συνεκτικὰς
336 1756 406 1820 τῶν
426 1755 462 1820 ἐν
482 1749 595 1832 αὐτοῖς
613 1757 771 1839 προόδων
785 1752 1062 1836 ἀπεικονίζουται·
1082 1758 1138 1824 καί
1158 1783 1180 1831 ιι

127 1860 164 1924 αί
185 1857 246 1944 μὲν
269 1854 328 1936 τάς
350 1867 421 1926 τῶν
443 1860 573 1944 νοερῶν
596 1862 699 1926 εἰδῶν
723 1858 950 1945 ἑνοποιοῦσιν,
973 1864 1011 1927 αἰ
1028 1859 1066 1927 ἀὲ
1083 1858 1141 1941 τάς

123 1968 193 2033 τῶν
216 1966 391 2049 αἰσθητῶν
412 1962 540 2049 λόγων,
566 1966 604 2032 αί
626 1963 664 2032 δὲ
686 1961 746 2044 τάς
767 1972 836 2033 τῶν
859 1965 980 2052 μεταξύ
1002 1965 1140 2036 τούτων.

124 2075 162 2138 αί
183 2070 246 2157 μὲν
268 2061 333 2138 οὖν
351 2068 657 2158 περιφερόγραμμοι
675 2068 736 2150 τὰς
754 2070 1016 2152 συνελισσοόσας
1034 2076 1140 2154 αἰτίας

126 2172 387 2262 ἀπομιμοῦνται,
410 2179 448 2243 αί
468 2176 506 2244 δέ
528 2173 764 2264 εὐθύγραμμοι
787 2175 847 2256 τάς
867 2181 937 2246 τῶν
954 2182 1138 2269 αἰσθητῶν,

127 2284 166 2348 αί
182 2279 219 2348 δὲ
237 2281 349 2366 μικταὶ
365 2281 424 2363 τὰς
442 2279 504 2369 τὴν
521 2288 707 2351 κοινωνίαν
725 2287 794 2351 τῶν
811 2289 942 2372 νοερῶν
961 2290 1062 2356 εἰδῶν
1080 2288 1136 2354 καὶ
1155 2316 1180 2364 2<

127 2390 300 2472 αἰσθητῶν
326 2387 409 2456 κατὰ
437 2394 518 2475 μίαν
543 2390 665 2457 ἕνωσιν
688 2387 874 2458 ἀσάλευτον
896 2393 1137 2478 φυλαττούσας.

185 2490 285 2561 Ὅταν
308 2493 346 2561 δὲ
369 2491 486 2563 εὐθεῖα
510 2491 560 2564 ἐπ’
586 2491 725 2564 εὐθεῖαν
748 2505 910 2564 σταθεῖσα
931 2499 992 2578 τὰς
1019 2499 1137 2586 ἐφεξὴς

124 2604 249 2684 γωνίας
274 2608 349 2679 ίσας
376 2597 521 2686 ἀλλήλας
547 2605 642 2690 ποιῇ,
674 2600 764 2688 ὀρθὴ
792 2603 930 2686 ἑκατέρα
957 2607 1024 2671 τῶν
1053 2612 1137 2671 ἰσων

125 2708 260 2789 γωνιῶν
281 2707 366 2790 ἐστι,
396 2705 452 2772 καὶ
479 2703 500 2792 ἡ
528 2709 728 2793 ἐφεστηκυῖα
755 2707 889 2795 γραμμὴ
917 2707 1061 2785 κάθετος
1082 2733 1138 2772 κα-

124 2817 241 2895 λεῖται,
264 2810 318 2899 ἐφ’
335 2808 378 2898 ἣν
392 2814 591 2899 ἐφέστηκεν·
616 2810 756 2901 ἀμβλεῖα
775 2813 813 2881 δὲ
835 2812 856 2899 ἡ
881 2819 1001 2898 μείζων
1020 2809 1137 2896 ὀρθῆς,
1156 2838 1180 2886 21

125 2913 215 2997 ὀξεῖα
238 2916 276 2986 δὲ
298 2915 319 3005 ἡ
343 2917 495 2987 ἐλάσσων
518 2916 634 3006 ὀρθῆς.

192 3020 233 3089 δι’
250 3019 293 3109 ἣν
308 3027 418 3092 αἰτίαν
432 3022 472 3092 τὸ
485 3027 648 3109 τριπλοῦν
661 3026 730 3092 τῶν
743 3027 879 3110 γωνιῶν
895 3019 985 3100 eleos
1001 3018 1138 3108 ὑπέστη,

121 3130 306 3215 γεωμέτραι
329 3131 390 3217 μὲν
416 3131 478 3199 οὐκ
501 3126 544 3198 ἀν
569 3143 685 3216 φαῖεν,
709 3133 745 3196 οἰ
766 3129 804 3198 δὲ
827 3125 1061 3215 Πυθαγόρειοι
1083 3129 1138 3198 καί

199 3331 224 3381 8.
248 3325 436 3445 συνοχηίδαςὲ
460 3321 564 3393 συνοχὴ
585 3322 667 3384 ἰδίας.
751 3329 792 3376 13.
815 3322 885 3377 Post
903 3319 1036 3409 σύνταξιν
1058 3323 1140 3379 (ἰαυοῖ

126 3395 336 3481 παρεχομένας;
364 3413 392 3449 u.
435 3392 527 3447 foelus
545 3412 572 3463 p.
594 3398 656 3460 129,
677 3399 718 3447 15.
801 3398 843 3447 16.
864 3387 1042 3453 ἐνοποιονσ..
1078 3396 1132 3551 ἃ

123 3470 308 3534 πυθαγοριοι.
1063 3500 1076 3517 ι
