2362 3796
125 153 192 217 402
273 153 432 207 scnom
448 155 488 207 m
505 154 779 206 εοεπεατοεοιι
796 154 937 206 mmm
949 156 996 208 1x.

197 297 247 362 12.
288 292 447 382 Σχόλιον.
494 298 549 363 δεῖ
568 293 762 380 γινώσκειν,
786 293 839 363 ὅτι
860 293 913 362 τό·
944 293 1000 362 καὶ
1023 295 1061 362 oc
1082 295 1149 363 ἕνα

131 405 359 481 διαλείποντες
387 400 508 481 πάντες
540 398 646 481 οὕτως
677 402 780 468 ἐστίν·
818 397 869 469 ὅτι
902 401 1060 488 ἀριθμῶν
1094 403 1146 470 ἐκ·

125 508 294 575 τεθέντων
313 504 378 575 ἀπο
398 506 545 594 μονάδος
563 505 646 574 κατὰ
664 505 850 593 ἀναλογίαν
870 500 944 574 οἷον
965 505 1146 588 διπλάσιος

124 611 169 694 ἀς
197 612 217 701 ἡ
245 617 350 702 μονάς
375 613 432 681 καὶ
460 597 649 700 δβκαλ
634 639 652 680 ο
677 603 703 679 δ
725 610 824 680 καὶ
809 639 826 681 ο
850 625 873 701 ἦ
900 610 1058 687 ναλὸιέ
1085 615 1145 683 καὶ

90 719 144 791 οδ
169 727 211 808 λβ
238 718 332 788 καὶ
318 747 336 788 ο
360 723 400 803 ξδ
426 717 520 788 καὶ
505 746 522 787 ο
546 724 610 808 {su-p
636 746 647 786 ‹
641 715 798 805 ’μὲνήί
820 718 886 787 ἀπὸ
909 724 968 806 τής
990 719 1145 807 μονάδος

123 825 232 914 ἤμουν
254 826 272 895 6
297 818 320 895 6
345 824 491 958 ἀριθμὸς
517 824 726 912 τετράγωνός
748 826 818 894 ἐστι
845 825 902 892 ναὶ
926 827 1003 894 οί”
983 852 1044 893 ενα
1067 829 1144 894 δια-

123 939 294 1013 λείποντες
316 932 451 1018 πάντες,
474 927 684 1000 τουτέστιν
669 957 687 998 ο
712 937 757 1002 ιξ
791 935 952 999 διαλείπει
974 930 1040 1017 γάρ
1065 959 1085 1000 ο
1111 939 1144 1004 ss

124 1039 245 1127 μεταξὺ
280 1036 385 1107 αὑτοῦ
416 1037 471 1105 καὶ
498 1041 560 1106 τοῦ
578 1030 605 1104 6
631 1035 714 1104 κατὰ
741 1034 802 1105 τὸν
830 1037 1010 1106 διπλάσιον
1035 1039 1144 1126 λόγον

123 1147 185 1213 ἕνα
209 1145 265 1213 καὶ
287 1142 348 1213 τὸν
370 1155 402 1231 ῆ.
442 1144 499 1211 καὶ
522 1143 575 1211 ἐπὶ
598 1147 666 1211 τάν
689 1147 816 1212 λοιπῶν
840 1143 947 1225 οὕτως
970 1148 1025 1214 δελ
1044 1160 1142 1216 νοεῖν

74 1271 108 1322 10
126 1249 234 1337 ήγουν
256 1249 309 1319 τό·
341 1250 396 1318 καὶ
420 1252 456 1318 οί
477 1248 540 1318 660
565 1254 791 1329 διαλείποντες
813 1250 868 1318 καὶ
893 1252 928 1318 οί
948 1251 1047 1321 πέντε
1071 1257 1143 1322 δια-

124 1361 303 1436 λείποντες.

193 1466 244 1532 13.
282 1460 351 1530 Διά
377 1460 417 1530 τά
446 1459 531 1530 αάτά
561 1460 602 1546 δὴ
630 1463 686 1530 καὶ
714 1460 732 1531 6
757 1470 784 1530 Z
812 1464 1021 1550 τετράγωνός
1050 1466 1143 1533 ἐστιν

123 1594 154 1656 p.
179 1572 331 1656 352,18]
356 1567 470 1654 ἐπειδή
495 1571 531 1636 oc
553 1576 600 1654 A,
623 1577 668 1654 E,
693 1576 720 1636 Z
748 1569 823 1656 ἑξῆς
845 1568 1019 1657 ἀνάλογόν
1042 1576 1142 1657 εἰσιν,

124 1680 193 1743 ἔστι
222 1675 259 1743 δὲ
287 1670 305 1742 ὁ
335 1684 369 1742 Δ
395 1674 618 1762 τετράγωνος,
650 1675 706 1743 καὶ
734 1673 752 1743 6
781 1684 809 1743 Z
837 1674 903 1765 ἀρα
930 1675 1144 1764 τετράγωνός

71 1802 104 1851 15
124 1783 223 1850 ἐστιν.

509 1874 566 1939 Ad
588 1896 693 1959 prop.
715 1873 755 1938 X.

192 1998 243 2061 14.
282 1996 326 2060 Οί
346 2002 392 2078 A,
416 2000 445 2060 B
473 1992 538 2080 ἀρα
565 1992 649 2082 πρὸς
676 1991 842 2081 ἀλλήλους
864 1993 967 2081 λόγον
991 2000 1142 2084 ἔχουσιν,

123 2095 165 2167 δν
197 2097 404 2185 τετράγωνος
431 2094 581 2187 ιἀριθμὸς
616 2098 701 2184 πρὸς
737 2100 949 2188 τετράγωνον
985 2102 1140 2191 ἀριθμόν

123 2231 153 2291 p.
179 2208 253 2292 358,
279 2207 423 2287 17-19]
453 2204 523 2272 ἐπεὶ
550 2203 614 2292 γάρ
637 2204 845 2292 τετράγωνοί
865 2212 950 2276 εἰσιν
974 2210 1009 2276 οί
1031 2218 1074 2296 Α,
1100 2218 1141 2296 Β,

71 2331 105 2380 20
124 2311 237 2397 ὅμοιοι
270 2312 423 2378 ἐπίπεδοί
452 2314 554 2396 είσιν,
592 2313 627 2378 oc
658 2310 695 2379 δὲ
727 2311 838 2399 ὅμοιοι
872 2314 1023 2383 ἐπίπεδοι
1054 2339 1141 2404 προς

122 2412 289 2502 ἀλλήλους
311 2414 414 2501 λόγον
435 2420 579 2502 ἔχουσιν,
603 2412 644 2484 δν
662 2417 871 2505 τετράγωνος
889 2416 1034 2507 ἀριθμὸς
1052 2422 1141 2511 πρὸς

122 2522 334 2610 τετράγωνον
357 2518 516 2608 ἀριθμόν.

191 2631 242 2698 15.
271 2627 370 2696 Ὥστε
389 2628 424 2695 οί
436 2635 478 2714 Α,
494 2634 523 2695 Β
542 2627 654 2716 ὅμοιοι
673 2632 824 2700 ἐπίπεδοί
837 2636 923 2701 είσιν
941 2659 972 2720 p.
987 2637 1063 2720 358,
1078 2637 1136 2718 19]

122 2736 180 2802 δια
208 2731 246 2802 τὸ
275 2732 310 2819 β’
337 2739 400 2802 τοῦ
422 2735 461 2802 θ’
489 2734 527 2804 τὸ
556 2736 668 2821 λίνον·
706 2735 765 2805 ἐάν
787 2730 816 2824 δ’
842 2735 983 2827 ἀριθμοὶ
1015 2747 1138 2809 πολλα-

71 2862 105 2911 25
123 2838 364 2921 πλασιάσαντες
394 2838 560 2928 ἀλλήλους
587 2846 707 2911 ποιῶσι
734 2843 946 2933 τετράγωνον
974 2844 1140 2934 ἀριθμόν,

123 2943 236 3032 ὅμοιοι
260 2949 412 3017 ἐπίπεδοί
431 2952 526 3016 είσιν.
573 2946 625 3017 ὅτι
649 2948 687 3017 66
710 2951 745 3017 οί
766 2959 808 3036 Α,
831 2957 860 3017 Β
888 2957 1139 3022 πολλαπλασιά-

123 3069 239 3132 σαντες
264 3049 429 3139 ἀλλήλους
455 3052 516 3121 τὸν
540 3060 572 3121 Γ
595 3054 830 3142 πεποιήκασιν,
859 3057 1018 3147 φανερόν.
1066 3063 1140 3130 ἐπεὶ

122 3189 335 3200 ι--.

195 3246 557 3318 12V.13.V⁸¹(P).
632 3239 813 3321 14.v(.1>¹)'
885 3251 1066 3324 15.V(P²).

237 3416 398 3497 [Madd.
416 3442 452 3478 m.
468 3423 537 3481 2V.
597 3423 639 3497 μ’]
661 3417 712 3480 οάν
731 3430 870 3498 compV.
926 3428 1141 3508 8.διπλάσιον]

90 3425 283 3593 pbk&
183 3493 212 3548 V.
290 3502 334 3556 24.
355 3492 404 3572 τό]
424 3496 528 3554 τοῦΡ.
601 3517 654 3554 του
670 3495 853 3569 λὲγοντος
