2362 3796
242 153 399 205 scnomA
416 154 457 204 IN
474 154 748 205 ειευευεοειιω
766 155 905 206 MERUM
918 156 940 208 1.
1029 151 1092 217 123

71 292 134 372 τάς
155 293 303 377 γενέσεις
325 292 381 360 καὶ
403 296 463 378 τῆς
486 293 638 379 ἰσότητος
659 292 723 378 τὴν
749 292 882 378 εὕρεσιν
912 293 1092 381 ἐμάθομεν.

72 403 268 495 προκείσθω
302 397 340 466 δὲ
371 402 438 466 νῦν
468 404 539 484 καί,
573 397 624 466 ὅτι
652 396 697 479 ὡς
725 400 786 485 μὲν
816 401 851 467 ἐν
874 405 1091 487 θεωρήμασιν

71 610 138 697 γάρ
162 607 209 689 ὡς
227 615 333 679 εἰπεῖν
353 609 469 697 μόνων
484 607 665 697 αὐτοφυῶς
680 615 849 679 δείκνυται
863 615 930 678 τῶν
949 611 1091 696 κράτων

74 706 234 784 ἐννοιῶν·
258 716 444 803 σύμπτωμα
463 717 503 785 δέ
519 743 550 784 τι
568 719 644 804 περὶ
660 716 699 785 τά
715 722 862 804 τρίγωνα
881 717 1091 803 φαινόμενον
1110 737 1126 786 5

75 826 195 907 έχοντα
222 820 278 901 τδις
306 820 368 890 δύο
397 821 544 909 πλευράς
570 836 643 901 ταῖς
670 823 734 890 δύο
757 829 916 906 πλευραῖς
940 830 1014 900 ίσας
1035 824 1091 889 καὶ

77 928 138 1006 τάς
150 923 209 994 ὑπ’
221 925 332 995 αὐτῶν
340 930 576 1015 περιεχομένας
585 934 710 1013 γωνίας
720 926 945 996 άποδεικνύον
956 925 1091 1007 εἰκότως

77 1031 160 1119 μετά
182 1058 223 1100 τα
244 1033 462 1121 προβλήματα
484 1035 651 1119 τέτακται,
682 1031 727 1102 δι’
754 1026 803 1102 ὧν
825 1031 866 1101 τά
888 1031 1090 1120 ὑποκείμενα

76 1140 122 1228 τῷ
150 1139 365 1227 συμπτώματι
395 1139 502 1229 τούτῳ
535 1139 590 1206 καὶ
615 1137 701 1220 ὅλως
733 1138 773 1206 τά
803 1142 967 1226 δεδομένα
998 1166 1090 1208 κατε-

76 1243 240 1327 σκεύαζεν.
1110 1268 1144 1316 10

139 1355 190 1419 31.
214 1349 468 1420 ‘Yxom'vovow
486 1378 517 1438 p.
534 1355 584 1437 16,
605 1355 660 1436 16]
685 1350 726 1419 οὐ
745 1351 852 1438 μάτην
872 1356 910 1420 αί
926 1352 988 1420 δύο
1007 1350 1090 1421 ὑπό-

71 1482 215 1543 κεινται,
247 1455 320 1526 ἀλλ’
347 1460 545 1545 ἐμφαίνεται
572 1461 618 1548 τῷ
648 1462 840 1546 στοιχειωτη]
869 1457 926 1525 διδ
948 1458 1088 1544 τούτων,

72 1559 119 1642 ὡς
151 1566 189 1629 αι’
218 1561 459 1632 ὑποτείνουσαι
490 1564 631 1650 πλευραὶ
663 1563 722 1641 τάς
756 1572 829 1643 ίσας
863 1570 987 1649 γωνίας
1022 1561 1088 1631 ὑπὸ

72 1668 219 1755 πλευράς
240 1669 343 1738 πάλιν
366 1671 480 1758 ἑτέρας
502 1675 598 1738 εἰσίν.

142 1777 195 1841 32.
236 1772 306 1862 Τὴν
332 1773 398 1844 ὑπὸ
427 1782 532 1845 ΒΑΓ
553 1802 584 1862 p.
610 1780 665 1862 16,
689 1780 750 1858 20]
783 1773 845 1862 τὴν
870 1773 956 1862 ,πρὸς
983 1778 1028 1864 τῷ
1057 1784 1089 1840 A
1110 1795 1142 1842 15

72 1884 203 1966 γωνίαν
226 1881 428 1966 δηλον[ότι]·
469 1888 550 1962 ἔθος
572 1880 635 1968 γάρ
659 1886 704 1972 τῷ
725 1883 933 1968 στοιχειωτῇ,
962 1876 1089 1966 [ἡ]νίκα

71 1991 177 2054 ΑΒΓ
185 1981 207 2073 ι]
220 1992 324 2055 ΒΑΓ
335 1987 436 2073 [λέγει
446 1994 600 2074 γω]νίαν,
614 1985 676 2073 τὴν
685 1985 770 2074 πρὸς
780 1997 826 2078 τῷ
837 1988 925 2076 μέσῳ
938 1990 1088 2077 στοιχείῳ

73 2084 180 2161 οὖσαν
204 2098 334 2179 γωνίαν
359 2099 575 2181 σημ[αίνειν].
1014 2082 1017 2086 ¹

142 2201 194 2264 33.
222 2197 361 2285 Ἰστέον,
394 2198 463 2285 ὅτι,
494 2197 637 2286 ὁπηνίκα
665 2206 769 2267 ΒΑΓ
794 2201 881 2284 λέγει
911 2205 1039 2285 γωνίαν
1067 2193 1088 2284 ἢ

76 2308 185 2388 ΒΓΑ,
215 2299 425 2392 δ-στοιχεῑον
448 2306 702 2394 παραλαμβάνει
725 2307 843 2393 μέσον,
873 2307 1003 2372 ἐκείνου
1026 2303 1088 2391 τὴν
1107 2327 1141 2375 20

76 2414 205 2493 γωνίαν
228 2416 392 2498 σημαίνει.

142 2517 193 2582 34.
225 2521 271 2584 Ec
291 2516 356 2605 γάρ
380 2543 411 2604 p.
433 2522 482 2603 18,
507 2522 563 2601 10]
588 2519 748 2584 ἐντεῦθεν
773 2517 828 2584 διά
853 2521 913 2603 τῆς
936 2522 983 2596 είς
1006 2515 1087 2584 άδά-

74 2645 177 2687 νατον
200 2618 381 2709 άπαγωγῆς
404 2627 572 2690 δεικνύειν
596 2622 730 2710 άρχεται
753 2621 790 2691 τὸ
814 2622 984 2709 θεώρημα.

142 2728 193 2792 35.
220 2727 296 2794 Δύο
315 2725 447 2795 εὐθεῖαι
466 2728 590 2814 χωρίον
609 2731 819 2814 περιέξουσιν
838 2754 868 2814 p.
884 2732 933 2812 18,
951 2732 1004 2809 12]
1031 2730 1088 2812 δη-

73 2829 191 2898 λονότι
214 2831 253 2899 τά
276 2831 359 2902 αὐτά
382 2835 506 2919 πέρατα
535 2840 684 2920 ἔχουσαι·
721 2837 821 2900 τοῦτο
849 2831 914 2918 γάρ
941 2850 1089 2919 προσυκ-
1107 2853 1141 2902 25

74 2937 271 3024 ακουστέον,
295 2935 339 3018 ὡς
361 2940 417 3007 καὶ
442 2943 478 3007 έν
501 2955 572 3019 τοῖς
596 2938 696 3025 ὅροις.

144 3193 184 3240 31.
203 3204 231 3256 p.
305 3193 348 3242 οε.
368 3205 394 3256 p.
468 3193 511 3241 33.
531 3206 558 3257 p.
631 3192 720 3254 34·1>·
794 3190 837 3241 35.
857 3201 883 3252 q.

148 3420 172 3469 1.
194 3411 347 3485 ἐμάθομεν
365 3415 396 3468 Ρ.
470 3422 549 3484 lsssq.
569 3416 679 3472 litteras
697 3415 778 3472 uncis
795 3416 926 3474 'mmm
942 3415 1052 3472 ffixh‘x

72 3486 189 3541 lacunas
209 3484 313 3540 codicis
331 3485 491 3554 explendas.
1063 3414 1118 3594 Ἰ
