2362 3796
96 140 137 204 72
247 140 404 194 SOHOLIA
422 141 461 192 IN
479 141 754 192 ELEMENTORUM
772 140 911 192 LIBRUM
924 141 945 193 Ῑ.

92 288 235 368 πειρίαν,
259 278 333 349 ἀλλ’
362 277 452 371 ὁρᾷς,
477 278 529 349 ὅτι
552 285 662 348 αἰτίαν
687 279 748 348 οὐκ
772 285 848 367 ἔχει,
873 278 918 346 δι’
939 275 983 365 ἣν
1005 298 1108 367 προσ-

94 387 262 474 αγόμενον
294 391 380 478 τῷδε
412 392 457 478 τῷ
490 387 594 454 πάθει
627 384 756 473 ῶφελεί.
807 388 865 454 έδιν
899 386 936 453 δὲ
969 385 1107 471 ζητήσας

94 492 190 583 εὕρη,
219 493 268 562 ότι
293 494 371 561 τόδε
394 493 457 579 μὲν
478 494 517 561 τὸ
538 492 665 578 πάθος,
689 497 719 560 εἰ
740 490 851 580 τόχοι,
875 495 964 560 ἐστιν
987 488 1107 580 ὑγρόν,

91 599 170 669 τόδε
194 601 228 668 δέ
250 600 288 669 τὸ
309 599 487 687 φάρμακον
512 598 626 685 ξηρόν,
649 597 689 665 τὰ
714 598 753 665 δὲ
771 600 906 666 ἐναντία
925 601 992 665 τῶν
1013 601 1107 666 ἐναν-

58 730 74 778 5
92 713 173 775 τίων
198 707 330 794 ἰάματα,
355 705 493 794 ἔχεικαὶ
512 703 575 791 τὴν
595 709 717 790 αἰτίαν,
740 710 799 771 καί
810 706 879 772 ἐστι
898 703 936 772 τδ
951 708 1108 771 τοιοῦτον

91 814 190 903 τέχνη
213 814 268 880 καί
293 813 445 898 διαφέρει
468 814 527 895 τῆς
549 811 718 896 ἐμπειρίας
736 813 781 900 τῷ
800 809 904 896 λόγον
922 809 978 876 καί
997 813 1108 876 αἰτίαν

92 924 217 1005 λαβεῖν.
255 918 369 1003 ἐπειδὴ
394 916 431 984 δὲ
454 920 522 984 τῶν
540 915 700 1002 γνῶσεων
718 915 849 984 τούτων
869 919 938 984 τῶν
957 917 1109 1002 ἐχουσῶν

92 1024 196 1110 λόγον
220 1028 257 1091 αἰ
278 1023 339 1111 μὲν
363 1020 470 1100 οὕτως
492 1026 639 1109 ἔχουσιν,
663 1019 707 1101 ῶς
730 1022 785 1088 καὶ
804 1019 866 1106 τὴν
886 1019 1108 1108 ὑποκειμένην

92 1128 178 1216 ὕλην
202 1126 359 1216 φθαρτὴν
384 1134 487 1215 ἐχειν,
512 1130 548 1194 αἰ
571 1127 608 1195 δὲ
631 1124 675 1208 ῶς
699 1126 839 1213 άείδιον,
863 1127 925 1215 τὴν
949 1127 1010 1214 μὲν
1032 1129 1108 1214 περὶ

41 1259 75 1308 10
94 1233 224 1303 άείδιον
247 1231 333 1320 ὕλην
356 1238 501 1320 ἔχουσαν
525 1233 707 1320 ἐπιστήμην
732 1231 964 1320 ὀνομάζουσιν,
985 1231 1047 1318 την
1069 1232 1107 1299 δὲ

93 1340 168 1428 περί
192 1336 350 1427 φθαρτὴν
373 1340 503 1426 τέχνην.
539 1338 579 1406 τά
599 1338 641 1427 δὴ
661 1339 841 1426 μαθήματα
860 1339 937 1409 οὔτε
951 1348 1107 1425 αἴσθησις

92 1444 283 1534 γιγνῶσκει·
321 1449 467 1533 μερικῶν
499 1444 564 1533 γὰρ
596 1447 775 1531 γνωστική·
816 1446 892 1515 οὔτε
924 1452 1108 1535 φαντασία·

94 1550 227 1638 καὶγὰρ
242 1549 326 1638 αὕτη
346 1555 490 1640 μερικῶν
510 1555 579 1620 ἐστι
597 1551 776 1638 γνωστική,
795 1557 827 1620 εἰ
843 1552 898 1620 καί
918 1552 1013 1631 ἐντὸς
1030 1550 1108 1640 ὁρᾷ·

95 1655 169 1727 ἀλλ’
183 1656 269 1742 οὔτε
291 1671 404 1747 πείρα·
428 1658 532 1746 λόγον
555 1656 619 1746 γάρ
642 1659 698 1726 καί
721 1663 832 1725 αἰτίαν
856 1656 919 1726 οὐκ
942 1664 1008 1748 ἐχει
1026 1654 1110 1746 πρὸς

43 1787 78 1838 15
95 1768 141 1857 τῷ
165 1765 249 1852 μηδέ
276 1762 314 1833 τὸ
342 1762 421 1833 καθ’
449 1763 531 1834 ὅλου
558 1765 750 1852 γινῶσκειν·
788 1762 866 1832 οὔτε
893 1767 1044 1853 ἐμπειρία
1072 1764 1111 1832 δέ

97 1870 174 1940 οὔτε
206 1873 318 1958 τέχνη·
359 1871 423 1958 ῧίη
458 1870 523 1958 γάρ
555 1875 623 1940 τῶν
656 1869 865 1957 μαθημάτων
897 1866 1023 1950 άείδιος
1054 1870 1110 1936 καί

96 1979 235 2046 ἑστῶσα.
270 1984 414 2045 λείπεται
433 1976 498 2062 άρα
519 1975 777 2063 έπιστημονικην
796 1973 963 2063 εἶναιτὴν
982 1977 1109 2062 γνῶσιν

98 2083 220 2152 αὐτῶν.
268 2083 350 2150 ὥστε
378 2089 561 2170 γεωμετρία
590 2081 658 2170 ἐστὶ
686 2079 706 2167 ἡ
734 2086 866 2165 γνῶσις.
915 2082 970 2151 καί
997 2078 1108 2166 ἐπειδὴ

98 2188 176 2257 οὔτε
200 2189 327 2269 ἐξωθέν
351 2189 420 2254 ἐστι
443 2185 620 2273 γνωστική,
645 2185 721 2255 οὔτε
744 2191 889 2274 μερικῶν
907 2186 1111 2275 πραγμάτων

46 2317 80 2368 20
99 2293 176 2362 οὔτε
199 2290 323 2360 όίικῶν
346 2294 424 2378 μέν,
452 2290 535 2359 άνευ
557 2290 595 2359 δὲ
618 2296 739 2376 αἰτίας,
767 2287 787 2377 ἢ
816 2288 938 2360 ὁίικῶν
966 2292 1027 2380 μὲν
1055 2292 1111 2359 καί

98 2397 166 2487 μετ’
193 2401 315 2482 αἰτίας,
346 2396 422 2482 περὶ
450 2394 586 2484 φθαρτά
620 2398 673 2482 δέ,
705 2409 847 2464 ποιεῖται
878 2396 940 2482 τη“ν
968 2402 1110 2482 γνῶσιν·

98 2505 172 2593 περὶ
191 2505 255 2591 γὰρ
274 2500 396 2570 άείδια·
421 2501 555 2582 εἰκότως
573 2506 701 2588 γνῶσιν
720 2499 827 2586 αὐτὴν
846 2505 900 2568 δεῖ
916 2504 1025 2586 λέγειν
1044 2507 1111 2571 ε’πι-

99 2608 320 2699 στημονικόν,
357 2611 415 2676 ἵνα
446 2613 641 2695 χωρίσωμεν
674 2607 876 2694 αἰσθήσεως,
914 2614 1111 2696 φαντασίας,

99 2725 224 2808 πείρας,
240 2719 419 2806 ἐμπειρίας,
432 2717 560 2802 τέχνης,
573 2715 649 2805 περὶ
663 2714 813 2803 σχήματα
827 2719 979 2802 ἔχουσαν.
997 2716 1109 2804 ἐπειδὴ

47 2847 82 2898 25
102 2826 139 2894 δὲ
153 2823 195 2895 οό
209 2827 315 2912 μόνον
326 2822 400 2913 περὶ
417 2821 567 2910 σχήματα
582 2827 658 2910 ἔχει,
677 2819 760 2889 ἀλλὰ
775 2821 830 2889 καί
844 2821 919 2907 περὶ
934 2823 1112 2909 διαιρέσεις

101 2931 212 3000 αὐτῶν
239 2931 295 2999 καί
323 2931 513 3016 συνθέσεις,
541 2927 676 3009 εἰκότως
706 2929 838 2996 λεκτέον
863 2929 939 3016 περὶ
962 2929 1112 3015 σχήματα

100 3039 156 3107 καί
183 3042 224 3105 τὰ
250 3035 380 3105 τούτων
408 3035 518 3123 πάθη,
550 3035 673 3122 λόγους
698 3061 733 3103 τε
760 3034 815 3102 καί
848 3036 1025 3114 συνθέσεις
1055 3036 1111 3103 καί

102 3146 287 3232 διαιρέσεις.
332 3143 388 3212 καί
411 3134 508 3224 οὗτος
531 3141 592 3229 μέν
617 3141 695 3231 ὅρος
717 3146 775 3230 της
801 3148 1017 3230 γεωμετρίας,
1047 3140 1112 3228 την

102 3249 139 3317 δέ
165 3251 350 3336 γενομένην
374 3248 477 3336 αὐτῆς
499 3251 651 3317 ἐπίδοσιν
680 3250 805 3334 ἰστέον,
835 3245 880 3328 ῶς
903 3253 1045 3335 ἔφαμεν,
1075 3249 1111 3316 ἐν

175 3484 216 3534 18.
232 3473 263 3548 ἡ]
283 3482 456 3547 corruptum
475 3481 539 3534 fort.
559 3499 608 3541 τις.
680 3483 723 3534 21.
743 3475 874 3549 φθαρτά]
892 3473 1040 3546 ἄφθαρτα.
