2362 3796
121 136 187 199 348
266 135 422 189 sonom
440 136 479 187 m
496 133 772 187 ELEMENTORUM
788 134 929 187 LIBRUM
941 134 991 187 VI.

122 266 229 342 οὖσαν
266 286 288 361 ἦ
324 275 379 341 καὶ
417 279 493 362 δίχα
530 283 717 361 τμηθεῖσαν
753 276 801 354 είς
831 264 857 341 β
888 272 946 341 καὶ
975 264 1006 341 ὅ
1040 295 1138 361 παρα·

122 382 366 467 βεβλήσθωσαυ
389 386 491 449 πλείω
514 378 845 467 παραλληλόγραμμα
865 379 922 447 καὶ
945 382 1086 466 πρῶτον
1103 376 1139 446 τὸ

123 494 193 553 ΑΔ
225 484 290 554 άπὸ
323 490 381 573 τῆς
407 485 559 573 ἡμισείας
587 483 629 554 ὂν
655 490 716 571 τῆς
739 492 807 554 ΑΓ
833 484 1009 573 τεσσάρων
1039 482 1140 571 οὔσης

122 594 238 677 πηχῶν
271 588 316 671 ὡς
347 588 435 660 εἶναι
465 590 547 661 αὐτὸ
574 596 618 661 ι’ς.
664 591 838 659 ἐλλειπέτω
872 590 910 659 δὲ
942 594 1028 658 εῖδει
1060 612 1141 676 παρ-

88 695 389 788 σαλληλορράμμω
412 700 459 786 τῷ
480 705 546 766 ΔΒ
571 694 676 788 ὁμοίω
699 692 721 783 ἡ
741 700 871 784 μᾶλλον
888 699 934 789 τῷ
954 694 1049 789 αὐτῷ
1069 694 1142 763 ὄντι

122 807 167 892 τῷ
195 801 260 870 άπὸ
288 807 347 889 τῆς
373 802 525 891 ἡμισείας
551 807 610 889 τῆς
633 810 699 870 AB
727 800 863 883 εὐθείας
889 800 966 889 ἡτοι
992 803 1056 889 τὴς
1078 806 1141 870 ΓΒ

121 908 294 995 τεσσάρων
326 908 430 997 οὔσης
461 911 517 978 καὶ
548 905 652 994 αὐτῆς
682 912 799 995 πηχῶν
830 906 876 989 ὡς
904 905 991 977 εἶναι
1012 906 1081 975 ’καὶ
1103 902 1142 973 τὸ

123 1020 279 1101 ἔλλειμμα
304 1020 350 1085 ι’ἐ·
378 1013 436 1082 ἐὰν
458 1013 524 1101 γάρ
546 1012 758 1100 τετράγωνον
780 1010 842 1081 τὸν
864 1018 898 1084 ἴς
920 1009 1012 1099 παρὰ
1035 1011 1142 1098 τὸνῆ

122 1120 336 1205 παραβάλλω,
358 1119 405 1186 ἵν’
426 1112 447 1209 ἡ
471 1122 508 1189 τὸ
532 1118 615 1188 αὐτὸ
639 1118 763 1199 πλάτος
785 1130 847 1186 τοῦ
869 1145 905 1187 τε
924 1121 1140 1205 ἐλλείμματος

71 1250 104 1296 10
122 1224 178 1290 καὶ
214 1227 274 1290 τοῦ
311 1224 627 1311 παραβαλλομένου,
664 1224 733 1291 ἐπεὶ
769 1221 809 1291 τά
846 1234 869 1309 ἡ
904 1221 1059 1311 τετράκις
1093 1227 1139 1309 γί-

123 1354 239 1397 νονται
255 1320 312 1414 λβ,
335 1328 497 1417 φανερόν,
521 1328 572 1398 ὅτι
595 1331 737 1398 ἐλλείπει
761 1326 779 1397 ὁ
800 1333 833 1399 a}
853 1326 938 1417 πρὸς
955 1328 1020 1417 τὴν
1039 1354 1140 1418 παρα-

122 1432 228 1520 βολὴν
246 1438 292 1526 τῷ
313 1440 345 1507 a}
368 1443 414 1527 τῷ
438 1434 504 1504 άπὸ
521 1439 580 1523 τῆς
596 1434 749 1523 ἡμισείας
766 1433 1049 1527 ἀναγραφομένῳ.
1080 1433 1139 1504 τὸν

124 1540 164 1628 δὴ
180 1545 214 1612 ῖς
232 1541 404 1628 πρόκειται
423 1546 529 1623 δείξαι
547 1547 682 1628 μείζονα
700 1540 837 1610 πάντων
855 1550 925 1610 τῶν
938 1544 1030 1630 παρὰ
1045 1539 1139 1628 τὸνὴ

122 1649 430 1734 παραβαλλομένων
458 1648 514 1714 καὶ
537 1645 759 1715 ἐλλειπόντων
782 1650 885 1715 εἴδεσι
907 1645 1141 1736 τετραγώνοις,

73 1776 104 1825 ισ
123 1752 168 1821 ἵν’
194 1745 215 1841 ἡ
243 1755 299 1822 καὶ
327 1752 443 1840 ὅμοιος
469 1757 516 1845 τῷ
549 1751 613 1820 άπὸ
647 1757 706 1839 τὴς
733 1749 893 1839 ἡμισείας.
943 1751 1048 1821 πάλιν
1077 1742 1141 1820 οὖν

123 1861 392 1947 παραβεβλήσθω
415 1857 504 1948 παρά
527 1859 589 1945 τὴυ
612 1865 694 1944 ΑΒ,
727 1856 798 1945 ἡτις
826 1849 870 1945 ἡν
897 1862 1013 1947 πηχῶν
1035 1868 1073 1944 ἢ,
1102 1854 1159 1925 τὸ.

124 1974 155 2033 Α
162 1973 189 2032 Ζ
219 1965 582 2053 παραλληλόγραμμον,
612 1964 669 2031 καὶ
692 1966 867 2033 ἐλλειπέτω
895 1962 933 2032 τὸ
954 1969 1019 2030 ΑΖ
1049 1964 1140 2048 πρὸς

123 2071 185 2157 τὴν
209 2074 406 2158 παραβολὴν
430 2076 513 2140 τίθει
536 2069 641 2161 ὁμοίω
664 2074 710 2162 τῷ
734 2069 799 2138 άπὸ
819 2074 878 2156 τὴς
894 2068 1042 2157 ἡμισείας
1060 2065 1140 2153 ἡτοι

124 2178 330 2266 τετραγώνῳ.
366 2176 404 2243 τὸ
427 2179 468 2263 δὴ
488 2180 644 2245 τοιοῦτον
658 2173 749 2255 εἶδος
762 2173 783 2263 ἡ
797 2183 911 2263 μεῖζον
925 2181 1017 2243 ἔσται
1028 2177 1093 2243 τοῦ
1107 2179 1142 2246 a}

72 2307 105 2353 20
124 2278 145 2365 ἡ
165 2286 310 2349 ἔλαττον.
348 2278 388 2348 οὐ
407 2279 472 2367 γὰρ
492 2288 578 2366 ἴσον,
597 2284 655 2348 ἵνα
673 2281 718 2368 μὴ
738 2280 898 2367 λάθωμεν
911 2281 1014 2348 πάλιν
1031 2278 1093 2349 τὸν
1107 2285 1141 2352 ἴς

124 2383 401 2471 παραβάλλοντες.
451 2391 533 2453 ἔστω
565 2392 715 2456 ἔλαττον·
752 2390 922 2474 προσεχεῖς
949 2384 992 2473 δὴ
1021 2390 1082 2455 τοί
1108 2392 1141 2458 ἴς

125 2489 269 2559 ἐλάττων
301 2491 508 2578 τετράγωνος
539 2490 685 2579 άριθμός
717 2495 808 2563 ἐστιν
836 2484 911 2562 ὅθ.
961 2496 1047 2561 ἐστω
1076 2484 1142 2561 οὖν

125 2596 162 2666 τὸ
186 2602 343 2684 ἔλλειμμα
363 2589 404 2665 θ’
440 2597 563 2667 τούτου
591 2597 633 2685 δὴ
662 2602 722 2685 τῆς
746 2606 889 2687 πλευρᾶς
911 2602 973 2667 τοῦ
995 2604 1017 2685 ἡ
1042 2597 1142 2679 ὄντος

125 2705 180 2772 καὶ
202 2703 400 2784 τοσαυτάκις
422 2708 483 2771 τοῦ
502 2712 568 2771 AZ
590 2707 892 2792 παραβαλλομένου
914 2707 1004 2791 παρὰ
1026 2703 1088 2773 τὸν
1105 2716 1140 2791 ἡ,

72 2834 105 2882 ⁶25
125 2814 182 2879 ἵνα
204 2812 242 2879 τὸ
267 2808 348 2880 αὐτὸ
372 2810 495 2890 πλάτος
513 2802 534 2900 ἡ
553 2815 614 2878 τοῦ
632 2836 667 2878 τε
684 2812 986 2899 παραβαλλομένου
1004 2811 1142 2880 καὶτοῦ

126 2919 348 3005 ἐλλείμματος,
371 2916 493 2997 πόσιος
516 2913 558 2985 άν
577 2914 678 2996 άλλος
695 2914 840 3005 ἀριθμὸς
858 2916 990 3006 άρμόση
1008 2926 1054 3009 τῷ
1074 2924 1108 2984 Α
1114 2923 1143 2984 Ζ

47 3106 50 3110 ⁸
125 3019 146 3108 ἡ
171 3020 189 3091 ὁ
214 3029 257 3104 Q
295 3016 393 3104 οὗτος
415 3026 479 3111 γάρ
502 3023 574 3111 τρὶς
600 3021 689 3111 παρὰ
712 3022 774 3090 τὸν
796 3035 819 3109 η
845 3026 1142 3112 παραβαλλόμενος

128 3130 267 3197 ἐλλείπει
290 3128 373 3216 πρὸς
395 3127 456 3215 τὴν
480 3130 676 3215 παραβολὴν
699 3131 745 3220 τῷ
764 3119 804 3195 θ’
826 3129 897 3216 τρὶς
915 3128 979 3216 γάρ
997 3130 1038 3198 τὰ
1057 3134 1081 3216 ἡ
1098 3133 1142 3197 ιἰὃ

126 3240 288 3319 γίνονται.
334 3234 407 3303 ἀλλ’
432 3240 515 3303 ἔστω
539 3233 576 3302 τὸ
601 3240 757 3321 ἔλλειμμα
780 3240 907 3322 μεῖξον,
938 3232 983 3315 ὡς
1006 3235 1059 3303 ἐπὶ
1082 3238 1142 3320 τῆς

199 3397 223 3446 5.
246 3387 261 3460 ἡ
281 3394 398 3464 μᾶλλον]
421 3409 501 3448 enan.
521 3393 554 3448 V.
633 3398 675 3448 10.
696 3389 775 3467 ἐπεί]
795 3392 906 3464 scripsi,
925 3388 976 3448 ἐπί
990 3393 1024 3450 V.
1097 3399 1142 3448 22.

128 3459 277 3525 ἐλάττονος
294 3462 472 3534 τετραγώνου
490 3464 523 3519 V.
597 3470 641 3521 23.
660 3463 697 3534 δὴ
716 3466 783 3536 τὴςὴ
797 3464 865 3519 ίοιλ.
882 3465 940 3530 leg.
957 3464 1029 3530 βῆτα
1047 3462 1082 3518 V.
