2362 3796
90 140 133 203 24
457 139 658 194 ΣΤΟΙΧΕΙΩΝ
676 135 726 193 ιδ’.

89 277 156 348 ὑπὸ
180 287 252 366 ΒΘ,
271 287 348 348 ΑΗ
365 278 448 368 πρὸς
470 280 508 348 τὸ
532 277 599 349 ύιιὸ
619 287 740 366 ΔΗΑ,
764 279 871 360 ούτως
893 279 914 367 ή
935 289 998 348 ΒΘ
1020 280 1107 370 πρὸς

89 384 152 472 τήν
172 393 253 452 ΔΗ.
290 386 346 453 καὶ
370 383 415 465 ὡς
438 384 502 474 ύρα
527 385 657 454 δώδεκα
681 388 719 453 αἰ
734 393 796 453 ΘΒ
818 385 902 475 πρὸς
921 395 1025 454 εἰκοσι
1043 387 1106 469 τὰς

91 498 179 576 ΔΗ,
205 489 310 571 οὕτως
334 491 465 559 δύδεκα
488 491 684 577 τιεντύγωνα
707 489 790 579 τρὸς
813 500 918 560 εἰκοσι
941 497 1101 580 τρίγωνα,

91 599 262 664 τουτέστιν
285 595 305 684 ή
325 601 387 666 τού
407 599 640 685 δωδεκαέδρου
660 598 837 684 έτιφύνεια
856 596 940 683 πρὸς
957 598 1020 685 τήν
1037 605 1101 668 τοῦ

56 728 71 776 5
91 704 316 792 εἰκοσαέδρου.
352 710 412 771 καί
432 708 496 772 εἰσι
515 703 646 771 δώδεκα
664 703 725 790 μέν
744 707 782 772 αἰ
794 711 856 771 ΒΘ
875 704 955 772 δέκα
974 707 1012 772 αἰ
1024 713 1103 775 ΒΓ·

90 806 111 894 ἡ
136 809 197 894 μὲν
219 809 285 898 γὰρ
309 818 372 878 ΒΘ
393 815 453 896 τῆς
475 815 542 878 ΘΓ
560 813 629 878 ἐστι
647 814 828 897 πενταπλῆ,
852 808 873 896 ή
898 810 936 878 δέ
959 818 1026 880 ΒΓ
1043 817 1104 899 τής

90 922 157 984 ΘΓ
176 918 266 984 ἐστιν
290 917 422 1002 έξαττλή.
459 918 492 997 ἓξ
516 913 582 1004 ἄρα
606 918 643 983 αἰ
659 923 723 984 ΒΘ
746 925 814 983 ἶσαι
835 917 900 984 εἰσί
918 917 1016 985 πέντε
1031 933 1106 998 ταῖς

90 1027 160 1089 ΒΓ.
210 1022 266 1088 καί
297 1020 337 1088 τὰ
371 1020 530 1090 διιιλύσια
562 1023 608 1091 δέ.
662 1030 769 1090 εἰκοσι
789 1021 834 1090 ,δέ
863 1024 900 1089 αἰ
922 1030 1000 1090 ΛΗ
1023 1026 1104 1093 δέκα

92 1126 178 1194 εἰσὶν
205 1129 243 1192 αἰ
263 1133 353 1193 ΛΜ·
391 1131 491 1214 διπλῆ
519 1125 583 1216 γὰρ
612 1125 632 1215 ή
657 1137 736 1195 ΛΜ
760 1132 819 1214 τής
842 1136 924 1198 ΛΗ.
970 1127 1014 1209 ὡς
1037 1129 1104 1219 ύιρα

39 1256 73 1306 10
94 1232 174 1298 δέκα
197 1233 235 1298 αἰ
256 1238 321 1299 ΒΓ
339 1230 421 1320 πρὸς
444 1234 524 1300 δέκα
547 1232 607 1312 τὰς
630 1241 722 1320 ΛΜ,
745 1232 852 1314 οὕτως
874 1232 895 1320 ἡ
918 1239 979 1304 τού
1003 1240 1105 1306 δωδε·

91 1337 236 1424 καέδρον
268 1337 446 1424 έκιφύνεια
477 1337 561 1425 πρὸς
592 1337 654 1426 τήν
685 1343 747 1407 τού
785 1342 1002 1428 εἰκοσαέδρου
1035 1345 1104 1411 ἐπι-

91 1442 246 1529 φάνειαν.
291 1448 350 1510 καί
375 1445 465 1512 ἐστιν
490 1441 511 1531 ή
535 1444 597 1531 μὲν
620 1450 686 1512 ΒΓ
705 1443 726 1532 ἡ
749 1450 810 1514 τού
833 1446 941 1533 κύβου
964 1449 1102 1536 πλευρά,

91 1549 112 1635 ή
145 1549 184 1617 δὲ
211 1557 295 1617 ΔΜ
322 1546 343 1635 ή
376 1553 436 1619 τού
469 1552 693 1635 εἰκοσαέδρου.
739 1554 795 1620 καὶ
824 1549 869 1632 ὡς
897 1551 963 1641 ύρα
981 1552 1010 1638 ή
1040 1559 1105 1621 τοῦ

92 1657 326 1743 δωδεκαέδρου
365 1656 542 1744 έκιφύνεια
578 1656 662 1746 πρὸς
695 1656 758 1745 τήν
789 1661 850 1726 τού
888 1660 1104 1744 εἰκοσαέδρου

38 1788 72 1837 15
92 1762 300 1850 ἐπιφάνειαν,
326 1761 473 1852 ούτωςή
500 1771 567 1832 ΒΓ
587 1762 670 1853 πρὸς
692 1762 754 1851 τήν
777 1772 865 1850 ΛΜ,
888 1767 1059 1833 τουτέστιν
1082 1763 1103 1853 ή

41 1898 44 1905 ’
90 1872 152 1936 τού
174 1869 282 1956 κύβου
299 1871 426 1959 πλευρὰ
446 1868 529 1956 πρὸς
546 1869 610 1957 τήν
628 1881 689 1938 τοῦ
707 1872 924 1958 εἰκοσαέδρου
946 1870 1104 1958 πλευράν.

158 1977 318 2044 Δεικτέον
342 1975 400 2062 δή,
429 1972 480 2042 ὅτι
507 1977 563 2043 καὶ
587 1973 723 2054 εὐθείας
750 1978 998 2062 οἰασδηποτούν
1025 2001 1103 2063 τμη·

91 2086 208 2167 θείσης
232 2080 336 2169 ἄκρον
359 2080 414 2146 καὶ
437 2081 541 2166 μέσον
569 2079 688 2165 λόγου,
717 2076 761 2160 ὡς
789 2085 853 2167 ἔχει
881 2079 900 2168 ή
934 2084 1103 2169 δυναμένη

91 2184 128 2252 τὸ
157 2184 222 2253 ἀπὸ
250 2189 308 2270 τῆς
331 2182 412 2270 ὅλης
438 2184 494 2251 καί
521 2183 559 2251 τὸ
588 2183 653 2251 ἀπὸ
681 2194 743 2252 τοῦ
766 2191 917 2270 μείζονος
939 2188 1106 2275 τμήματος

40 2318 75 2367 20
93 2289 176 2377 πρὸς
199 2288 260 2374 τήν
285 2291 477 2376 δυναμένην
500 2291 537 2358 τὸ
561 2287 627 2358 ἀπὸ
650 2295 708 2377 τής
732 2289 811 2377 ὅλης
829 2291 883 2359 καὶ
901 2290 939 2359 τδ
959 2292 1024 2362 ἀπὸ
1044 2304 1106 2363 τοῦ

93 2393 274 2473 ἐλάσσονος
300 2396 481 2481 τμήματος,
514 2406 636 2462 τοῦτον
669 2401 735 2482 ἔχει
767 2397 827 2464 τὸν
860 2398 962 2481 λόγον
994 2397 1015 2484 ή
1044 2405 1106 2468 τού

92 2500 201 2586 κύβου
224 2499 350 2589 πλευρὰ
374 2499 459 2589 πρὸς
480 2500 542 2587 τὴν
565 2506 626 2569 τού
650 2506 867 2591 εἰκοσαέδρου
889 2500 1046 2586 πλευράν.

160 2612 242 2675 ἔστω
258 2605 275 2674 ὁ
291 2607 550 2695 περιλαμβάνων
563 2609 685 2688 κύκλος
699 2607 737 2677 τό
748 2634 782 2676 τε
796 2611 857 2676 τοῦ
871 2609 1106 2695 δωδεκαέδρου

91 2713 308 2800 κεντύγωνον
330 2715 386 2782 καί
409 2714 446 2784 τδ
471 2726 534 2783 τοῦ
552 2717 769 2803 εἰκοσαέδρου
787 2720 953 2805 τρίγωνον
971 2725 1040 2782 τῶν
1059 2720 1107 2796 εἰς

39 2847 73 2896 25
92 2821 154 2910 τήν
169 2819 273 2910 αύτήν
288 2836 438 2909 σφαῖραν
452 2824 713 2911 ἐγγραφομένων
728 2820 868 2908 ὁΑΘΒ,
881 2822 938 2892 καί
952 2821 1106 2910 εἰλήφθω

167 2990 190 3036 1.
209 2980 283 3054 ὑπό]
303 2983 373 3053 (alt.)
391 3000 428 3037 m.
449 2987 465 3036 2
485 2981 517 3038 V.
600 2985 702 3054 ΔΗΑ]
723 2987 796 3051 ΔΗ,
816 2987 871 3037 ΗΑ
894 3001 912 3038 v
932 2982 1104 3036 θύων.

130 3051 234 3123 ούτως]
255 3071 308 3108 om.
328 3052 441 3107 PBVv.
523 3060 548 3110 2.
567 3050 635 3126 τήν]
655 3072 709 3111 om.
729 3052 843 3110 PBVv.
929 3049 1057 3122 δώδεκα]
1077 3052 1106 3122 ιβ

184 3140 218 3265 ε
235 3127 275 3248 α
387 3124 468 3248 ιν
488 3126 541 3179 ν
559 3125 758 3267 νινε
781 3131 805 3248 ι
826 3120 1107 3264 νινιιιιι

150 3213 201 3248 &W
276 3215 313 3249 κα
352 3215 364 3249 ἓ
447 3213 473 3250 V.
583 3237 589 3248 .
809 3239 814 3251 .
924 3235 930 3248 ι

93 3264 242 3319 Friedlein.
299 3261 385 3335 ἔστιν]
401 3281 455 3320 om.
470 3265 581 3321 PBVv.
633 3265 675 3337 ἕξ]
691 3269 719 3339 ῑβ
733 3266 767 3335 V,
783 3264 895 3322 δώδεκα
908 3265 989 3320 PBv.
1041 3262 1105 3335 εἰσι]

94 3333 165 3389 εἰσιν
185 3334 244 3399 ΡΒ,
264 3333 335 3389 εἰσίν
354 3337 408 3390 εἰσι
426 3355 452 3390 v.
517 3334 614 3407 πέντε]
634 3337 705 3391 δέκα
723 3337 838 3392 PBVv.
903 3342 928 3392 8.
946 3336 998 3389 καί
1010 3365 1045 3375 -
1060 3332 1091 3388 δέ

95 3420 148 3459 om.
164 3404 276 3496 PIJVv.
350 3408 452 3478 εἰκοσι]
472 3403 506 3461 αἰ
522 3410 613 3462 εἰκοσι
629 3408 667 3462 Μ.
704 3406 787 3498 ‘affl
806 3403 824 3477 ἡ
845 3406 957 3462 PBVv.
1022 3404 1093 3459 δέκα

98 3472 130 3529 δὲ
150 3495 199 3529 και
218 3474 277 3530 ΡΒ.
352 3483 376 3531 9.
396 3476 478 3549 εἰσίν]
498 3494 552 3534 om.
570 3478 601 3534 B.
674 3478 740 3550 γαρ]
760 3497 816 3547 αρα
834 3477 888 3533 Bv.
963 3481 1004 3530 10.
1024 3474 1094 3529 δέκα
