2362 3796
232 182 388 234 scnomA
405 183 445 235 IN
463 181 737 233 ELEMENTORUM
755 182 895 234 LIBRUM
909 183 941 236 V.
1033 179 1098 244 293

82 321 157 409 ἤτοι
180 320 258 410 μεθ’
284 323 407 390 ἑαυτοῦ
434 319 494 389 τὸν
521 325 591 389 τῶν
613 319 727 404 ἄκρων
750 318 972 407 ἀπογεγνήσει
996 321 1098 407 λόγον

81 427 143 496 τὸν
165 426 440 515 τετραπλασίονα,
463 428 519 494 καὶ
542 432 633 496 ἔσται
657 426 675 494 6
699 431 767 496 τῶν
791 426 904 514 ἄκρων
927 426 1027 513 λόγος
1050 431 1098 494 δι-

82 533 223 613 πλάσιος
245 531 328 621 πρὸς
349 532 411 602 τὸν
434 537 495 602 τοῦ
518 532 552 601 α’
575 531 660 618 πρός
682 532 741 601 τὸν
765 535 878 620 μέσον.
977 587 979 591 -

151 643 203 708 31.
233 638 344 708 Ἔστω
373 637 391 707 6
421 645 454 710 ιῖ
481 637 500 708 6
527 643 551 726 ἦ
576 640 632 707 καὶ
656 631 693 726 6,
725 637 832 726 ἤγουν
856 645 889 711 ῖς
916 639 1021 725 τὸνῆ
1049 639 1100 717 δὶς

83 749 237 833 περιέχει,
260 745 320 815 τὸν
344 744 383 813 δὲ
405 737 427 814 6
449 745 608 834 τετράκις.
654 747 706 826 δὶς
730 736 793 813 οὖν
813 750 999 813 διπλασίων
1024 742 1042 812 6
1067 749 1099 815 ῐξ
1135 763 1150 812 5

84 857 146 921 τοῦ
163 843 187 920 6
205 851 289 940 ἤπερ
307 857 369 920 τοῦ
388 865 425 940 ἦ·
448 852 535 934 ἅπαξ
553 850 619 938 γὰρ
638 855 699 920 τοῦ
717 863 753 937 ἣ·
776 856 841 938 ἔχει
859 850 923 938 γὰρ
939 850 957 919 6
972 857 1006 922 ῖς
1024 853 1064 918 τὰ
1080 842 1101 916 6

86 959 139 1039 δὶς
160 959 216 1026 καὶ
238 957 341 1026 πόλιν
365 962 425 1037 δίς.

140 1068 205 1133 32.
239 1058 323 1132 Οἷον
342 1061 360 1132 6
381 1069 414 1135 ἴς
438 1064 514 1152 οὐχὶ
531 1067 738 1152 τριπλαόίων
758 1064 827 1132 ἐστὶ
844 1063 927 1151 πρὸς
945 1060 1005 1131 τὸν
1024 1063 1101 1131 δύο·

85 1168 317 1240 ὀκταπλασίαν
339 1170 418 1257 γάρ·
451 1168 525 1237 ἄλλ’
546 1177 612 1258 ἔχει
635 1173 720 1256 πρὸς
742 1166 847 1238 αὐτόν
870 1169 1020 1257 τρισόιιις
1041 1168 1102 1236 τὸν

48 1329 50 1332 >
87 1280 288 1345 διπλασίονα
306 1277 410 1364 λόγον
430 1277 487 1344 διὰ
507 1279 611 1364 μέσον
628 1281 690 1351 τοῦ
705 1275 790 1345 όκτιό
805 1277 935 1344 καὶτοῦ
949 1279 1102 1361 τέσσαρα.
1122 1295 1155 1344 1ο

87 1385 140 1463 δὶς
166 1382 230 1470 γὰρ
261 1383 323 1452 δύο
351 1386 510 1468 τέσσαρα·
548 1381 625 1451 ἰδοὺ
653 1380 671 1450 6
700 1384 753 1462 δὶς
779 1380 886 1468 λόγος.
932 1380 1017 1462 ἅπαξ
1051 1382 1103 1460 δὶς

87 1491 233 1577 τέσσαρα
261 1489 359 1559 ὀκτώ·
402 1490 479 1557 ἰδοὺ
507 1487 525 1558 6
554 1491 606 1568 δὶς
634 1488 734 1575 λόγος
762 1493 844 1569 (λίς.ι
868 1489 920 1566 δὶς
947 1485 1031 1554 ὀκτὼ
1057 1493 1104 1558 ιζ·

90 1595 168 1662 ἰδοὺ
192 1592 209 1662 6
235 1597 287 1675 δὶς
308 1599 408 1682 λόγος
431 1594 580 1681 τρισόκις
602 1597 659 1662 καὶ
682 1596 765 1681 ἑξῆς.

156 1705 208 1769 33.
246 1695 329 1769 Οἷον
358 1701 419 1770 ἐὰν
448 1707 503 1790 ἔχῃ
532 1699 570 1770 τὸ
598 1705 732 1787 πρῶτον
763 1702 846 1787 πρὸς
872 1699 911 1767 τὸ
944 1697 1103 1784 δεύτερον

91 1811 291 1875 διπλασίονα
319 1807 438 1893 λόγον,
469 1808 507 1877 τὸ
532 1811 667 1893 πρῶτον
695 1804 777 1893 πρὸς
799 1805 837 1872 τὸ
860 1806 1016 1889 τέταρτον
1041 1806 1104 1884 ἕξει
1124 1823 1156 1872 1ο

87 1915 160 2002 τρὶς
181 1913 242 1982 τόν
266 1910 371 1980 αὐτὸν
393 1912 498 1998 λόγον
526 1916 603 1999 τοῦ,
629 1909 672 1980 όν
701 1910 831 1999 ἔχει’τὸ
860 1914 994 1998 πρῶτον
1021 1908 1105 1996 πρὸς

70 2018 127 2104 ,τὸ
147 2019 319 2103 δεύτερον,
339 2013 414 2086 οἷον
430 2020 483 2098 δὶς
497 2018 560 2087 δύο
575 2023 639 2098 δίς·
663 2019 736 2105 τρὶς
752 2016 818 2105 γὰρ
838 2021 903 2104 ἔχει
921 2016 982 2084 τὸν
1000 2015 1104 2100 λόγον

90 2130 151 2193 τοῦ
171 2125 307 2210 πρώτον
321 2118 409 2210 ’πρὸς
426 2122 464 2192 τὸ
483 2122 653 2212 δεύτερον.
694 2123 753 2192 ἐὰν
778 2123 816 2191 δὲ
839 2128 896 2211 ἔχῃ
914 2121 953 2191 τὸ
971 2125 1106 2209 πρῶτον

55 2258 57 2262 ’
91 2229 174 2316 πρὸς
196 2228 233 2297 τὸ
260 2228 420 2315 δεύτερον
436 2236 655 2317 τριπλασίονα
674 2230 789 2317 λόγον,
813 2227 1005 2316 τὸπρῶτον
1023 2229 1106 2314 πρὸς

91 2334 129 2402 τὸ
150 2338 306 2423 τέταρτον
320 2337 391 2424 τρὶς
404 2335 465 2404 τὸν
480 2334 585 2405 αὐτόν
600 2340 751 2424 ἔχειτοῦ,
771 2332 812 2404 ὃν
831 2340 896 2423 ἔχει
915 2334 953 2402 τὸ
972 2337 1106 2432 πρῶτον
1124 2356 1159 2405 20

166 2535 207 2585 31.
227 2547 253 2598 q.
340 2530 473 2598 32.V1q.
560 2537 602 2585 33.
622 2529 709 2600 V⁸qfl
724 2529 760 2598 (A
775 2529 883 2598 Coinl.);
902 2530 932 2584 in
949 2528 976 2582 V
994 2529 1058 2583 add.
1077 2526 1107 2582 in

96 2599 162 2654 fine:
191 2599 267 2669 ζήτει
290 2599 322 2656 τὸ
347 2600 458 2670 σγόλιον
476 2607 561 2656 τοῦτο
581 2598 686 2656 ὄπιθεν
705 2595 769 2654 κατ’
790 2597 881 2669 ἀρχὰς
896 2601 947 2654 τοῦ
967 2596 1107 2667 παρόντος

96 2672 217 2741 βιβλίονς
245 2673 275 2724 ολ
296 2671 372 2727 idem
393 2672 531 2728 scholium
550 2690 567 2727 a
585 2688 670 2726 manu
687 2671 729 2725 V*
749 2671 855 2740 legitur
871 2671 945 2724 inter
962 2670 1049 2724 libros
1068 2666 1108 2720 IV
1144 2704 1148 2711 -

97 2743 127 2796 ει
144 2740 170 2794 V
190 2741 321 2808 (intextu
336 2743 435 2798 eodem
450 2742 563 2813 locos),
582 2759 646 2796 cum
664 2742 708 2796 his
722 2741 909 2809 uariantibus:
934 2745 976 2795 14.
996 2736 1059 2794 οἷόν
1072 2757 1107 2793 τι.

98 2836 140 2884 16.
156 2835 231 2896 τρεῖς
246 2829 329 2885 etsie
343 2847 517 2901 ιειοροτρτο
531 2833 598 2899 τρίς.
636 2835 679 2885 18.
698 2827 769 2898 πρὸς
783 2827 841 2884 τόν.
878 2849 906 2898 p.
921 2834 982 2896 294,
997 2832 1022 2883 8.
1037 2817 1107 2897 66]

95 2899 145 2953 καὶ
164 2908 187 2954 ἓ.
224 2900 418 2956 additamenta
435 2901 464 2956 in
483 2902 531 2956 Ab
549 2918 606 2956 non
623 2901 744 2970 habent,
767 2902 816 2955 sed
838 2899 919 2953 initio
938 2898 1001 2952 add.
1021 2897 1109 2952 uerba

96 2969 268 3026 definitionis
288 2971 379 3041 (εἴπερ
396 2989 448 3041 pro
466 2969 560 3042 ἥπερ).

169 3171 193 3221 8.
214 3163 275 3220 οἷον
291 3196 324 3205 -
340 3164 407 3238 δύο]
428 3161 465 3228 ὡς
483 3162 498 3222 6
519 3173 547 3226 ῑξ
565 3166 634 3233 πρὸς
652 3159 746 3239 16116·
771 3156 920 3235 οὖτοςγόιρ
935 3161 1005 3232 πρὸς
1020 3158 1110 3218 αὐτόν

98 3232 163 3306 οὐχὶ
181 3238 352 3304 τριπλασίων
371 3232 433 3292 ἔστί
447 3237 482 3294 V.
559 3244 584 3292 9.
603 3233 745 3305 τρισσᾶαις
762 3236 796 3292 V.
876 3242 918 3290 10.
938 3235 1056 3289 διπλοῦν
1074 3231 1108 3288 V.

136 3314 176 3362 12.
197 3308 240 3369 δὶς
260 3303 331 3361 ὀκτώ
352 3309 392 3380 ἦ]
416 3305 530 3378 ἐλήφθη
548 3305 699 3376 όὶςὸῆῑέ
717 3309 752 3361 V.
808 3313 850 3362 13.
871 3303 947 3393 ἑξῆς]
968 3302 1065 3372 ἕξόιιις
1083 3322 1110 3373 q.
1167 3304 1173 3313 '

20 3404 24 3409 ·
136 3385 177 3433 14.
197 3372 260 3432 οἷόν
279 3398 306 3432 τι
323 3379 358 3435 V.
451 3386 493 3434 16.
512 3379 581 3451 τοῦ]
600 3380 638 3452 τῷ
657 3395 684 3446 q.
775 3371 996 3460 πρὸς,το]πρός
1014 3375 1065 3430 τότ
1104 3416 1113 3429 .
1174 3430 1176 3435 ,

99 3491 101 3495 ,
135 3455 177 3503 17.
201 3449 269 3504 Post
291 3450 340 3506 alt.
361 3453 405 3514 ἃλς
428 3451 482 3506 del.
501 3447 637 3521 δεύτερον
664 3447 715 3507 ἐὰν
741 3446 775 3504 δὲ
798 3444 1052 3528 mmmmm-a
1070 3391 1136 3519 ᾧ(

97 3515 149 3572 τόν
168 3515 256 3572 αὐτόν
269 3516 327 3588 ἔχει
347 3542 371 3592 q.
449 3529 492 3579 19.
511 3525 652 3595 τριπλοῦν
673 3543 702 3594 q.
776 3526 828 3574 Ἃ).
845 3512 1001 3586 11111ωῆ
1012 3508 1115 3570 “1³⁸⁸''
