2362 3796
74 113 94 168 0
357 113 627 165 PROLEGOMENA
646 112 798 166 CRITICA.

70 255 197 320 uocatur,
217 271 232 308 e
250 253 376 308 fontibus
391 252 506 308 Graecis
521 260 537 306 4
555 251 688 323 operibus
702 252 802 306 Latino
821 251 919 306 edidit.
949 251 998 305 sed
1014 267 1089 322 quae

73 332 104 386 in
118 332 198 388 codd.
212 331 342 402 plurimis
356 348 429 386 nunc
443 332 532 386 fertur
546 332 702 402 geometria
716 331 817 398 Boetii,
832 347 867 385 ne
880 330 949 385 talis
964 330 1089 401 quidem,

74 411 167 482 qualis
185 430 203 467 a
220 410 390 467 Friedleinio
410 428 425 465 e
444 410 505 466 cod.
523 411 693 481 Erlangensi
711 418 764 468 888
784 431 804 467 s.
822 411 862 466 XI
881 410 959 466 edita
979 410 1022 464 est
1040 412 1090 479 (de

73 493 152 549 codd.
167 490 345 561 interpolatis
364 509 392 546 u.
406 492 503 546 Itoem.
518 491 694 546 Eeldmesser
711 492 765 560 Ip.
776 496 827 545 3⁷⁷
839 509 889 560 sq
907 489 975 558 IIp.
987 494 1021 543 64
1032 507 1090 560 sq

71 590 100 642 p.
115 579 149 628 79
163 573 222 643 sq),
242 588 260 625 a
277 568 378 625 Boetio
397 570 523 640 profecte
542 572 594 640 est,
615 571 665 626 sed
680 586 752 625 saec.
767 571 806 623 XI
824 587 859 624 ex
872 569 998 624 fontibus
1014 586 1092 624 com·

71 651 199 723 pluribus
214 651 389 720 conflata(u.
399 649 602 712 Weissenborn
616 649 787 711 Abhaudln
789 648 909 704 ..Gesch
926 648 1051 703 death
1062 649 1090 704 II

71 751 99 803 p.
119 738 170 787 186
186 750 239 802 sq
269 732 318 786 cfr.
343 746 415 801 quae
444 728 504 784 dixi
530 728 669 799 Philolog.
694 727 784 783 XLIII
809 747 837 798 p.
857 734 909 783 607
926 729 991 797 sq..)
1038 730 1091 784 sed
1115 735 1118 740 '

72 827 243 880 quamquam
266 812 321 866 hoc
344 826 413 879 opus
436 812 467 864 et
489 825 586 864 recens
611 811 654 864 est
678 809 707 861 et
725 806 967 863 mendosissime'
958 825 987 860 ιιι
1007 805 1091 864 codd.

73 890 221 960 scriptum,
248 891 346 944 tamen
369 887 492 958 uestigia
514 890 579 942 sunt
603 888 757 958 scripturae
784 888 874 942 bonae
903 889 933 942 ot
956 886 1090 956 antiquae

71 969 257 1040 (glossemata
276 969 306 1022 in
324 968 338 1021 I
358 968 412 1023 def.
429 973 462 1022 16
481 986 508 1037 p.
523 973 548 1035 4,
569 973 674 1022 10-18
695 984 759 1037 om,
777 965 847 1022 item
864 967 915 1022 τοῦ
934 963 1040 1021 κύκλου
1060 968 1092 1020 et

73 1049 128 1104 def.
148 1048 288 1118 segmenti
305 1065 334 1117 p.
349 1055 375 1118 6,
391 1054 419 1113 13
439 1048 453 1101 Ι
470 1066 497 1118 p.
513 1054 538 1115 6,
552 1053 578 1113 6,
589 1054 621 1114 6;
640 1053 666 1118 8,
681 1054 706 1116 8,
718 1053 750 1103 17
770 1046 806 1102 al.
825 1064 888 1101 cum
907 1045 1007 1102 Proclo
1025 1063 1091 1100 con·

74 1129 174 1194 sentit3
193 1129 316 1197 quinque
331 1126 478 1198 postulata
492 1127 521 1182 et
534 1125 591 1180 tria
606 1126 749 1183 axiomata
762 1127 824 1182 sola
837 1127 976 1196 habet).*)
1004 1142 1090 1195 quam

72 1208 147 1261 unde
165 1206 283 1274 habeat,
308 1207 455 1261 nescimus.
494 1207 544 1260 sed
567 1208 621 1262 hoc
640 1207 764 1274 constat,
787 1205 935 1262 falsarium
954 1205 1091 1274 interpre-

72 1286 211 1341 tationem
224 1285 355 1341 Latinam
365 1286 576 1341 Elementorum
592 1285 733 1356 habuisse,
747 1287 821 1342 unde
835 1287 856 1357 I,
873 1294 942 1342 1-3
957 1288 1092 1358 petiuerit

74 1367 113 1434 (p.
127 1369 268 1420 390—393
288 1365 331 1422 ed.
350 1364 512 1436 Friedlein).
540 1367 570 1420 et
586 1364 848 1435 interpretationem
867 1367 998 1421 Latinam
1018 1383 1091 1423 saec.

73 1443 175 1499 X-XI
188 1443 339 1513 exstitisse,
357 1444 483 1500 ostendit
496 1443 705 1500 Maximilianus
720 1445 820 1501 Ourtze
834 1445 965 1515 (Bursian
978 1445 1091 1501 Jahres·

75 1521 202 1578 berichte
232 1528 301 1578 1884
328 1542 356 1593 p.
386 1529 434 1591 193
467 1524 517 1578 cfr.
546 1541 618 1593 quae
646 1525 680 1580 de
708 1526 769 1581 cod.
797 1526 905 1581 Monac.
936 1531 987 1579 660
1015 1524 1090 1578 dixit

73 1603 214 1659 Friedlein
228 1603 307 1660 Boot.
322 1622 350 1673 p.
366 1604 488 1675 616).**)
506 1605 559 1659 hac
574 1603 807 1674 interpretatione
822 1602 947 1659 Ourtnus
961 1617 1009 1656 eos
1024 1618 1089 1656 usos

73 1700 135 1744 esse
154 1682 306 1752 contendit,
327 1684 375 1753 qui
393 1684 640 1753 interpretationes
660 1685 753 1740 medio
772 1702 843 1741 aeno
861 1681 1010 1752 usurpatas
1025 1695 1090 1736 con-

73 1763 208 1833 fecerunt,
218 1764 395 1820 Adelhardus
406 1765 436 1818 et
445 1763 610 1834 Campanus.
630 1765 682 1820 hos
693 1765 777 1835 uiros,
787 1763 812 1819 si
821 1779 960 1819 summam
970 1763 1091 1832 spectes,

74 1860 90 1897 e
109 1842 187 1898 fonto
205 1841 326 1898 Arabico
345 1843 492 1899 Elementa
510 1843 710 1913 interpretatos
729 1861 799 1913 esse,
822 1845 870 1899 uel
893 1861 927 1899 ex
944 1842 1092 1897 uocabulis

74 1922 202 1978 Arabicis
226 1923 302 1993 apud
324 1940 372 1979 eos
396 1923 487 1978 obuiis
510 1940 561 1993 pro
585 1925 662 1979 certo
686 1924 815 1979 concludi
839 1924 935 1994 potest
957 1921 1093 1992 (Studien

75 2019 104 2071 p.
125 2001 260 2072 178)***),
291 2004 341 2058 sed
362 2019 434 2072 quae
457 2001 531 2058 ratio
549 2001 624 2058 inter
642 2018 689 2058 eos
707 2003 878 2071 intercedat,
901 2001 1025 2057 nondum
1045 2017 1092 2055 ex-

78 2082 221 2152 ploratum
239 2083 295 2147 est3
323 2099 414 2149 neque
438 2082 513 2138 onim
534 2082 677 2139 sententia
695 2082 917 2138 Weissenbornii
937 2081 1093 2152 (Abhandl.

78 2183 100 2217 z.
120 2162 218 2219 Gesch.
238 2163 263 2216 d.
284 2161 373 2216 Math.
392 2161 419 2214 11
436 2180 463 2231 p.
484 2166 533 2215 141
545 2164 597 2233 sq.)
616 2161 731 2232 probari
749 2162 851 2232 potest,
869 2164 1022 2230 utrumque
1042 2178 1092 2215 suo

75 2245 166 2297 Marte
184 2241 332 2296 Elementa
351 2259 384 2297 ex
402 2240 523 2297 Arabico
542 2243 731 2300 transtulisse.
762 2241 850 2297 immo
868 2241 912 2296 ita
931 2258 961 2296 se
980 2258 1025 2296 res
1043 2243 1093 2295 ha·

76 2322 143 2376 bere
156 2321 276 2389 uidetur,
294 2321 327 2375 ut
340 2321 371 2374 in
384 2322 464 2376 codd.
480 2323 686 2394 quibusdam†)
702 2321 885 2392 significatur,
900 2319 1094 2376 adelhardum

151 2503 178 2575 ²⁸⁸)
197 2506 342 2561 Boetius'
334 2524 395 2576 ipse
419 2507 520 2564 axiom.
540 2515 556 2563 6
579 2460 609 2564 et
632 2515 648 2564 9
673 2509 755 2564 nouit
777 2506 908 2578 (Arithm
928 2525 955 2576 p.
975 2512 1023 2574 91,
1047 2523 1092 2575 op.

76 2595 104 2647 p.
125 2578 201 2645 166),
221 2576 307 2632 Ides.
328 2584 362 2632 14
380 2582 436 2648 (op.
455 2598 483 2649 p.
504 2583 575 2650 181),
596 2580 650 2635 def.
669 2586 686 2634 8
706 2581 762 2650 (op.
781 2597 808 2648 p
829 2579 904 2646 145),
925 2575 979 2631 det.
999 2579 1094 2646 8(op.

79 2667 106 2720 p.
120 2650 191 2719 146),
211 2648 264 2704 def
281 2654 297 2701 6
316 2653 371 2719 (op
386 2669 413 2720 p.
425 2652 496 2720 146),
516 2651 571 2705 def.
589 2657 621 2705 16
640 2649 710 2722 (sine
729 2648 920 2720 glossematis)
939 2649 969 2702 et
986 2645 1042 2701 def.
1058 2653 1093 2702 88

77 2725 133 2791 (op
135 2719 385 2860 *bdbdbseeittridm
403 2790 496 2846 Boetii
518 2791 646 2846 continet
668 2790 754 2846 etiam
774 2790 836 2846 cod.
854 2787 1002 2844 Harleian.
1022 2794 1092 2844 6696

77 2863 254 3003 fOIl‘'iilisUloi
274 2932 410 3019 scriptum
429 2932 566 3014 oportuit:
594 2933 749 3019 helmuayn
772 2927 888 3003 ῥόμβος,
913 2928 1014 2985 similis
1033 2930 1094 2985 hel·

79 3022 183 3074 muayn
202 2999 379 3075 ῥομβοειδης,
398 3002 595 3084 helmuaripha
612 3001 773 3073 τραπέζιον.

15 3120 20 3130 .
150 3076 180 3144 †)
199 3075 284 3129 Uelut
298 3074 358 3130 cod.
372 3072 516 3129 Harleian.
532 3080 614 3129 6404·
634 3090 685 3144 per
698 3072 889 3127 Adelhardum
906 3073 1097 3127 Batonensem

82 3162 115 3199 ex
136 3144 276 3200 arabico
267 3164 298 3199 m
316 3145 366 3199 lat.
385 3147 525 3215 translat,
543 3146 620 3200 Har]
641 3149 711 3199 6866
730 3161 766 3198 m.
785 3160 854 3198 rec:
878 3143 951 3200 liber
970 3142 1097 3200 Euclidis

80 3225 140 3344 ffiry
181 3240 245 3278 uem
273 3226 366 3279 transt
355 3224 421 3279 tulit
448 3224 597 3280 adelardus
620 3221 796 3279 betuniensis
823 3224 858 3278 de
882 3222 994 3279 arab.
984 3241 1015 3276 ιιι
1038 3222 1097 3291 lat,

112 3309 152 3349 us
190 3295 235 3351 rit.
250 3294 314 3351 add.
330 3301 431 3351 88783ι
452 3298 565 3366 gteome
566 3295 608 3350 ria
622 3292 748 3349 Euclidis
762 3310 826 3349 cum
841 3297 1000 3378 commento
1016 3293 1096 3349 Cem-

81 3363 289 3492 ιιιιι
296 3315 731 3506 ιιιέιιι
