2362 3796
153 235 155 239 .
231 165 388 217 SOHOLIA
406 166 444 218 IN
462 165 737 218 ELEMENTORUM
754 167 893 217 LIBRUM
907 168 940 220 X.
1021 164 1086 228 427

53 301 159 377 ,ἄλλα
182 304 386 392 πηλικότητα
408 305 553 392 πῆχεως;
586 301 607 391 ῆ
627 305 740 392 ἐπειδὴ
760 303 800 374 τδι
819 308 921 392 μέτρα
939 306 1033 373 θέσει
1053 308 1086 386 ἐξ

74 409 170 498 ῆμῶν
194 409 307 480 αὐτῶν
330 411 534 498 λαμβάνεται
557 410 674 480 καὶού
697 411 808 498 φύσει,
832 412 887 479 καὶ
911 410 999 491 είκός
1017 414 1085 480 ἐστι

75 513 154 603 παρ’
175 514 267 604 ῆμῖν,
291 521 322 586 εί
339 516 446 598 οὕτως
468 522 572 605 ἔτυχε,
594 515 656 586 τὸν
678 528 788 604 πῆχυν
812 518 891 585 δέκα
910 516 1085 585 δακτύλων

75 621 173 708 εἶναι,
196 621 274 713 παρ’
296 622 411 702 ἄλλοις
435 623 472 692 δέ
496 617 570 692 οἷον
583 621 710 704 Ἴνδοις
733 622 818 692 ὀκτιδ
838 625 1011 692 δακτύλων
1029 619 1095 692 καί

74 728 153 816 παρ’
167 728 281 811 ἄλλοις
294 728 417 817 ἄλλων,
433 728 490 802 διδι
505 733 604 798 τοῦτο
619 729 810 817 πρόσκειται
821 727 859 797 τὸ
870 735 942 798 δεῖν
953 734 1085 817 αίτῆσαι
1122 755 1137 804 5

73 839 276 924 πηλικότητα
302 835 444 923 πῆχεως,
473 833 519 916 ὥς
546 839 576 904 εί
604 838 772 922 ἐλέγομεν·
810 839 864 904 δεῖ
885 842 1000 923 λαβεῖν
1024 838 1084 923 τῆν

72 943 276 1029 πηλικότητα
303 946 365 1011 τοῦ
391 942 521 1030 πῆχεως
547 940 753 1029 ὡρισμένην,
786 940 896 1030 ὥσπερ
928 939 994 1011 κᾶν
1024 942 1084 1011 τὸν

72 1060 184 1137 πῆχυν
211 1047 297 1136 ἡμᾶς
325 1048 434 1134 ἔροιτό
462 1075 527 1133 τις,
558 1048 689 1117 πόσων·
708 1049 776 1116 ἐστὶ
809 1049 1000 1136 δακτύλων,
1034 1054 1087 1119 δεῖ

73 1159 206 1242 αἰτῆσαι
229 1153 267 1224 τδ
290 1160 433 1241 πηλίκον
457 1152 575 1222 αύτοῦ·
600 1154 682 1223 οὐδὲ
699 1154 765 1242 χδιρ
785 1152 802 1223 ὁ
824 1155 986 1236 δάκτυλος
1005 1154 1080 1225 οὐδ’

72 1258 91 1330 δ
114 1266 200 1342 ποῦς
222 1258 297 1330 οὐδ’
319 1257 338 1329 δ
362 1261 522 1348 μέδιμνος
545 1256 620 1328 οὐδ’
643 1259 725 1330 ἄλλο
750 1262 852 1330 οὐδὲν
871 1261 961 1351 παρὰ
979 1267 1083 1330 πᾶσίν
1103 1284 1137 1333 10

71 1367 204 1436 ἐστιτὰ
228 1366 328 1455 αὐταί,
358 1365 402 1449 ως
425 1375 561 1455 εἴρηται.
608 1364 649 1435 ού
676 1367 741 1454 χύρ
765 1373 830 1436 είσι
853 1369 969 1456 φύσει,
998 1367 1082 1437 ἄλλα

71 1474 180 1560 θέσει,
212 1474 268 1544 καὶ
301 1470 358 1545 διὰ
390 1476 489 1543 τοῦτο
516 1470 555 1542 τὸ
585 1472 668 1541 κατὰ
695 1473 756 1542 τὸν
784 1472 946 1561 ῆμέτερον
972 1480 1083 1564 πῆχυν

70 1584 213 1666 τρίπηχυ
234 1581 318 1648 κατδι
340 1578 401 1650 τὸν
419 1579 498 1667 παρ’
515 1580 629 1660 ἅλλοις
648 1585 763 1649 ἔθνεσι
781 1584 890 1668 πῆχυν
910 1580 972 1649 ούκ
991 1588 1082 1651 ἔσται

69 1689 223 1772 τρίπηχυ,
247 1686 331 1754 ὥστε
350 1691 441 1754 ἔσται
458 1684 479 1773 ῆ
498 1684 577 1772 παρ’
599 1689 738 1767 ἐκείνοις
754 1694 954 1776 τριπηχυαία
973 1685 994 1775 ῆ
1013 1716 1081 1776 τρι-
1114 1703 1118 1710 ’

72 1795 211 1859 ποδιαία
228 1791 361 1879 χραμμῆ
381 1791 464 1879 πρὸς
480 1791 543 1879 τῆν
557 1791 635 1881 παρ’
652 1791 733 1880 ῆμῖν
753 1793 973 1881 ἀσύμμετρος,
996 1793 1080 1863 ἀλλὰ
1102 1816 1133 1864 15

69 1898 125 1966 καὶ
149 1895 167 1966 ὁ
191 1896 270 1985 παρ’
290 1894 372 1986 ῆμῖν
395 1902 503 1986 πῆχυς
523 1897 606 1988 πρὸς
628 1898 688 1968 τὸν
711 1898 790 1986 παρ’
812 1902 951 1982 έκείνοις
971 1907 1080 1990 πῆχυν

71 2002 196 2092 ὁμοίως
217 2005 271 2074 καί
295 2003 418 2091 ἄλοχος
440 2003 496 2072 καὶ
521 2001 730 2093 ἀσύμμετρος
748 2003 804 2074 διδ
823 2004 861 2075 τδ
880 2005 925 2094 μῆ
944 2003 1080 2095 ἄπαρτι-

72 2112 197 2194 ζόντως
219 2111 280 2180 τὸν
303 2107 381 2199 παρ’
403 2113 543 2191 ἐκείνοις
565 2116 675 2199 πῆχυν
699 2123 891 2200 μετρεῖσθαι
914 2113 998 2202 πρὸς
1020 2118 1081 2183 τοῦ

71 2217 149 2305 παρ’
171 2215 252 2304 ῆμῖν
276 2218 451 2286 δακτύλου.
493 2223 626 2286 ἔσονται
650 2218 687 2287 δὲ
710 2223 749 2308 τῆ
772 2227 972 2309 προτεθείση
997 2224 1080 2312 ῥητῆ

70 2321 198 2413 εύθείᾳ,
213 2333 277 2392 εἴτε
290 2329 438 2412 πηχυαία
452 2324 542 2393 ἐστὶν
556 2332 621 2392 εἴτε
634 2329 773 2393 ποδιαία
786 2335 852 2395 εἴτε
866 2333 1079 2397 παλαιστιαία
1098 2347 1132 2396 20

69 2425 91 2514 ῆ
116 2433 322 2516 δακτυλιαία,
346 2428 477 2519 ἄπειροι
502 2433 683 2518 σύμμετροι
706 2431 802 2518 μήκει
825 2433 1000 2521 καδρηταὶ
1022 2436 1079 2504 καὶ

69 2532 192 2621 ὁμοίως
204 2533 408 2624 ἀσύμμετροι
423 2535 563 2623 ἄπειροι.
588 2535 668 2616 ὅσας
682 2538 744 2623 μέν
755 2537 820 2624 χδιρ
835 2536 1078 2627 ἀπαρτιζόντως

70 2649 191 2727 μετρεῖ,
215 2641 410 2729 σύμμετροι·
434 2657 548 2729 μετρεῖ
567 2641 632 2729 χδιρ
654 2644 711 2711 καὶ
735 2644 857 2731 έαυτῆν
875 2646 931 2712 καὶ
951 2649 1078 2728 ἐκείνας

67 2754 126 2814 καί
146 2749 214 2815 ἐστι
237 2747 355 2816 κοινὸν
379 2750 500 2835 μέτρον
525 2747 608 2835 αύτῆ
627 2749 683 2817 καὶ
703 2751 820 2836 ἑαυτῆς
837 2749 1013 2836 κάκείνων,
1037 2749 1077 2833 δὶς

67 2866 185 2939 μετρεῖ.
231 2854 399 2941 ἐνδέχεται
427 2854 464 2923 δέ
486 2861 557 2940 καί,
591 2851 634 2941 ῆν
662 2855 706 2942 μῆ
736 2871 849 2942 μετρεῖ
875 2855 895 2943 ῆ
918 2865 1074 2944 πηχυαία,
1094 2875 1129 2924 26

67 2958 257 3046 σύμμετρον
280 2957 445 3028 εἶναικαὶ
469 2959 574 3048 ρητῆν
596 2965 636 3050 τῆ
659 2968 817 3052 πηχυαίᾳ,
842 2961 923 3031 ὅταν
946 2962 990 3050 μῆ
1014 2963 1075 3033 τδν

64 3076 174 3153 πῆχυν
193 3070 320 3152 ἔχωμεν
338 3070 558 3152 προκείμενον
572 3063 654 3153 ῆμῖν
673 3064 717 3147 ὡς
731 3070 853 3156 μέτρον
867 3069 921 3136 καί
936 3069 1074 3156 κανόνα,

64 3169 152 3258 ἀλλ’,
184 3177 215 3240 εί
240 3171 352 3258 τύχοι,
383 3170 445 3240 τὸν
473 3172 650 3242 δάκτυλον.
700 3170 743 3242 δν
772 3173 837 3262 χδρ
867 3173 884 3244 δ
913 3175 1076 3258 δάκτυλος

65 3283 167 3367 μετρῆ
190 3277 329 3346 καὶτὸν
353 3281 462 3365 πῆχυν
490 3278 545 3346 καὶ
567 3279 606 3348 τὸ
630 3280 786 3366 μέγεθος,
815 3279 896 3368 ὅπερ
925 3280 943 3350 ὁ
969 3286 1076 3369 πῆχυς

65 3381 108 3452 ού
140 3399 265 3474 μετρεῖ,
298 3390 430 3454 ἔσονται
463 3382 619 3472 ἀλλήλοις
652 3384 821 3473 σύμμετρα
854 3385 873 3456 ὅ
903 3415 938 3456 τε
969 3393 1076 3474 πῆχυς
1094 3411 1128 3458 30

53 3485 197 3581 ,κάκεῖνο
225 3488 281 3558 διδ
310 3490 346 3558 τδ
370 3494 474 3586 κοινῷ
500 3493 609 3585 μέτρω
637 3501 840 3582 μετρεῖσθαι
860 3497 910 3580 τέρ
933 3490 1114 3564 δατ-ὼς.
