2362 3796
221 137 378 190 §onom
395 138 435 189 IN
452 137 728 189 ELEMENTORUM
744 137 884 188 LIBRUM
897 137 919 190 1.
1008 134 1073 197 175

55 278 213 364 ἐναλλάξ,
237 274 297 346 ἐάν
320 275 365 363 μὴ
388 277 443 344 καὶ
467 279 504 344 ἐν
527 279 573 368 τῷ
596 276 686 368 αὐτῷ
707 278 861 368 ἐπιπέδῳ,
885 276 1073 345 κωλύονται

54 390 121 456 τού
143 412 188 473 μη
217 380 306 452 εἶναι
332 382 567 471 παραλλήλους
594 375 668 449 οἷον
695 383 805 469 χιαστὶ
831 387 901 450 τῶν
928 379 1072 454 εὐθειῶν

54 492 222 578 κειμένων
245 499 304 577 τῆς
326 491 388 576 μὲν
412 492 449 558 ἐν
471 488 580 581 άλλῳ,
603 492 661 575 τῆς
684 488 723 557 δὲ
745 492 782 557 ἐν
806 487 896 577 άλλῳ
921 491 1073 580 ἐπιπέδῳ,

55 597 119 677 τὰς
146 596 184 665 δὲ
210 593 259 677 είς
285 595 390 676 αὐτὰς
417 597 644 684 ἐμπιπτούσας
671 595 807 678 εὐθείας
833 611 925 665 ποιεί
949 603 1074 683 γωνίας

57 704 201 784 ἐναλλὰξ
223 711 309 788 ίσας,
331 700 405 771 ἀλλ’
432 703 475 771 οὐ
496 704 704 793 παράλληλοι
728 707 765 770 αί
786 703 894 784 οὕτως
916 710 1072 789 κείμεναι.
1110 714 1128 762 5

56 816 277 897 προείληπται
300 802 374 896 οὖν,
399 807 451 878 ὅτι
472 809 593 896 πάντα,
617 808 681 878 ὅσα
699 810 960 900 καταγράῳομεν
979 814 1016 880 ἐν
1033 816 1073 899 τῇ

58 918 205 1008 ἐπιπέδῳ
233 921 456 1006 πραγματείᾳ,
488 917 564 1005 περὶ
592 920 628 985 ἓν
655 918 711 985 καὶ
738 916 775 986 τὸ
804 916 886 986 αύτὸ
917 920 1075 986 ἐπίπεδον

58 1022 307 1110 ῳοινταζόμεθα.

131 1132 203 1196 104.
396 1142 427 1202 έν
446 1148 484 1220 τῷ
499 1142 575 1220 αύτῷ
595 1141 678 1204 οὖσαι

78 1218 287 1288 συμπίπτουσιν
397 1214 523 1292 ἐπιπέδῳ
539 1216 572 1274 ού
586 1217 766 1290 παράλληλοι.
882 1221 915 1278 αλ
926 1225 968 1295 αβ
983 1225 1030 1296 βγ.
1094 1226 1130 1274 10

69 1662 72 1668 ¹
128 1572 252 1644 Ἰστέον
266 1577 303 1643 ἐν
316 1580 465 1654 ταίςτύν
476 1582 711 1663 συλλογισμῶν
720 1579 862 1646 τουτωνὶ
872 1578 1075 1648 άναλύσεσιν

61 1681 118 1752 ἐπὶ
141 1681 202 1769 μὲν
229 1692 291 1750 τοῦ
319 1682 462 1769 ἐσχάτου
489 1679 574 1771 ὅρου
604 1685 768 1750 ἐκτίθεται
795 1683 835 1750 τδι
863 1682 1076 1771 ὑποκείμενα,

60 1786 140 1874 περὶ
163 1779 212 1856 οἷν
234 1785 253 1856 ὁ
277 1787 388 1875 λόγος,
411 1794 517 1856 ταῦτα
540 1787 577 1855 δὲ
600 1784 622 1874 ἢ
645 1787 734 1856 ἁπλᾶ
752 1785 772 1876 ἢ
792 1792 1077 1877 συμπεπλεγμένα,

62 1893 155 1961 ἁπλᾶ
182 1896 258 1982 μέν,
293 1892 375 1963 ὅταν
400 1887 421 1984 ᾖ
450 1896 494 1962 δι’
523 1899 559 1963 ἓν
592 1893 723 1964 ἁπλοῦν
752 1899 967 1983 συναχθῆναι
999 1915 1077 1982 συμ-

61 2002 232 2091 πέρασμα,
260 2002 534 2089 συμπεπλεγμένα
562 2003 614 2087 δέ,
647 2000 730 2070 ὅταν
758 2001 986 2091 συγκριτικόν·
1028 2005 1076 2070 ἐκ·
1097 2008 1132 2057 15

62 2114 215 2178 τίθενται
247 2106 312 2193 γὰρ
343 2107 418 2177 τότε
451 2109 503 2175 ἐπὶ
535 2112 597 2176 τού
630 2111 770 2197 ἐσχάτου
798 2107 880 2196 ὅρου
908 2109 1008 2198 άμῳω
1035 2135 1076 2178 τοι

66 2213 314 2303 συγκρινόμενα
344 2210 364 2301 ἢ
392 2214 474 2282 κατὰ
502 2213 540 2282 τὸ
570 2224 646 2284 ίσον
673 2212 694 2303 ἢ
718 2215 801 2284 κατά
825 2221 862 2285 τὸ
887 2224 999 2304 μεῖζον
1022 2218 1078 2286 καὶ

66 2325 214 2389 ἐλαττον.
258 2321 312 2389 έπλ
340 2321 378 2388 δέ
404 2326 465 2390 τοῦ
493 2320 627 2410 τούτου
655 2321 739 2409 ὅρου
763 2326 928 2392 ἐκτίθεται
949 2352 987 2393 το
1012 2328 1078 2391 δει-

66 2425 251 2514 κνύμενον,
280 2426 299 2496 ο“
326 2441 397 2506 τοίς
424 2425 655 2515 ὑποκειμένοις
683 2434 852 2499 δείκνυται
875 2432 908 2512 ἐξ
932 2430 1079 2518 ἀνάγκης

69 2532 245 2620 ἑπόμενον,
268 2533 321 2602 ἐπὶ
345 2535 382 2601 δὲ
404 2537 465 2602 τού
488 2533 630 2621 μέσουὴ
651 2540 750 2622 αίτία,
775 2535 820 2604 δι’
836 2533 880 2622 ἣν
899 2534 978 2604 καθ’
996 2540 1077 2605 αντὸ
1098 2541 1134 2590 20

68 2639 126 2706 καὶ
145 2641 186 2706 οὗ
199 2638 280 2707 κατὰ
296 2643 506 2728 συμβεβηκὸς
523 2667 561 2708 το
580 2645 715 2727 πρῶτον
733 2646 778 2733 τῷ
799 2642 923 2732 ἐσχάτῳ
939 2643 1079 2708 ἕπεσθαι

68 2748 248 2812 δείκνυται.

397 2875 453 2939 Ad
476 2897 578 2960 prop.
602 2873 754 2939 XXVIII.

138 2997 211 3065 105.
242 2995 286 3065 Τδ
307 2997 369 3084 μὲν
387 2995 436 3078 κζ’
457 2996 619 3084 θεώρημα
637 2994 694 3075 τὰς
712 2991 756 3082 μὴ
776 2994 829 3063 ἐπὶ
842 3019 882 3061 τα
899 2990 983 3060 αύτδι
998 2993 1079 3080 μέρη

67 3102 243 3190 λαμβάνον
263 3109 397 3189 γωνίας,
417 3104 511 3181 ἐντὸς
530 3102 567 3170 δὲ
585 3106 654 3170 τῶν
674 3098 818 3169 εὐθειῶν
837 3100 989 3185 κειμένας
1008 3107 1082 3180 ίσοις
1099 3105 1135 3156 25

143 3304 202 3354 104.
222 3318 243 3353 n
261 3299 321 3369 (qui
339 3297 444 3354 talibus
462 3298 559 3368 figuris
578 3298 688 3367 scatet).
762 3300 821 3351 105.
839 3294 880 3350 va
894 3295 959 3366 (fq).

143 3482 167 3531 1.
186 3471 359 3548 κωλύονται]
380 3478 409 3531 et
426 3494 466 3546 sq.
487 3477 627 3548 corrupta.
703 3482 729 3534 ν).
750 3469 799 3552 δή
816 3493 875 3535 om.
887 3474 928 3532 Y.
