2362 3796
226 144 382 197 scnom
400 145 439 198 m
456 145 733 198 ωιοιιεαοοωωι
750 146 892 198 LIBRUM
904 147 940 197 11.
1027 143 1091 209 231

73 282 319 371 σνντεθήσεται
344 284 382 352 θλ
410 284 530 363 οὕτως·
567 284 637 352 ἐπεὶ
664 283 702 353 τὸ
730 282 796 353 ὑπὸ
824 296 894 354 τών
918 293 999 372 ΑΒ,
1024 294 1095 354 ΛΕ

75 399 157 460 ἴσον
180 391 249 458 ἐστὶ
270 394 317 481 τώ
340 416 376 459 τε
398 388 464 459 ὑπὸ
490 396 570 475 [τῶν
594 397 672 476 ΔΕ,
692 396 762 458 ΑΓ
778 392 847 476 καὶ]
871 402 917 480 τῷ
936 389 1001 460 ὑπὸ
1024 396 1093 461 τών

74 503 164 583 ΔΕ,
188 503 266 583 ΒΓ,
299 505 354 584 λση
383 496 421 565 δὲ
447 494 469 584 ή
493 505 569 565 ΔΕ
589 500 629 583 τῇ
653 502 730 583 ΒΓ,
762 495 801 565 τό
827 496 893 586 όλρα
925 495 990 566 ὑπὸ
1024 503 1093 566 τών

74 610 158 689 ΑΒ,
180 609 247 671 ΒΓ
270 610 347 671 ἴσον
371 602 440 671 ἐστὶ
466 613 512 694 τῷ
536 629 571 670 τε
593 599 659 670 ὑπὸ
682 606 752 670 τών
775 608 854 688 ΑΓ,
878 608 940 670 ΓΒ
967 603 1023 670 καὶ
1046 608 1092 692 τῷ

74 705 142 777 ὑπὸ
171 712 240 777 τών
268 714 345 794 ΓΒ,
370 717 446 776 ΑΒ
491 710 530 777 τὸ
558 707 597 776 δὲ
629 705 695 777 ὑπὸ
722 713 791 777 τών
818 714 897 793 ΓΒ,
920 716 991 776 ΔΕ
1016 716 1093 776 ἴσον
1131 733 1147 782 5

74 814 145 883 ἐστὶ
168 818 214 906 τῷ
237 811 303 882 ἀπὸ
326 819 386 902 τῆς
408 821 478 884 ΓΒ.
516 813 554 883 τὸ
577 812 644 903 ἄρα
666 811 732 883 ὑπὸ
756 818 825 882 τών
844 820 916 899 ΑΒ,
934 820 997 882 ΒΓ
1016 823 1093 883 λσον

74 921 149 989 ἐστὶ
171 923 217 1013 τῷ
241 945 276 988 τε
297 920 364 990 ὑπὸ
387 924 456 989 τών
480 926 558 1006 ΑΓ,
581 927 643 989 ΓΒ
672 921 740 1006 [καὶ
763 925 822 1013 τῳ]
851 920 915 988 ἀπὸ
939 925 999 1007 τῆς
1022 926 1092 989 ΓΒ.

79 1024 204 1095 ἔστω’
189 1052 209 1093 ο
230 1025 293 1153 μὲν
315 1024 393 1107 ὅλος
410 1028 608 1114 μονάδων
589 1055 610 1095 ιι
627 1027 683 1095 καὶ
702 1025 878 1116 διῃρήσθω
893 1053 908 1095 ε
910 1024 1093 1107 λςώνίσονς

75 1140 125 1213 ελς
147 1157 183 1199 τε
205 1129 266 1200 τὸν
290 1159 325 1218 ιγ
347 1132 456 1200 καὶ
424 1159 487 1201 τον
510 1126 533 1215 ξ.
583 1133 722 1219 λέγω,“
703 1159 751 1202 οτι
778 1133 795 1201 6
819 1130 885 1202 ὑπὸ
909 1138 969 1202 τοῦ
992 1160 1013 1200 κ
1035 1135 1091 1200 καλ

74 1242 138 1306 τοῦ
163 1245 179 1320 ζ
200 1240 433 1326 περιεχόμενος
462 1248 534 1318 ἶσος
562 1239 630 1306 ἐστὶ
656 1243 702 1331 τῳ
726 1265 761 1308 τε
787 1236 853 1307 ὑπὸ
879 1243 1006 1307 τών
972 1267 1006 1326 ιγ
1033 1240 1089 1308 καλ
1110 1262 1145 1312 10

73 1347 143 1412 τών
164 1336 184 1426 ξ
204 1346 427 1437 περιεχομένῳ
451 1343 651 1437 ὀρθογωνίῳ
672 1347 754 1430 [καὶ]
779 1350 826 1414 ἔτι
844 1356 891 1438 τῷ
909 1343 1055 1414 ἀπὸτοῦ
1076 1353 1092 1428 ζ

73 1449 284 1542 τετραγώνῳ.
314 1449 691 1519 πεττολλαπλασιώσθωε
677 1478 695 1519 0
709 1478 730 1519 ιι
712 1450 844 1519 ’ἐπὶ
810 1478 871 1519 τον
887 1443 910 1532 ξ.
937 1457 1090 1539 γίνονται

74 1560 122 1645 ρ“μ
145 1557 297 1642 μονώόες.
351 1561 398 1624 ἔτι
423 1554 808 1626 πεπολλαπλασιάσθω’
794 1584 812 1625 ο
837 1550 857 1638 ξ
875 1555 928 1644 ἐφ’
955 1557 1089 1625 ἑαυτόν·

73 1666 229 1768 γίνονται
250 1665 395 1751 μονάδες
418 1655 476 1750 μθ.
515 1667 770 1749 σνγκείσθωσαν
793 1662 866 1731 ὅτε
884 1660 950 1730 ὑπὸ
968 1667 1091 1748 τώνῆ

72 1768 130 1836 καλ
159 1774 176 1848 ζ
200 1768 449 1857 περιεχόμεν[ος
475 1765 639 1855 ήγονν]
626 1795 643 1836 ο
667 1774 736 1858 ’(,[α]
725 1764 859 1857 ]ιιαὶ“
846 1796 864 1836 ο
887 1766 953 1835 ἀπὸ
977 1771 1039 1835 τοῦ
1064 1774 1143 1848 §15

58 1871 111 1954 ’ὅς
144 1875 214 1942 ἐστι
246 1885 309 1962 μθ·
350 1880 503 1961 γίνονται
536 1872 622 1961 ὁμοῦ
650 1901 704 1962 ρμ.
753 1865 797 1960 ήν
825 1872 863 1941 δὲ
890 1870 989 1940 καὶ
975 1899 992 1940 ο
1021 1870 1088 1941 ὑπὸ

72 1990 134 2047 τοῦ
161 1985 182 2047 ῑι
208 1981 264 2048 καὶ
292 1985 354 2048 τοῦ
378 1974 395 2062 ξ
420 1979 657 2109 περιεχόμενος
685 1987 757 2058 ἶσος
784 2006 829 2071 τῳ
858 1975 923 2047 ὑπὸ
956 1982 1026 2046 τών
1053 1984 1090 2063 ι“γ

71 2087 128 2154 παὶ
153 2078 246 2168 {aaz
269 2089 318 2153 ἔτι
340 2096 386 2179 τῳ
410 2084 475 2154 ἀπὸ
498 2090 559 2175 τοῦ
582 2079 600 2167 ξ
621 2083 826 2212 τετραχώνῳ.

140 2195 193 2262 25.
229 2196 336 2262 Τοῦτο
360 2156 488 2279 λέγει“
472 2220 492 2280 η
516 2191 691 2280 πρότασις,
716 2189 766 2258 ὅτι
789 2195 973 2278 τμηθείσης
995 2187 1089 2270 τινός

70 2295 258 2385 εόθείας,“
236 2325 280 2379 ως
294 2303 421 2387 ἔτυχεν,
441 2303 488 2379 εἰς
503 2298 566 2366 660
580 2297 732 2386 τμήματα
745 2297 785 2364 τὰ
800 2295 921 2385 ταύτης
934 2296 1086 2385 τμήματα
1106 2322 1141 2372 20

72 2403 273 2490 ποιήσουσιν
296 2401 318 2492 ή
336 2405 528 2492 τετράγωνα
546 2401 567 2491 ή
588 2402 793 2490 ὀρθογώνια,
816 2403 1007 2491 τετράγωνα
1026 2403 1088 2492 μὲν

72 2508 232 2599 ἑκάτερον
250 2515 322 2601 ἰδίῳ
340 2509 538 2597 αὐξόμενον,
562 2507 757 2597 ὀρθογώνια
776 2509 814 2578 δὲ
833 2508 1088 2597 συμπλεκόμενα

71 2615 239 2703 ἀλλήλοις.
284 2618 524 2705 σομπλεκέσθω
547 2619 632 2702 γοῦν
659 2615 715 2682 καλ
737 2621 936 2683 ποιείτωσαν
957 2615 998 2683 τὰ
1023 2616 1087 2684 660

71 2722 224 2808 τμήματα
251 2719 465 2810 ὀρθογώνιον
494 2723 547 2807 ἕν,
579 2722 635 2788 καὶ
665 2721 807 2807 ληπτέον
839 2720 942 2788 πόλιν
974 2718 1087 2789 αὐτῶν

72 2824 222 2910 θάτερον
248 2826 304 2893 καλ
330 2832 463 2896 ποιείτω
492 2826 712 2915 τετράγωνον.
758 2824 922 2912 ληφθήτω
944 2826 1000 2892 καὶ
1024 2822 1085 2913 ὅλη
1105 2849 1140 2899 25

73 2926 95 3014 ή
125 2928 243 2996 εὐθεῖα
269 2931 324 2997 καὶ
352 2935 389 3001 ἓν
415 2936 527 3020 τμήμα
559 2931 595 3001 τὸ
624 2935 769 3019 ποιῆσαν
796 2956 834 2998 τι
864 2932 1087 3033 τετράγωνον,

70 3034 129 3102 καὶ
160 3039 362 3104 ποιείτωσαν
392 3035 615 3124 ὀρθογώνιον.
666 3043 757 3105 ἐσται
785 3039 886 3122 γοῦν,
917 3041 1016 3122 φησί,
1045 3036 1122 3106 τὸ

143 3234 186 3284 25.
206 3228 238 3284 b²
251 3229 295 3289 13⁸.

142 3411 167 3462 4.
185 3407 268 3490 ΓΒ]
266 3409 365 3466 ΓΕΓ
411 3415 446 3464 ·.7
463 3407 526 3480 ΓΒ]
542 3409 704 3478 (pr1us)AB
719 3409 759 3461 F?
815 3413 839 3461 9
860 3408 1092 3496 Γγήιίιιιοεῖἐ.

108 3483 150 3532 10.
170 3479 211 3550 ιγ]
231 3499 239 3532 ι
259 3478 289 3534 in
307 3497 361 3535 ras.
381 3480 412 3536 F.
486 3486 528 3539 23
548 3479 618 3537 Ροελι
635 3479 707 3552 γοῦν
728 3477 788 3536 66.
806 3472 998 3546 mmm.
