2362 3796
237 123 395 176 scnom
413 124 452 175 m
470 86 744 176 εοευοαυοωύα
762 125 937 177 1131111111.
1026 120 1089 185 129

72 285 180 352 φησιν
200 262 438 352 Ἀριστοτέλης,
462 260 513 332 ότι
536 263 573 332 τὸ
598 263 752 332 καθόλου
770 263 996 352 καταφατικὸν
1018 278 1091 345 ταῖς

73 369 266 458 ἐπιστήμαις
289 370 368 439 ἐστί.
405 367 487 437 ἀνευ
505 367 570 458 γάρ
588 369 806 455 καταφάσεως
825 368 903 437 ούτε
921 368 1090 452 ἀπόδειξίς

73 479 165 546 ἐστιν
184 474 262 546 οὔτε
280 474 514 563 συλλογισμός,
537 476 592 543 καὶ
612 473 669 542 διά
687 479 787 543 τοῦτο
808 479 845 541 αί
862 474 1089 545 ἀποδεικτικαὶ

71 581 142 651 των
161 584 350 671 ἐπιστημῶν
369 581 409 650 τὰ
428 582 490 670 μὲν
508 589 644 650 πλεῖστα
662 580 869 667 καταφατικὰ
886 582 1089 668 δεικνύουσι,

72 694 224 769 σπανίως
251 689 288 758 δέ
315 715 460 776 χρανται
486 689 543 756 καὶ
573 703 643 770 τοῖς
674 687 894 775 ἀποφατικοῖς
926 689 1125 775 συμπερά·ῖ

73 814 188 882 σμασι.
224 799 421 882 θαυμαστής
443 796 481 864 δὲ
500 793 670 883 ἀκριβείας
689 795 780 863 ἐστὶν
803 822 824 882 η
848 794 1008 882 πρότασις
1028 798 1090 863 τοῦ

73 900 294 991 θεωρήματος
315 905 442 989 πλήρης
463 902 519 970 καὶ
538 903 660 983 πάσαις
679 901 882 990 ήσφάλισται
899 915 972 982 ταῖς
989 920 1091 988 προσ-

75 1006 215 1095 θήκαις,
247 1005 293 1076 δι’
319 999 368 1078 όν
395 1005 591 1095 ἀνέλεγκτος
618 1007 825 1077 ἀποτελεῖται
847 1009 902 1076 καὶ
926 1007 1090 1095 ἀναμφισ-

76 1117 217 1202 βήτητος
237 1128 308 1196 τοῖς
332 1129 559 1202 συκοφαντεῖν
582 1118 795 1203 ἐπιχειροῦσι.
837 1121 923 1183 ἔοικε
947 1115 984 1182 δὲ
1002 1111 1090 1182 εἶναι

73 1225 172 1291 τούτο
190 1220 228 1291 τὸ
242 1221 406 1310 θεύρημα
419 1225 534 1309 λῆμμα
546 1220 871 1310 προλαμβανόμενον
884 1225 946 1291 τοῦ
963 1218 1091 1308 ὀγδόου
1110 1240 1144 1288 10

71 1327 304 1415 θεωρήματος·
342 1333 390 1407 είς
411 1326 477 1415 γάρ
504 1327 566 1415 τήν
589 1325 761 1409 ἀπόδειξιν
786 1331 916 1397 ἐκείνου
939 1335 1092 1396 συντελεῖ

71 1433 128 1502 καλ
152 1433 230 1502 ούτε
253 1433 420 1521 στοιχεῖόν
445 1436 535 1502 ἐστιν
559 1432 671 1515 ἁπλῶς
694 1434 770 1503 οὔτε
794 1439 1013 1522 στοιχειῶδες·
1047 1431 1089 1500 ού

71 1539 137 1626 γάρ
160 1539 214 1608 ἐπὶ
237 1540 345 1608 πολλὰ
368 1543 527 1607 διατείνει
548 1538 611 1627 τήν
635 1541 756 1608 ἑαυτοῦ
780 1545 903 1626 χρείαν.

141 1649 194 1714 42.
222 1647 321 1735 Ὅρα,
347 1648 418 1725 πῶς
446 1643 660 1714 ἀποδεικνύει
683 1643 720 1714 τό
746 1643 924 1712 ἀδύνατον.
971 1647 1001 1709 εί
1023 1640 1089 1730 γάρ

72 1747 94 1836 ή
120 1757 189 1818 ΑΓ
207 1749 333 1839 πλευρὰ
357 1755 398 1840 τή
421 1759 492 1819 ΑΔ
515 1761 582 1837 ίση,
606 1760 660 1837 ίση
684 1751 739 1818 καὶ
761 1750 783 1837 ή
802 1757 902 1818 ΑΓΛ
924 1754 1031 1834 γωνία
1049 1752 1088 1836 τῇ
1109 1767 1143 1816 1ο

72 1853 141 1924 ὑπὸ
156 1864 271 1925 ΑΔΓ·
299 1861 401 1926 τοῦτο
419 1854 484 1944 γάρ
509 1860 546 1925 ἐν
570 1861 614 1949 τῷ
640 1856 668 1925 ε’
689 1857 830 1944 σχήματι
849 1853 1089 1923 ἀποδέδεικται.

72 1961 130 2030 καί
162 1963 233 2031 ἐπεὶ
265 1960 286 2050 ή
319 1960 385 2031 ὑπὸ
418 1970 520 2030 ΑΓΛ
556 1969 663 2050 γωνία
694 1962 835 2050 ἀμβλεῖα
868 1953 953 2030 οὖσα
985 1961 1090 2048 με’σην

72 2066 214 2137 εύθείαν
238 2073 305 2157 ἔχει
326 2066 389 2156 τήν
412 2076 474 2137 ΓΒ
497 2070 686 2157 τέμνουσαν
710 2067 832 2156 ἑαυτήν
856 2073 905 2148 είς
926 2059 1090 2155 γωνίαςβ

73 2172 138 2256 τήν
159 2200 195 2241 τε
218 2170 283 2242 ὑπὸ
302 2181 399 2242 ΑΓΒ
422 2176 478 2243 καί
500 2175 562 2262 τήν
586 2173 652 2243 ὑπὸ
675 2181 785 2262 ΔΓΒ,
810 2181 929 2261 μείζων
953 2175 1044 2243 ἐστὶν
1067 2171 1088 2260 ή

74 2276 143 2346 ὑπὸ
161 2287 195 2346 Α
201 2287 234 2346 Δ
241 2284 273 2348 Γ
289 2283 346 2366 τής
367 2276 433 2349 ὑπὸ
455 2289 488 2348 Δ
494 2286 554 2349 ΓΒ
578 2290 633 2367 ίση
656 2280 894 2368 ἀποδειχθεῖσα
917 2284 956 2369 τή
976 2287 1087 2366 ΑΓΔ,
1107 2299 1141 2347 20

74 2375 116 2471 ἧς
137 2380 271 2472 ήμίσειά
295 2387 386 2454 ἐστιν
408 2383 428 2473 ή
449 2392 558 2455 ΔΓΒ.
595 2388 696 2454 πάλιν
715 2387 784 2455 ἐπεὶ
803 2396 858 2474 ίση
879 2388 968 2455 ἐστὶν
988 2384 1007 2472 ή
1027 2391 1090 2453 ΓΒ

74 2494 115 2579 τῇ
135 2498 213 2576 ΔΒ,
237 2500 292 2578 ῖση
314 2492 383 2560 ἐστὶ
401 2497 455 2559 καλ
473 2489 493 2578 ή
514 2489 579 2560 ὑπό
599 2499 694 2560 ΓΔΒ
712 2498 818 2580 γωνία
836 2497 876 2581 τή
895 2493 960 2561 ὑπὸ
981 2502 1014 2560 Λ
1020 2499 1089 2560 ΓΒ.

72 2595 195 2682 ταύτης
219 2596 257 2664 δέ
280 2600 417 2686 ἐδείχθη
440 2595 574 2684 ήμίσεια
597 2605 703 2684 γωνία
726 2625 775 2677 τις
798 2597 903 2685 ήύπὸ
923 2606 1022 2666 ΓΔΑ
1041 2601 1089 2664 δι-

73 2707 239 2768 πλασίων·
275 2707 315 2791 τή
338 2701 402 2791 γάρ
426 2701 491 2771 ὑπὸ
516 2712 548 2772 Α
554 2711 615 2772 ΓΔ
638 2713 693 2790 ίση
718 2707 869 2790 ἐδείχθη,
892 2695 933 2788 ής
954 2702 1089 2790 ήμίσεια

73 2804 95 2893 ή
111 2802 177 2874 ὑπὸ
193 2814 298 2878 ΑΓΒ.
334 2815 445 2900 πολλῷ
460 2809 526 2897 ἀρα
541 2817 661 2897 μείζων
675 2807 696 2896 ή
712 2817 774 2877 ΓΔ
780 2817 808 2876 Β
827 2813 884 2895 τής
898 2807 965 2876 ὑπὸ
980 2813 1085 2878 ΒΓΔ.
1105 2827 1140 2877 25

73 2920 323 2999 τετραπλασίων
346 2916 419 3005 γάρ.

72 3060 289 3070 .—.——.——

146 3134 189 3182 42.
209 3127 236 3182 b.

147 3329 170 3379 1.
189 3325 394 3392 καταφατικῶν
412 3324 443 3380 P.
516 3330 540 3380 8.
561 3319 709 3386 ἀνέλεκτος
726 3323 757 3378 Ρ.
833 3330 874 3382 11.
894 3328 1036 3380 συντελεῖν
1055 3326 1087 3382 Ρ.

110 3400 152 3449 16.
177 3392 222 3465 ε’]
242 3395 272 3448 in
289 3411 343 3450 ras.
362 3396 389 3450 b.
482 3395 964 3467 19.ΔΓΒ]ΔοῖΒ1111αε,“ο.
1052 3401 1108 3448 Ἃ.

72 3465 378 3536 κυαμευταὶ),
451 3461 761 3540 εαΜμὴΓΔΒο.

120 3561 270 3612 Euclides,
284 3561 453 3618 edd.He1'borg
468 3573 492 3612 et
504 3571 599 3624 Menge.
622 3574 653 3616 V.
949 3568 969 3617 (ὅ
