2362 3796
146 784 201 840 Uix
224 785 276 839 ulli
299 784 349 839 alii
374 787 452 856 operi
476 786 653 855 antiquitatis
677 787 706 840 id
727 786 861 857 contigit,
887 789 963 856 quod
980 789 1010 843 in
1028 790 1091 844 Ele-

72 866 177 920 mentis
192 866 319 923 Euclidis
338 867 446 920 factum
460 867 595 933 uidemus,
615 867 646 920 ut
659 865 725 921 inde
740 884 758 920 a
771 867 863 937 primo
878 870 1014 938 tempore,
1034 886 1090 937 qno

74 945 183 1000 editum
202 945 247 1014 sit,
267 946 303 999 ad
322 947 449 1000 nostrum
468 962 556 1012 usque
573 961 673 1000 aeuum
686 945 820 1001 idoneum
833 947 995 1015 haberetur,
1015 949 1092 1016 quod

72 1025 219 1094 proposito
234 1043 284 1080 suo
300 1023 486 1080 satisfaceret.
511 1026 629 1080 Constat
639 1025 723 1094 enim,
736 1026 882 1081 Euclidem
892 1026 922 1081 in
932 1025 1090 1082 Elementis

20 1113 22 1116 '
73 1106 129 1159 hoc
148 1104 204 1159 sibi
222 1103 414 1176 proposuisse,
438 1108 470 1159 ut
489 1107 591 1172 artem,
615 1122 699 1173 quam
717 1107 833 1173 uocant,
856 1106 1089 1160 mathematicam

74 1185 221 1253 scriberet,
244 1185 318 1240 unde
336 1183 419 1238 huius
439 1184 574 1239 scientiae
594 1184 714 1242 studiosi
733 1186 824 1241 solida
842 1186 986 1241 doctrinae
1005 1183 1090 1240 initia

74 1267 105 1320 et
118 1268 186 1334 apta
199 1266 383 1319 fundamenta
392 1263 428 1317 ad
438 1263 613 1320 difficiliores
622 1266 727 1334 gradus
738 1265 873 1321 scientiae
883 1264 1089 1335 adgrediendos

74 1344 214 1414 caperent.
253 1346 282 1398 61
300 1341 372 1396 liber
391 1341 449 1396 eius
469 1342 567 1398 statim
591 1344 672 1399 tanto
695 1344 792 1399 fauore
816 1348 950 1415 exceptus
974 1348 1033 1412 est,
1057 1350 1090 1399 ut

73 1426 182 1478 ceteros
204 1421 292 1477 libros
317 1421 442 1476 eiusdem
464 1422 587 1491 generis,
614 1424 689 1479 inter
712 1442 781 1492 quos
802 1425 951 1480 Elementa
968 1423 1090 1478 Theudii

73 1520 131 1557 non
149 1502 191 1557 ita
209 1503 299 1555 multo
319 1503 385 1555 ante
405 1500 483 1555 edita
501 1505 594 1570 erant,
616 1521 730 1572 prorsus
749 1503 913 1560 obscuraret
936 1506 1017 1559 etex
1037 1519 1089 1556 usu

72 1581 261 1648 manibusque
279 1581 427 1633 hominum
443 1583 616 1648 remoueret;
635 1585 671 1637 ad
689 1601 740 1638 nos
760 1585 856 1638 saltim
874 1582 948 1636 nihil
962 1583 1020 1637 sere
1034 1580 1090 1636 nisi

74 1658 194 1713 nomina
212 1662 242 1713 et
259 1656 429 1712 breuissima
446 1657 551 1712 notitia
569 1675 664 1714 eorum
682 1663 813 1728 peruenit
827 1663 953 1731 (Proolus
967 1661 997 1714 in
1010 1661 1089 1714 Eucl.

76 1758 105 1809 p.
121 1744 156 1793 66
172 1754 212 1805 sq.
233 1753 266 1790 ex
285 1736 430 1804 Eudemo).
468 1751 554 1804 quare
573 1735 715 1806 uidemus,
734 1738 856 1808 reliquos
874 1739 1090 1794 mathematicos

74 1818 199 1874 Graecos
219 1816 257 1870 ad
275 1833 362 1870 unum
377 1833 472 1871 omnes
487 1815 524 1869 ad
537 1816 685 1872 Elementa
698 1817 823 1872 Euclidis
839 1819 990 1889 adpellare,
1008 1818 1089 1875 rebus

73 1901 105 1954 in
123 1897 159 1952 111
179 1894 380 1951 demonstratis
398 1899 544 1962 tamquam
563 1895 647 1950 certis
667 1896 853 1965 omnibusque
870 1897 944 1952 notis
963 1899 1017 1967 uti,
1036 1899 1089 1955 hoo

73 1979 260 2034 fundamento
279 1993 328 2031 sua
347 1991 432 2044 opera
445 1974 594 2044 instruere,
614 1976 688 2032 siout
701 1978 758 2032 iam
771 1976 885 2032 Proolus
900 1995 928 2048 p.
945 1983 986 2047 71,
1003 1984 1036 2034 17
1046 1997 1087 2050 sq.

74 2059 153 2112 recte
177 2055 342 2111 obseruauit.
381 2055 465 2111 etiam
489 2053 538 2123 iis,
567 2056 616 2124 qui
637 2057 869 2113 mathematicam
891 2058 1009 2129 professi
1031 2076 1088 2114 non

78 2138 185 2204 essent,
204 2135 273 2190 satis
291 2138 390 2190 notum
408 2135 494 2189 fnisse
512 2136 567 2191 hoc
586 2154 656 2207 opus
675 2138 793 2207 adparet
812 2153 846 2191 ex
864 2138 932 2193 locis
950 2138 1087 2209 plurimis,

77 2216 178 2288 quibus
202 2216 365 2271 nominatur
389 2219 417 2269 et
441 2214 556 2283 citatur,
585 2216 635 2271 ubi
657 2216 768 2272 occasio
793 2232 886 2270 rerum
910 2220 1087 2274 mathemati-

74 2314 171 2355 carum
185 2296 491 2366 commemorandarum
503 2294 688 2365 scriptoribus
703 2314 760 2351 non
773 2296 980 2352 mathematicis
991 2299 1087 2353 oblata

75 2378 130 2446 est,
154 2393 273 2445 quorum
297 2376 424 2429 locorum
448 2374 572 2443 potiores
590 2375 673 2444 posui
696 2375 726 2428 in
744 2373 829 2444 libro,
854 2373 902 2444 qui
925 2375 1087 2431 inscribitur

74 2453 422 2526 hittorargesohichtliohe
441 2452 559 2507 Studien
577 2453 648 2508 dber
665 2452 770 2507 Euklid
792 2471 820 2523 p.
840 2459 874 2509 30
893 2459 922 2510 61
940 2475 967 2525 p.
984 2461 1033 2510 193
1046 2473 1087 2522 sq.

77 2538 106 2589 et
122 2535 207 2590 hodie
226 2551 338 2604 quoque
356 2532 437 2602 pueri
451 2535 479 2587 et
492 2530 523 2585 in
537 2532 684 2586 Britannia
697 2537 727 2588 et
739 2535 770 2589 in
785 2533 884 2590 Sueeia
898 2537 927 2590 et
940 2534 1004 2590 aliis
1019 2535 1089 2588 locis

75 2615 195 2683 primam
208 2613 424 2668 mathematicas
438 2611 570 2667 notitiam
580 2628 614 2666 ex
623 2613 677 2669 hoo
690 2613 764 2685 libro
775 2614 929 2670 uenerabili
939 2612 1087 2678 hauriunt3

76 2690 218 2746 Britannis
237 2692 350 2763 quidem
368 2707 471 2744 nomen
484 2690 610 2746 Euclidis
628 2710 716 2763 prope
732 2695 761 2749 in
776 2693 980 2764 adpellatiuum
997 2691 1087 2744 cessit.

149 2769 202 2825 Per
218 2774 277 2826 tam
294 2771 410 2840 longum
428 2771 562 2839 temporis
580 2772 701 2842 spatium
724 2773 786 2828 fieri
807 2790 865 2827 non
887 2769 994 2839 potuit,
1023 2770 1089 2835 quin

77 2849 171 2904 multa
181 2853 354 2905 mutarentur
368 2853 397 2906 61
412 2852 515 2905 sensim
529 2867 547 2905 a
560 2852 679 2921 pristina
694 2854 785 2922 operis
800 2852 891 2905 forma
906 2848 1089 2918 declinarent,

79 2945 250 2998 quamquam
259 2931 425 2999 propterres
437 2931 484 2984 uel
494 2930 673 2986 mediocriter
687 2931 777 2986 doctis
791 2932 873 2984 notas
888 2930 917 2983 et
927 2928 1088 2997 perspicuas

77 3010 219 3078 certisque
234 3011 313 3078 quasi
325 3010 453 3065 formulis
468 3011 607 3080 expositas
621 3009 714 3065 minus
725 3026 810 3078 quam
819 3007 888 3062 alibi
902 3005 932 3060 in
942 3008 996 3060 hoc
1006 3023 1089 3077 opere

76 3088 261 3144 describendo
279 3091 469 3158 peccauerunt
486 3088 603 3145 librarii.
630 3107 725 3143 rursus
741 3088 844 3152 autom,
865 3102 926 3138 oum
942 3084 1090 3140 Elementa

74 3169 205 3224 manibus
224 3171 423 3238 magistrorum
442 3172 471 3222 61
487 3168 689 3239 discipulorum
709 3166 881 3232 tererentur,
904 3161 1001 3216 multis
1019 3161 1090 3218 locis

74 3248 328 3319 interpolabantur,
349 3263 422 3315 qnae
441 3247 606 3301 docentibus
626 3243 854 3310 discentibusque
874 3240 911 3296 ad
930 3239 1018 3292 uerba
1035 3240 1092 3295 Eu·

76 3327 158 3382 olidis
178 3328 346 3398 explicanda
363 3325 448 3381 utilia
465 3326 642 3393 uidebantur,
662 3321 739 3391 quod
753 3321 828 3375 idem
841 3319 873 3372 in
887 3314 1017 3373 omnibus
1032 3316 1093 3352 611·-
