2362 3796
109 117 113 124 ¹
223 157 379 208 scflom
396 156 436 206 m
453 156 728 208 ELEVOENTORUM
745 158 885 210 LIBRUM
898 146 931 213 x'.
1017 153 1082 218 517

136 299 211 363 230.
236 293 458 385 Ἀσάμμετρος
471 294 538 384 άρα
553 296 643 364 ἐστὶν
657 291 677 383 ἡ
693 301 761 363 ΑΕ
772 297 813 382 τῇ
828 302 891 361 ΕΒ
912 321 941 381 p.
958 301 1030 377 100,
1046 299 1081 378 8]

68 401 106 469 τὸ
130 398 355 489 ἀντίστροφον
374 403 436 469 τοῦ
455 399 503 488 ιη’
525 404 586 469 τοῦ
610 399 636 468 ι’
660 403 721 467 τοῦ
745 401 912 486 λέγοντος,
936 399 998 487 ὅτι,
1021 399 1083 469 ἐὰν

69 505 89 593 ἡ
114 511 233 593 μείζων
256 508 315 591 τῆς
334 504 516 584 ἐλάσσονος
538 511 649 592 μεῖζον
669 505 812 592 δύνηται
830 508 876 597 τῷ
899 501 963 573 άπὸ
978 503 1081 590 άσνμ-

69 614 192 701 μέτρου
215 612 332 702 ἑαυτῇ,
358 613 405 704 τῷ
434 610 472 679 δὲ
496 609 530 676 δ’
553 611 646 699 μέρει
671 614 732 678 τοτ’
762 613 798 679 ἐκ
819 614 877 698 τῆς
900 609 1083 691 ἐλάσσονος

70 728 146 786 ίσον
173 716 262 806 παρὰ
288 723 423 804 μείζονα
449 720 652 805 παραβληθῇ
682 718 837 784 ἐλλεῖπον
864 721 945 785 είὸει
971 742 1082 805 τετρα-
1119 739 1135 789 σ

68 825 179 916 ηάνμ,
203 829 251 905 είς
273 824 486 912 ἀσύμμετρον
511 821 617 910 αὐτὴν
643 826 773 912 διαιρεῖ.

134 935 209 1000 231.
245 929 324 1000 ’Βᾶν
351 929 416 1020 γάρ
444 927 643 1018 άναγράψης
669 927 710 997 τά
740 929 1082 1020 παραλληλόγραμμα,

69 1034 135 1106 ὑπὸ
159 1037 197 1107 τὸ
222 1034 305 1106 αὐτὸ
328 1033 416 1117 ὕψος
438 1040 601 1122 γίνονται.

135 1147 210 1213 232.
244 1141 344 1211 Ὥστε
370 1143 427 1209 καὶ
454 1140 492 1210 τὸ
521 1148 741 1229 συγκείμενον
769 1145 804 1211 ἐκ
831 1153 899 1212 τῶν
922 1141 987 1212 ἀπὸ
1011 1147 1081 1212 τῶν

69 1258 145 1335 AZ,
160 1256 220 1317 ZB
245 1247 348 1337 ῥητόν
371 1249 461 1317 ἐστιν
483 1274 515 1336 p.
533 1251 676 1336 100,15]
701 1249 771 1317 ἐπεὶ
793 1248 857 1338 γάρ
877 1245 978 1335 ἡΑΒ
997 1247 1079 1337 ῥητὴ
1100 1270 1134 1321 10

69 1354 190 1441 ἐδόθη,
215 1354 276 1422 ααί
296 1357 365 1424 ἐστι
392 1381 429 1423 το
455 1351 512 1422 άτί
538 1352 641 1442 αὐτῆς
662 1353 873 1442 τετράγωνον
896 1353 1001 1442 ῥητὸν
1024 1354 1082 1422 διὰ

69 1460 129 1530 τὸν
163 1459 260 1549 ὅρον,
293 1467 352 1530 καί
377 1462 446 1530 ἐστι
477 1459 514 1529 τὸ
544 1457 610 1530 άπὸ
637 1465 695 1546 τῆς
718 1467 783 1529 ΑΒ
815 1469 891 1530 ίσον
919 1475 988 1541 τοίς
1015 1457 1081 1529 άπὸ

68 1571 137 1635 τῶν
156 1575 232 1653 ΑΖ,
251 1573 312 1635 ΖΒ
336 1565 393 1633 διὰ
417 1564 469 1652 μζ’
492 1569 554 1634 τοῦ
578 1567 622 1634 α’·
646 1565 735 1656 ὀρθὴ
761 1563 865 1653 γάρὴ
888 1564 1083 1658 πρὸςτῷΖ

70 1673 126 1740 διὰ
154 1673 208 1740 λα’
236 1676 298 1741 τοῦ
326 1671 368 1758 γ’·
412 1668 497 1739 ὥστε
527 1671 583 1739 καὶ
610 1671 650 1740 τά
680 1671 744 1741 άπὸ
771 1677 840 1741 τῶν
867 1678 966 1740 ΑΖΒ
999 1671 1082 1760 ῥητά

71 1781 170 1847 ἐστιν.
1102 1800 1135 1850 15

135 1888 210 1953 233.
238 1884 333 1952 Ἴσον
356 1883 420 1970 γάρ
445 1883 587 1952 δύναται
610 1882 631 1971 ἡ
655 1891 720 1953 ΑΒ
743 1899 815 1966 ταίς
838 1893 914 1972 ΑΖ,
940 1890 999 1953 ΖΒ
1025 1885 1080 1953 διὰ

69 1991 106 2061 τὸ
131 1991 184 2078 μζ’
207 1993 268 2059 τοῦ
292 1988 340 2056 α’·
378 1985 487 2076 ἡγὰρ
511 1988 595 2079 πρὸς
616 2000 662 2081 τῷ
687 1997 715 2057 Ζ
737 1996 845 2076 γωνία
869 1988 958 2078 ὀρθή
982 1993 1082 2060 ἐστιν.

136 2102 210 2166 234.
238 2096 307 2164 Καὶ
326 2094 395 2163 ἐπεὶ
412 2093 513 2164 πάλιν
527 2120 559 2182 p.
575 2099 648 2184 100,
665 2101 720 2182 17]
741 2095 797 2165 διὰ
810 2098 958 2185 πόρισμα
973 2107 1034 2166 τοῦ
1048 2099 1083 2184 η’

67 2207 129 2271 τοῦ
152 2202 184 2280 ς’
208 2207 357 2289 γίγνεται
387 2203 471 2288 μέση
500 2198 665 2288 ἀνάλογος
693 2199 714 2289 ἡ
738 2210 802 2271 ΖΒ
825 2207 884 2291 τῆς
906 2211 984 2290 ΛΕ,
1007 2210 1081 2290 ΕΒ,

68 2310 124 2375 καὶ
152 2305 208 2375 διά
238 2307 280 2389 ιζ’
308 2310 369 2376 τοῦ
397 2306 430 2386 ς’
454 2316 530 2376 ίσον
557 2308 627 2376 ἐστὶ
653 2306 692 2377 τὸ
722 2308 789 2378 ὑπὸ
816 2312 886 2378 τῶν
913 2317 995 2395 ΑΒ,
1019 2317 1081 2379 ΕΒ
1100 2335 1135 2384 20

69 2413 142 2500 ἤτοι
165 2413 203 2481 τὸ
227 2411 292 2483 ὑπὸ
315 2417 384 2483 τῶν
403 2412 516 2502 άκρων
534 2413 646 2483 καὶτὸ
665 2413 732 2483 άπὸ
752 2418 810 2501 της
828 2418 929 2502 μέσης
947 2421 1006 2504 τῆς
1020 2424 1084 2485 ΖΕ

70 2521 105 2587 ἐκ
128 2524 339 2609 κατασκευῆς.
374 2512 378 2520 ’

136 2628 210 2694 235.
248 2630 360 2714 Διπλῆ
389 2624 456 2714 άρα
483 2623 503 2713 ἡ
528 2633 595 2694 ΒΓ
622 2653 652 2714 p.
678 2631 755 2709 100,
783 2631 839 2711 20]
874 2625 991 2696 διὰτὸ
1020 2629 1082 2713 την

70 2737 137 2800 ΒΓ
155 2736 355 2800 διπλασίονα
378 2731 465 2800 εἶναι
484 2737 542 2817 τῆς
562 2740 642 2817 ΒΛ,
665 2731 726 2818 τὴν
750 2732 788 2801 δὲ
806 2739 874 2801 ΒΔ
898 2741 976 2819 ίσην
994 2730 1081 2800 εἶναι

67 2842 106 2925 τῇ
130 2845 201 2906 ΕΖ.
1099 2861 1134 2912 25

142 3077 202 3126 230.
222 3068 270 3124 Vss.
357 3075 418 3126 231.
437 3070 459 3123 F
479 3069 595 3138 (similia
614 3065 673 3138 Vb).
760 3076 820 3125 232.
838 3068 886 3127 Ψ.
973 3073 1032 3126 233.
1053 3087 1080 3139 q.

104 3148 164 3197 234.
184 3139 231 3194 V‘.
305 3145 365 3196 235.
383 3139 413 3194 P.

67 3278 281 3290 ,-...-.-.

142 3360 166 3410 3.
186 3353 237 3426 τρο]
257 3349 341 3407 vdV.
422 3356 447 3408 4.
446 3351 516 3439 τῷ]
536 3349 568 3406 τό
588 3352 620 3407 V.
694 3353 757 3424 τοῦ]
776 3349 861 3408 vdV.
940 3360 963 3409 7.
982 3349 1080 3409 κοινὸν

68 3421 123 3495 γάρ
142 3419 216 3516 νψος
230 3421 347 3513 ἔχουσιν
366 3416 455 3479 ἐάν’
438 3421 608 3494 αναηράψης
621 3420 940 3510 παραλληλόγραμμα
910 3442 962 3491 την
980 3429 1029 3477 AB
1044 3422 1089 3477 V.

105 3500 147 3549 10.
168 3492 218 3566 ρητ
204 3491 248 3567 τη]
269 3491 405 3565 9212de
480 3499 523 3550 13.
541 3491 703 3567 τῷλτοἾ.
775 3501 860 3550 &M
859 3493 1002 3564 W
