2362 3796
224 128 382 181 sonom
400 128 438 179 m
456 128 731 179 ωτωαωανοευω
748 128 887 180 mmmm
901 129 922 180 1.
1011 125 1075 190 125

60 268 186 356 φότερα
210 267 248 337 δέ
271 265 316 348 ὡς
339 265 389 336 ἐπ’
416 269 559 336 ἐκείνου·
598 271 635 334 αί
657 268 829 355 διάμετροι
851 271 919 334 τῶν
942 267 1075 335 κύκλων

59 376 115 443 καὶ
138 378 207 443 τῶν
231 376 412 454 ἐλλείψεων
430 372 471 442 τά
489 399 524 442 τε
543 379 649 460 χωρία
668 376 745 460 δίχα
765 376 934 460 διαιροῦσι
949 372 1076 454 καὶτὰς

59 480 278 568 περιεχούσας
304 478 345 547 τὰ
372 485 479 568 χωρία
506 478 668 567 γραμμάς.
713 482 782 545 τῶν
810 478 848 546 δὲ
871 488 1075 566 συμπεπλεγ-

60 588 175 674 μένων
196 584 237 654 τά
259 588 322 674 μέν
340 588 409 654 ἐστι
426 584 603 667 καθολικά,
626 583 667 652 τά
687 585 725 653 δὲ
742 587 778 653 ἐκ
796 588 864 652 τῶν
884 586 936 652 ἐπὶ
955 589 1076 673 μέρους

62 693 203 778 συνάγει
224 689 262 760 τὸ
282 691 442 760 καθόλου.
474 691 607 760 τούτων
628 691 669 778 δή
688 693 1019 779 προτεθεωρημένων
1037 689 1075 759 τὸ
1114 714 1130 763 σ

61 801 213 885 πέμπτον
235 796 395 886 θεώρημα
418 797 588 866 σύνθετον
616 797 749 877 πάντως
777 799 898 884 ῥητέον
925 797 980 864 καὶ
1003 795 1074 865 κατ’

62 902 238 992 ἀμφότερα
261 902 428 973 σύνθετον
447 903 531 972 κατά
549 930 584 972 τε
603 902 639 971 τὸ
660 906 846 990 δεδομένον
864 904 920 971 καλ
938 901 1021 971 κατὰ
1038 901 1076 971 τὸ

65 1008 277 1098 ζητούμενον.
313 1010 366 1079 ἐπὶ
386 1010 424 1078 δὲ
445 1014 507 1078 τοῦ
531 1008 680 1097 ἑβδόμου
702 1009 757 1077 καὶ
776 1014 837 1078 τοῦ
857 1010 979 1077 ἐνάτου
993 1019 1076 1077 θεω-

64 1114 208 1202 ρήματος
229 1115 289 1196 τάς
312 1120 502 1204 φερομένας
525 1114 695 1195 ἐνστάσεις
718 1114 782 1183 ἀπὸ
811 1115 935 1184 τούτου
963 1114 1077 1183 διαλύ-

63 1241 175 1310 σομεν.
210 1225 246 1291 ἐκ
270 1220 312 1309 δή
336 1219 462 1290 τούτου
485 1220 647 1306 φανερόν,
669 1223 726 1289 καὶ
750 1219 794 1288 δι’
816 1218 859 1308 ἣν
882 1225 993 1289 αἰτίαν
1016 1219 1077 1289 ούκ
1098 1245 1131 1294 10

63 1327 285 1416 ἀντέστρεύεν
308 1328 365 1395 καὶ
388 1325 454 1395 ἀπὸ
478 1326 601 1395 τούτου
619 1325 657 1395 τὸ
677 1329 772 1395 ἕκτον
792 1324 837 1406 ἀς
856 1325 937 1396 ούδέ
955 1327 1077 1396 τούτου

62 1436 323 1522 προηγουμένην
347 1439 481 1521 ἔχοντος
504 1437 630 1520 χρείαν,
656 1431 740 1501 ἀλλά
763 1433 845 1501 κατά
870 1433 1078 1521 συμβεβηκὸς

60 1538 142 1628 ἡμῖν
165 1539 250 1628 πρὸς
272 1539 335 1626 τήν
360 1538 443 1625 ὅλην
463 1538 646 1625 ἐπιστήμην
666 1543 918 1618 συντελοῦντος.
954 1538 1078 1626 εὕρεμα

63 1647 104 1714 δέ
125 1648 195 1714 ἐστι
213 1643 251 1713 τὸ
274 1644 436 1732 θεώρημα
459 1650 557 1714 τοῦτο
583 1649 705 1712 Θαλοῦ.

439 1843 499 1935 ΙΑά
521 1865 626 1926 prop.
650 1842 707 1907 vl.
1100 1859 1132 1909 15

132 1967 184 2032 38.
221 1961 267 2031 Τὸ
286 1965 581 2051 κατηγορούμενον
611 1966 648 2031 ἐν
677 1966 723 2054 τῷ
752 1973 769 2030 ἐ’
799 1963 1009 2050 θεωρήματι,
1043 1963 1078 2029 ἐν

63 2074 108 2162 τῷ
133 2074 154 2140 ξ
176 2067 399 2157 ὑποκείμενον
422 2073 573 2156 γέγονεν,
596 2069 652 2137 καὶ
675 2067 712 2137 τὸ
736 2067 958 2156 ὑποκείμενον
979 2072 1015 2138 ἐν
1033 2072 1078 2160 τῷ

62 2187 82 2244 ἒ
106 2177 143 2242 ἐν
165 2180 211 2267 τῷ
236 2182 256 2246 ξ
277 2175 571 2263 κατηγορούμενον
594 2177 742 2262 γέγονεν.

136 2283 188 2348 39.
223 2278 277 2349 Ἐν
304 2281 411 2372 τούτῳ
439 2286 484 2373 τῷ
514 2281 546 2353 ς’
568 2282 761 2369 θεωρήματι
790 2281 853 2349 δύο
881 2287 984 2351 ταῦτα
1012 2285 1079 2351 ἐπε-

68 2387 197 2467 δείξατο
211 2385 273 2473 τήν
287 2413 321 2456 τε
342 2387 573 2475 ἀντιστροφὴν
589 2392 650 2455 τοῦ
664 2388 728 2476 πρὸ
744 2386 850 2457 αύτοῦ
863 2389 1081 2478 θεωρήματος
1099 2410 1134 2459 20

66 2493 122 2560 καὶ
146 2492 202 2561 διά
224 2519 259 2562 τε
283 2498 341 2581 τής
365 2498 413 2574 είς
441 2493 612 2563 ἀδύνατον
641 2492 820 2582 ἀπαγωγῆς
848 2499 992 2577 δείξεως·
1030 2500 1084 2564 δεῖ

66 2600 103 2668 δὲ
126 2601 202 2688 περὶ
230 2597 432 2688 ἀμφοτέρων
460 2605 581 2686 εἰπεῖν,
615 2597 678 2668 ὅσα
704 2599 788 2687 πρὸς
815 2599 876 2687 τήν
904 2601 1081 2687 παροῦσάν

66 2708 137 2774 ἐστι
159 2712 388 2793 πραγματείαν
411 2712 524 2775 οἰκεία.
571 2710 699 2792 λέγεται
727 2713 846 2775 τοίνυν
874 2704 1081 2793 ἀντιστροφή

67 2807 159 2896 παρὰ
181 2814 381 2898 γεωμέτραις
403 2814 665 2900 προηγουμένως
687 2812 742 2878 καὶ
769 2816 908 2896 κυρίως,
937 2809 1018 2879 ὅταν
1041 2811 1082 2880 τά

67 2915 330 3003 συμπεράσματα
356 2919 409 2985 καὶ
437 2918 496 2998 τάς
523 2916 704 2995 ὑποθέσεις
731 2914 886 3002 ἀλλήλων
910 2913 1081 3003 ἀντιμετα-
1100 2939 1135 2990 25

66 3021 232 3108 λαμβάνει
257 3019 297 3088 τά
324 3023 541 3111 θεωρήματα,
573 3024 629 3091 καὶ
661 3019 698 3089 τὸ
731 3021 793 3108 μέν
825 3025 886 3089 τοῦ
917 3025 1082 3110 προτέρου

67 3143 284 3153 -—-——-

138 3187 181 3236 38.
200 3181 255 3236 mb
274 3181 321 3251 (de
340 3183 365 3236 V
384 3202 410 3237 u
430 3184 493 3238 adn.
513 3183 593 3251 crit..)
667 3187 709 3236 39.
730 3183 760 3235 Ρ.

68 3284 283 3292 ————-

141 3330 182 3377 11.
208 3318 294 3394 ούδέ]
317 3323 398 3378 δέΡ.
473 3330 514 3379 16.
538 3325 592 3378 Pro
611 3325 664 3379 hoc
684 3324 791 3379 scholio
810 3323 897 3379 inv.
926 3341 968 3394 ση.
988 3343 1032 3380 οτι
1049 3345 1081 3381 το

67 3391 241 3464 ζητούμενον
261 3391 292 3449 ἐν
311 3395 349 3467 τῷ
369 3403 382 3450 ἓ
401 3415 419 3464 η
439 3393 595 3462 δεδομένον
615 3392 646 3450 έν
665 3395 752 3469 τῷξς
771 3396 877 3452 itemf.
930 3401 980 3452 Ἃ
993 3396 1097 3453 mm

68 3467 225 3534 corruptus.
299 3448 342 3521 24¹.
362 3467 435 3521 Ante
453 3464 673 3541 προηγουμένως
685 3437 754 3527 ’ἀδελ
775 3467 884 3543 μὲυῖ
