2362 3796
105 141 172 206 544
253 142 411 196 scnom
428 143 467 196 m
485 142 759 196 mmmm
776 143 916 195 LIBRUM
928 144 963 198 x

105 280 332 368 ὀρθογωνίου.
365 285 577 370 δειχθήσεται
593 283 630 352 δὲ
648 281 768 362 οὕτως’
792 282 862 351 ἐπεὶ
875 279 896 369 ή
911 290 977 351 ΑΒ
999 278 1125 352 εὐθεῖα

104 390 259 476 τέτμηται
295 394 344 469 είς
375 388 478 459 ἄνισα
508 393 592 458 κατὰ
624 387 662 459 τό
688 396 733 475 Γ,
765 393 825 475 μία
851 391 919 458 τών
949 394 1030 474 AF,
1059 396 1125 459 FB

104 500 225 581 μείζων
252 498 352 564 ἐστίν.
397 502 481 564 ἔστω
510 494 530 583 ή
555 502 636 582 AF,
661 497 717 564 καί
762 536 784 584 Α
875 536 901 584 Δ
991 533 1020 584 Γ
1102 536 1124 585 Β

104 599 296 689 ἀφῃρήσθω
319 600 384 670 οάιὸ
403 606 462 688 τής
485 608 636 688 μείζονος
657 605 717 689 τής
770 601 1116 641 ’“”’“-’“““ί

67 733 85 782 5
104 712 169 774 AF
182 711 222 796 τῇ
237 707 395 777 ἐλάσσονι
408 712 449 798 τῇ
459 714 520 776 ΓΒ
535 717 591 802 ἴση
604 706 707 796 ήΓΛ.
733 709 803 777 έκεὶ
817 700 881 777 οὖν
894 705 1013 777 εὐθεῖα
1026 708 1049 795 ή
1060 714 1127 777 AF

103 814 272 902 τέτμηται,
306 812 351 894 ὡς
378 819 509 901 ἔτυχεν,
540 812 623 882 κατὰ
650 814 689 883 τὸ
714 823 761 898 Δ,
793 813 833 882 τὰ
860 811 926 898 ἄρα
953 809 1019 882 ἀπὸ
1050 819 1121 885 τών

103 924 187 1005 AF,
211 925 278 988 ΓΛ
309 919 502 1008 τετριίγωνα
534 929 590 988 ἶσα
617 921 692 989 ,ἐστὶ
722 923 768 1010 τῷ
800 946 835 988 τε
867 920 920 999 θὶς
951 915 1017 986 ὑπὸ
1053 925 1122 988 τών

103 1030 183 1112 AF,
207 1031 269 1094 ΓΔ
296 1027 420 1118 καὶτῷ
444 1024 509 1094 αἰτιό
533 1031 687 1112 τήρΑΔ
714 1025 919 1117 τετραγώνῳ.
964 1022 1054 1094 ώστε
1082 1026 1122 1094 τὰ

105 1127 171 1198 ὀκό
193 1134 263 1200 τών
282 1137 358 1217 AF,
377 1137 440 1199 ΓΔ
461 1142 523 1201 τοῦ
546 1132 598 1212 δίς
620 1128 686 1201 ὑπὸ
709 1135 778 1199 τών
802 1136 877 1217 AF,
895 1135 957 1197 ΓΔ
980 1133 1121 1218 μείζονά

51 1263 84 1313 10
103 1238 172 1305 ἐστι
195 1240 240 1327 τῷ
264 1234 330 1306 ὀτὸ
352 1241 413 1323 τής
426 1245 497 1305 ΑΔ
519 1236 725 1328 τετραγώνῳ.
762 1245 818 1305 ίσα
842 1235 879 1305 δὲ
901 1235 942 1304 τὰ
966 1238 1030 1325 μὲν
1052 1237 1119 1308 ἀπὸ

102 1346 170 1411 τῶν
195 1349 269 1430 AF,
289 1348 351 1410 ΓΔ
373 1356 444 1423 τοῖς
467 1341 533 1414 ὀτό
556 1348 625 1413 τών
647 1350 724 1430 AF,
743 1349 817 1411 FB·
848 1353 903 1431 ἴση
926 1343 992 1432 γὰρ
1017 1347 1120 1433 ἐτέθη

102 1452 227 1536 τήιΓΒ
257 1447 376 1536 ήΓΔ·
412 1447 450 1517 τὸ
474 1449 512 1518 δὲ
535 1451 587 1530 θὶς
609 1446 675 1518 ὑπὸ
703 1453 772 1518 τών
795 1455 875 1536 AF,
897 1456 961 1518 ΓΔ
988 1455 1037 1544 τῷ
1069 1455 1121 1534 δὶς

101 1551 167 1622 ὑπὸ
191 1557 259 1623 τών
277 1560 353 1642 AF,
371 1561 444 1624 FB.
478 1555 519 1625 τὰ
541 1554 608 1642 ἄρα
626 1553 692 1624 ἀπὸ
710 1560 780 1624 τών
798 1561 874 1640 AF,
891 1562 955 1624 FB
979 1559 1119 1643 μείζονά

102 1661 171 1728 ἐστι
202 1670 264 1729 τοῦ
293 1663 346 1742 δὶς
376 1659 443 1730 ὑπὸ
474 1666 543 1730 τών
570 1668 653 1748 AF,
680 1667 738 1730 FB
770 1665 815 1752 τῷ
848 1661 912 1731 ἀπὸ
943 1667 1004 1750 τής
1036 1673 1120 1732 ΑΔ·

49 1789 83 1841 15
102 1763 182 1853 ὅπερ
207 1770 275 1835 ἔδει
298 1768 411 1847 δεῖξαι.

471 1965 526 2030 Ad
550 1988 655 2050 prop.
677 1963 745 2032 LX.

168 2088 242 2154 329.
277 2084 332 2155 Ἐκ
351 2086 414 2155 δύο
434 2085 611 2173 ὀνομάτων
630 2086 743 2173 πρώτη
764 2079 820 2173 ήν,
843 2085 925 2155 ὅταν
943 2085 983 2154 τὸ
1002 2095 1116 2174 μεῖζον

101 2188 210 2274 ὀνομα
233 2191 424 2280 σύμμετρον
447 2185 492 2279 ήν
514 2192 611 2280 μήκει
634 2197 674 2281 τή
699 2194 868 2282 ἐκκειμένη
892 2195 987 2283 ῥητή.

167 2300 241 2365 330.
274 2296 382 2366 ’Ἑστω
410 2295 431 2382 ή
459 2304 524 2365 AB
556 2297 577 2385 ή
606 2301 641 2367 ἐκ
669 2299 732 2368 δύο
760 2297 937 2386 ὀνομάτων
965 2304 1028 2387 ρῖτ,
1060 2301 1116 2370 καὶ

48 2425 81 2474 20
102 2403 276 2490 διῃρήσθω
296 2407 344 2481 είς
361 2401 401 2470 τὰ
417 2401 565 2489 ὀνόματα
580 2402 624 2484 ὡς
638 2401 725 2472 εἶναι
739 2404 777 2474 τὸ
793 2411 904 2492 μεῖζον
919 2402 1032 2492 ὀνομα
1046 2414 1118 2496 (We,

100 2505 137 2574 τὸ
163 2507 200 2576 δὲ
223 2512 359 2576 ἔλαττον
382 2513 427 2577 ιῖὲ.
465 2513 548 2576 ἔστω
572 2509 610 2577 δὲ
631 2510 688 2577 καὶ
710 2508 731 2597 ή
752 2519 823 2579 ΔΕ
843 2510 937 2598 ῥητή,
960 2509 1040 2599 ήτοι
1060 2514 1118 2581 καὶ

100 2610 184 2700 αὐτή
209 2620 269 2701 ριί,
296 2616 352 2682 καὶ
374 2613 642 2702 παραβεβλήσθω
672 2615 748 2704 ήτοι
770 2615 962 2704 μερισθήτω
984 2617 1025 2687 τὸ
1050 2617 1118 2688 αἰπό

99 2723 167 2789 τών
182 2725 228 2808 ρῑτ
240 2721 422 2808 γινόμενον
436 2721 658 2809 τετράγωνον,
676 2724 827 2791 τουτέστι
841 2722 878 2791 τὸ
892 2721 960 2792 ὀτιὸ
974 2727 1035 2811 τῆς
1048 2734 1119 2795 AB

99 2830 157 2913 τῆς
176 2829 211 2895 ἐκ
231 2826 293 2895 δύο
314 2826 502 2914 ὀνομάτων,
521 2827 604 2916 ἅπερ
625 2827 775 2915 ὀνόματά
792 2831 893 2914 ἐστιν,
913 2826 958 2908 ὡς
972 2838 1119 2919 είρηται,

171 3027 230 3076 323.
251 3020 348 3092 αρν).
422 3028 482 3078 330.
501 3021 566 3093 vaq
580 3020 613 3092 (Ρ
627 3026 646 3091 ).

172 3205 195 3251 1.
214 3198 276 3270 AB]
298 3203 348 3253 ΓΒ
367 3198 429 3255 pv,
511 3199 740 3270 νηπίου.
813 3195 1118 3273 3sv‘1rAJbisvat.

135 3273 160 3322 3.
181 3265 261 3337 έτυχε
281 3269 314 3324 V.
388 3275 412 3325 8.
432 3266 480 3342 τά]
500 3287 553 3326 om.
573 3269 637 3326 Vat.
713 3275 755 3325 10.
774 3271 952 3342 τετραγώνου
971 3272 1003 3330 F.
1074 3282 1117 3332 11.

95 3341 154 3392 AF
171 3369 203 3378 —
222 3339 290 3412 τών]
311 3356 365 3396 om.
384 3339 417 3395 V.
499 3340 555 3411 ίαη]
575 3340 605 3394 in
623 3357 677 3396 τοο.
696 3342 727 3411 F,
747 3343 793 3396 ίσα
813 3342 845 3398 V.
928 3338 1064 3418 ὀκετέθη
1084 3347 1117 3402 Β.

127 3416 170 3469 12.
192 3411 259 3487 ΓΒ]
282 3416 338 3470 AF
354 3410 390 3471 V.
467 3417 511 3469 33.
531 3411 601 3484 ΓΒΚ
615 3411 715 3482 (prius)
735 3417 761 3467 Γ
777 3429 845 3470 corr.
865 3429 899 3468 ex
918 3417 940 3467 Β
959 3413 994 3471 V.
1073 3424 1118 3475 31.

76 3485 148 3558 καί]
165 3487 246 3561 (alt.)
267 3487 315 3546 bis
335 3507 365 3562 q,
386 3487 437 3547 sed
457 3504 530 3546 3333.
