2362 3796
232 123 391 176 SOHOLIA
407 124 447 176 IN
464 124 738 176 ELEMENTOEUM
756 124 896 176 LIBRUM
909 125 931 174 1.
1041 121 1085 186 93

71 263 191 349 σύνης,
227 259 268 330 τὰ
301 262 339 331 δέ
372 261 517 349 οὐράνια
549 262 686 349 μεριστά
719 264 788 331 έστι
819 265 874 331 καὶ
907 265 944 332 ἐν
971 261 1086 343 ἄλλοις

72 368 267 457 ὑφέστηκεν.
313 368 355 438 τὰ
389 368 426 436 δὲ
457 367 582 454 ψυχικδι
615 370 807 455 διαιρέσεως
837 369 892 436 καί
920 376 1086 449 ποικιλίας

73 480 282 563 μετείληφεν,
300 501 341 542 τοι
364 473 403 542 δὲ
420 473 523 558 νοερὰ
543 476 624 560 μετὰ
643 477 702 560 τῆς
720 474 870 554 ἑνοόσεως
886 477 943 543 καὶ
956 479 1086 562 πλῆθος

74 587 152 670 ἔχει,
176 578 260 650 αὑτοὶ
285 580 323 648 δὲ
343 577 385 649 τὰ
403 583 470 648 τῶν
487 584 582 649 θεῶν
601 581 734 666 ένοειδῆ
753 581 810 647 καὶ
828 578 917 648 ἁπλᾶ
935 582 999 666 πρὸ
1019 586 1087 650 τῶν

73 687 188 756 ἄλλων
215 684 403 773 ὑφέστηκεν
428 689 490 773 τὴν
522 687 711 773 τελειότητα
742 689 846 754 πᾶσιν
873 683 933 774 ἀφ’
959 687 1088 755 ἑαυτῶν
1125 711 1140 760 b

75 799 306 883 προτείνοντα·
344 791 577 881 τελεσιουργὸν
600 795 665 882 γὰρ
687 794 744 862 καὶ
767 790 953 880 ἆρχηγικὴν
977 798 1090 880 έχουσι

74 901 277 987 τὴναίτίαν.
308 896 371 967 οὑκ
384 897 450 986 ἄρα
463 896 504 967 τὰ
523 899 585 986 μὲν
604 904 708 967 ἔναλα
726 899 877 986 σχήματα
891 897 1091 986 ὑφέστηκεν,

75 1005 116 1076 τὰ
140 1006 178 1074 δὲ
200 1004 288 1074 όίυλα
311 1005 367 1073 καὶ
388 1004 627 1094 καθαρώτερον
655 1011 775 1093 ἔχοντα
796 1004 859 1092 τὴν
883 1003 1005 1074 οὐσίαν
1029 1004 1091 1094 οὑχ

76 1111 271 1201 ὑφέστηκεν.
319 1110 405 1180 ἀλλὰ
436 1115 541 1180 ταῦτα
573 1111 635 1198 μὲν
667 1114 749 1181 κατὰ
778 1110 816 1180 τδ
847 1111 1090 1200 Πυθαγόρειον

74 1217 229 1309 ἀρέσκον·
276 1216 295 1288 ὑ
324 1218 361 1287 δὲ
389 1219 575 1305 γεωμέτρης
598 1216 635 1286 τό
659 1221 696 1286 ἐν
724 1221 764 1307 τῇ
787 1225 956 1309 φαντασία
980 1222 1089 1306 σχῆμα
1109 1239 1144 1290 10

73 1329 216 1414 θεωρῶν
238 1326 295 1393 καὶ
318 1327 414 1392 τοῦτο
442 1327 579 1410 πρώτως
607 1322 714 1405 οὑτως
742 1321 948 1413 ὁριζόμενος,
977 1330 1008 1393 εί
1033 1327 1090 1393 καλ

74 1446 144 1512 τοῖς
172 1436 348 1518 αἰσθητοῖς
374 1429 489 1515 λόγοις
521 1429 735 1518 ἐφαρμόττει,
768 1434 930 1518 δευτέρως
956 1429 995 1499 τὸ
1023 1429 1090 1500 ὑπό

75 1564 167 1615 τινος
185 1535 206 1621 ἥ
220 1561 323 1604 τινων
338 1533 430 1621 ὅρων
444 1535 680 1622 περιεχόμενόν
694 1556 800 1622 φησιν
814 1534 901 1605 εἶναι
914 1535 953 1605 τδ
968 1542 1091 1624 σχῆμα·

80 1645 145 1710 σὺν
159 1639 222 1727 ὑλη
238 1639 303 1726 γὰρ
318 1638 384 1725 ἤδη
398 1638 515 1724 λαβὼν
528 1637 675 1707 αὐτὸκαὶ
686 1639 731 1718 ὡς
741 1642 920 1709 διαστατόν
931 1640 1092 1728 φανταζό-

81 1770 180 1832 μενος
194 1745 331 1824 είκότως
344 1742 382 1810 τὸ
397 1743 464 1811 ὑπό
477 1768 570 1823 τινος
586 1743 608 1831 ἤ
623 1770 727 1812 τινων
747 1743 838 1830 ὅρων
856 1746 1091 1834 περιεχόμενόν
1112 1769 1145 1820 ισ

80 1871 185 1940 φησιν
200 1847 287 1918 εἶναι
301 1847 340 1917 τδ
355 1852 473 1937 σχῆμα.
500 1853 568 1918 πᾶν
585 1853 651 1935 γὰρ
670 1848 708 1917 τὸ
726 1847 813 1936 ὑλην
832 1855 910 1937 ἔχον
929 1851 1054 1940 νοητὴν
1072 1849 1092 1940 ἢ

79 1956 249 2045 αἰσθητὴν
264 1953 455 2043 ἀλλαχόθεν
474 1960 540 2042 ἔχει
559 1953 618 2024 τὸν
639 1952 733 2044 ὅρον,
752 1956 807 2023 καὶ
822 1953 884 2023 οὑκ
898 1954 979 2024 αὑτό
994 1959 1094 2041 πέρας

79 2068 181 2150 ἐστίν,
205 2059 290 2131 ἀλλὰ
309 2063 557 2151 πεπερασμένον
577 2065 683 2148 ἐστίν,
707 2058 782 2132 οὐδ’
804 2058 886 2131 αὑτὸ
906 2060 999 2151 όρος,
1019 2060 1090 2133 ἀλλ’

80 2171 162 2239 ἄλλο
178 2169 239 2256 μὲν
254 2171 291 2237 ἐν
306 2166 393 2260 αὐτῷ
408 2169 446 2236 τὸ
462 2166 585 2257 ὁρίζον,
600 2158 681 2236 ἄλλο
697 2167 780 2237 δὲτὸ
793 2166 999 2258 ὁριζόμενον,
1015 2167 1090 2240 οὐδ’

82 2280 119 2345 ἐν
133 2273 223 2368 αὑτῷ
238 2276 340 2361 έστιν,
358 2273 431 2344 ἀλλ’
446 2274 503 2344 ὑπ’
517 2273 622 2343 ἄλλον
636 2277 826 2363 περιέχεται.
858 2281 904 2370 τῷ
922 2276 986 2365 γὰρ
999 2270 1092 2372 ποσῷ
1111 2302 1147 2353 20

83 2381 268 2469 συμφύεται
289 2383 343 2450 καὶ
367 2381 436 2470 μετ’
455 2385 584 2452 ἐκείνου
608 2389 865 2469 συνυφίσταται,
887 2385 943 2452 καὶ
965 2392 1093 2472 γίνεται

82 2486 171 2580 αὐτῷ
184 2485 406 2575 ὑποκείμενον
420 2486 458 2555 τὸ
474 2487 602 2557 ποσόν.
618 2492 649 2556 εί
663 2490 703 2556 δέ
712 2515 763 2569 τις
781 2490 939 2582 έπιτιμρόη
958 2495 1004 2581 τῷ
1024 2492 1092 2580 όρφ

82 2591 126 2674 ὑς
143 2591 208 2663 ἀπὸ
224 2599 294 2663 τῶν
313 2598 416 2662 εἰδῶν
433 2592 471 2662 τὸ
491 2595 589 2680 γένος
608 2593 867 2682 ὑφοριζόμενον·
890 2595 927 2665 τὸ
947 2594 1010 2682 γὰρ
1029 2594 1090 2682 ὑφ’

83 2699 159 2779 ἑνὸς
181 2698 263 2787 ὅρου
286 2700 524 2788 περιεχόμενον
542 2701 598 2769 καὶ
616 2699 654 2768 τὸ
673 2698 740 2769 ὑπο
759 2702 925 2770 πλειόνων
941 2705 1013 2786 είδη
1033 2690 1101 2767 τοὺ

82 2804 259 2892 σχήματος·
289 2810 510 2893 γιγνωσκέτω,
534 2807 585 2874 ὅτι
608 2807 664 2873 καὶ
686 2805 726 2874 τδι
749 2810 830 2894 γένη
853 2804 912 2885 τὰς
935 2804 1095 2891 δυνάμεις
1113 2827 1148 2877 25

83 2918 284 3002 προείληφεν
307 2917 376 2981 τῶν
400 2916 501 2982 εἰδῶν
525 2915 569 2989 ἐν,
587 2912 732 2997 ἑαυτοῖς,
754 2913 811 2979 καὶ
835 2911 916 2980 ὅταν
939 2908 1005 2978 ἀπὸ
1028 2913 1095 2978 τεόν

82 3017 260 3106 δυνάμεων
286 3022 354 3087 τῶν
385 3021 421 3086 έν
449 3032 521 3097 τοῖς
546 3018 679 3103 γένεσιν
708 3018 871 3087 ἐθέλωσιν
895 3014 979 3083 αὑτὰ
1004 3021 1094 3103 σαφη

81 3139 191 3193 ποιεῖν
216 3129 251 3194 οί
271 3129 424 3209 παλαιοί,
455 3126 596 3192 δοκοῦσι
625 3123 686 3220 μέν
713 3121 778 3191 ἀπὸ
807 3125 876 3190 των
899 3125 1003 3190 είδαῖν
1028 3125 1095 3192 έπι-

162 3325 187 3372 6.
206 3313 368 3402 αρχιγικήν.
451 3321 476 3371 8
495 3311 560 3399 οὑχ]
580 3332 649 3370 corr.
669 3331 702 3369 ex
722 3311 783 3370 οὑκ.
863 3323 888 3372 9.
906 3315 1024 3373 πνθοι’
990 3339 1041 3388 γρο
1043 3339 1097 3374 ιον

121 3394 162 3443 10
182 3384 228 3458 τό]
247 3389 294 3459 τῷ.
370 3391 411 3440 12.
431 3381 618 3456 ίφαρμονται.
692 3391 733 3440 19.
756 3382 822 3441 ἄλλο
841 3387 905 3458 μέν]
924 3339 1020 3456 ἄλλον,
1026 3340 1095 3445 ροίε.

85 3457 247 3527 Proclusp.
268 3441 328 3523 ¹142,
350 3462 390 3511 17.
463 3463 505 3511 21.
526 3459 731 3525 συνιφίσταται.
806 3463 848 3513 22.
869 3430 1031 3530 έπετιμοίηι.
