2362 3796
121 139 187 203 224
275 140 431 192 scnomA
449 142 488 193 m
505 139 780 192 ELEMENTORUM
796 138 937 189 LIBRUM
950 136 987 191 Π.

187 286 218 349 4.
262 278 333 367 Οόχ
362 308 406 361 ως
437 278 504 348 ὑπὸ
531 282 600 348 τών
628 278 691 346 δύο
718 277 866 346 εὐθειῶν
894 276 1130 405 περιεχομένου

120 389 181 454 τοτ’
206 384 434 473 ὀρθογωνίου·
459 386 525 455 ὑπὸ
547 390 567 453 ὀ
590 383 655 472 γὰρ
673 384 869 473 περιέχεται·
892 379 966 451 ἀλλ’
989 379 1036 463 ὡς
1057 406 1130 468 προ-

122 489 369 579 ειλημμένον“
350 489 417 560 νπό
447 496 507 561 τοῦ
535 489 618 621 ὅρον
644 493 705 558 τοῦ
728 489 763 557 α’
786 498 848 559 τοῦ
878 487 1043 576 δευτέρου
1068 496 1131 555 τών

121 603 304 685 στοιχείων.
352 601 389 667 έν
412 602 458 691 τῷ
482 596 516 665 α’
541 598 605 685 γὰρ
633 611 703 677 τοῖς
730 595 824 685 ὅροις
851 591 1012 681 εἶπεν,“
992 620 1046 662 οτι
1074 590 1131 661 δύο

86 728 103 777 ι
121 704 252 773 εὐθεῖαι
266 707 394 790 χωρίον
409 704 451 769 οὐ
464 702 689 789 περιέχουσιν·
711 701 769 768 καὶ
787 697 865 787 μηδ’
883 702 1037 767 ἐνταῦθα
1052 700 1131 785 γοῦν

58 879 65 893 ‚
120 809 302 899 ὑπολάβῃς,
326 808 378 875 ὅτι
400 811 499 876 τοῦτο
518 806 556 874 τὸ
578 803 793 893 ὀρθογώνιον
811 804 875 874 δύο
894 802 1030 873 εὐθεῖαι
1047 827 1132 890 περι-

122 918 265 1005 έχουσιν.
303 912 373 983 εἷπε
397 914 434 981 δὲ
458 913 521 981 δύο
546 910 602 980 διὰ
625 911 664 980 τὸ
686 912 743 979 καὶ
763 910 822 993 τὰς
840 909 961 990 λοιπὰς
979 909 1045 979 δύο
1064 918 1133 989 ίσας

122 1020 209 1091 εἶναι
231 1021 367 1101 ταύταις
390 1022 549 1107 ἑκατέραν
571 1022 611 1107 τῇ
636 1018 721 1107 αὑτῇ
745 1015 958 1086 ἀπεναντίον.

63 1159 70 1171 ·
189 1132 219 1195 5.
256 1127 300 1195 Τὸ
327 1126 542 1215 ὀρθογώνιον
565 1126 788 1213 προσέθηκεν,
810 1127 868 1193 ἵνα
888 1127 1080 1211 ὀιορίσηται
1095 1120 1133 1190 τὰ

71 1255 104 1305 10
123 1230 167 1318 μὴ
201 1228 394 1319 ὀρθογώνια
426 1230 770 1319 παραλληλόγραμμα,
803 1227 848 1310 ὥς
879 1234 982 1316 δηλοῖ
1011 1227 1049 1298 τό
1076 1227 1131 1317 μα’

122 1337 285 1424 θεώρημα
307 1340 368 1404 τοῦ
391 1336 426 1402 α’
451 1342 587 1422 βιβλίου
609 1337 725 1405 καὶτὸ
748 1334 814 1422 λη’.
849 1340 1078 1422 περιεχουσῶν
1095 1334 1132 1402 δέ

123 1440 192 1509 εἷπε
207 1443 263 1509 καὶ
278 1441 340 1528 οόχ
354 1439 592 1527 ὀποτιθεισών,
606 1445 663 1509 ἵνα
678 1438 722 1529 μὴ
736 1442 842 1529 λώβης
854 1438 915 1520 τόις
928 1439 1130 1519 ἀπεναντίας.

191 1553 221 1618 6.
267 1547 311 1616 Τὸ
341 1546 556 1636 ὀρθογώνιον
589 1550 815 1635 προσέθηκεν,
848 1550 905 1615 ἵνα
933 1552 1066 1636 ὀιορλση
1092 1543 1132 1613 τὰ

122 1657 450 1743 παραλληλόγραμμα
473 1654 546 1740 μέν,
569 1652 613 1740 μὴ
639 1652 833 1741 ὀρθογώνια
857 1653 906 1738 δέ,
930 1646 986 1721 οἶοί
1010 1658 1076 1723 είσι
1094 1655 1132 1720 τὰ

70 1784 104 1833 15
124 1762 176 1829 ε’πὶ
198 1766 257 1847 τῆς
280 1761 382 1848 αὐτῆς
405 1760 532 1847 βάσεως
555 1758 711 1847 ἀλλήλοις
729 1759 1060 1847 συναναγραφόμενιι
1081 1759 1134 1827 καὶ

122 1869 178 1952 τοί,
210 1865 263 1954 ἐφ’
289 1859 339 1936 ών
367 1866 602 1955 παραλλήλους
629 1863 765 1946 εὐθείας
792 1864 932 1952 ἄγοντες
963 1880 1039 1947 ταῖς
1069 1870 1134 1936 τῶν

122 1973 296 2060 τριγώνων
319 1981 478 2060 πλευραῖς
500 1971 847 2059 παραλληλόγραμμον
867 1974 1061 2059 ἐποιοῦμεν·
1084 1972 1136 2041 ἐπὶ

122 2079 252 2146 τούτων
274 2077 339 2164 γὰρ
363 2078 404 2146 οὐ
428 2080 556 2165 λέγεται
579 2079 617 2146 τὸ
639 2074 704 2145 ὑπὸ
728 2082 843 2145 τώνόε.

191 2188 219 2251 7.
260 2185 305 2265 Τό
328 2183 389 2269 μὲν
413 2181 629 2272 ὀρθογώνιον
657 2184 883 2270 προσέθηκεν,
914 2185 973 2251 ἵνα
1001 2187 1134 2272 ὀιορίση

70 2311 105 2360 20
123 2285 162 2353 τὰ
186 2288 514 2376 παραλληλόγραμμα
537 2290 609 2376 μέν,
633 2290 677 2375 μὴ
701 2287 895 2376 ὀρθογώνια
919 2290 969 2357 δέ·
992 2289 1048 2357 ἐπὶ
1070 2288 1135 2376 γὰρ

123 2392 375 2461 τῶντοιούτων
398 2394 439 2462 οὐ
462 2396 591 2481 λέγεται
614 2397 652 2463 τὸ
675 2393 741 2462 ὑπὸ
760 2398 876 2464 τώνόε.
912 2400 989 2463 τίνα
1008 2397 1051 2465 δέ
1066 2396 1134 2463 ἐστι

122 2524 162 2563 τα
186 2499 515 2587 παραλληλόγραμμα
537 2500 577 2568 τόι
602 2500 646 2588 μὴ
667 2502 874 2589 ὀρθογώνια,
898 2506 1051 2589 ἔγνωμεν
1068 2499 1135 2588 ἤδη

124 2605 161 2670 ἐν
187 2608 233 2696 τῷ
261 2607 325 2690 πρὸ
352 2604 475 2673 τούτου
498 2613 649 2699 στοιχείῳ
673 2658 770 2676 .....
793 2633 829 2675 τε
854 2621 925 2687 τοῖς
951 2631 1136 2696 προαναγε-

122 2711 325 2798 γραμμένοις
338 2712 697 2800 παραλληλογράμμοις
715 2739 749 2781 τε
767 2713 823 2780 καὶ
842 2711 1069 2802 ὀρθογωνίοις
1083 2714 1135 2783 ὀπὶ

71 2840 105 2888 25
123 2821 182 2902 τῆς
214 2815 316 2903 αὐτῆς
347 2816 475 2902 βάσεως
504 2820 860 2905 σνναναγραφομένοις
887 2869 976 2887 ....
1004 2811 1056 2888 ώυ

124 2919 258 3002 εὐθείας
289 2921 428 3007 ὀὶγοντες
458 2936 529 3003 ταῖς
560 2927 628 2990 τών
659 2922 835 3011 τριγώνων
866 2931 1027 3012 πλευραῖς
1057 2948 1136 3013 παρ

124 3099 331 3239 Μηίων.
415 3106 439 3154 ε.
458 3099 616 3170 Αμοαι).
677 3107 723 3155 ο.
742 3121 769 3170 μ.
852 3106 876 3156 τ.
895 3100 918 3155 υ
937 3100 1048 3172 (multis
1065 3102 1136 3159 locis

141 3189 158 3224 u
177 3190 195 3225 n

194 3334 220 3382 4.
239 3335 297 3392 τοῖς
312 3325 399 3417 ὅροις]
415 3347 468 3387 om.
483 3330 510 3397 b,
530 3347 586 3400 mg.
600 3329 723 3393 τοῖςτοό
739 3327 849 3417 πρώτον
865 3325 953 3399 ὀροιςς
971 3331 1038 3389 fort.
1053 3330 1135 3419 sqrib

124 3394 156 3454 έν
174 3419 234 3454 τον
254 3395 286 3453 α’
306 3398 367 3470 γάρ.
458 3406 483 3456 8.
504 3373 668 3487 ἕκατὲραὶ).
755 3398 911 3471 αὖτῆςλΒ.
1004 3408 1048 3459 12.
1065 3396 1135 3459 ’ὀπο-

122 3470 271 3544 τιθεισών]
289 3475 458 3546 corruptum.
530 3467 608 3544 λώβΗ
625 3477 660 3541 A·
682 3470 732 3528 cfr
750 3490 779 3542 ρ
797 3478 850 3529 225
868 3472 918 3528 lin.
937 3478 963 3529 ὁ.
