2362 3796
204 155 360 206 εοΗοιω
377 156 416 207 ΙΝ
434 154 710 242 Ειωιεαυοευω
727 154 866 204 mmm
879 153 954 204 xm.
1019 149 1084 214 665

70 300 177 383 γωνία
200 303 240 382 τῇ
262 290 329 360 ὑπὸ
352 299 463 360 ΑΓΛ·
497 291 586 378 ὀρθὴ
610 291 674 380 γὰρ
697 289 792 359 καὶ’
775 319 796 377 η
819 292 886 359 ὑπο
914 291 1061 358 AAB‘
1039 320 1085 370 ως

71 405 108 469 ἐν
130 405 315 489 ημικυκλίῳ
340 389 434 466 ούσα.
479 399 536 465 καὶ
563 397 661 484 κοινὴ
684 402 752 466 τών
775 403 797 482 β
824 395 999 486 τριγώνων
1022 400 1084 464 τοῦ

69 533 104 573 τε
132 512 233 573 ΑΓΛ
263 505 319 572 καὶ
345 508 407 572 τοὺ
434 502 586 572 AAB‘
569 532 590 590 η
618 504 702 593 πρὸς
728 508 774 596 τῷ
802 513 834 570 Α
863 511 979 589 γωνία.
1028 502 1084 570 καὶ

70 609 212 697 λοιπὴ’
198 610 264 699 ώρα
291 607 312 695 η
340 607 406 678 ὑπὸ
431 617 541 677 ΑΔΓ
569 614 670 697 λοιπῇ
696 637 736 699 τη
765 607 831 678 ὑπὸ
854 617 961 676 ΑΒΔ
993 610 1083 676 ἐστιν

72 727 136 803 ἴση.
179 721 210 784 εἰ
232 707 295 784 οὖν
318 715 339 803 ἡ
364 713 429 784 ὑπὸ
454 723 563 783 ΑΛΓ
582 721 689 802 γωνία
711 718 751 804 τῇ
774 712 841 783 ὑπὸ
866 715 970 781 ΑΒΔ
994 716 1083 782 ἐστιν
1121 736 1138 785 5

72 832 143 909 ίση,
172 824 237 890 είσὶ
261 822 299 890 δὲ
320 823 377 890 καὶ
401 826 439 890 αί
462 821 546 910 πρὸς
567 826 614 913 τῷ
638 829 671 890 Γ
694 824 811 908 ἐφεξῆς
838 827 959 908 γωνίαι
983 818 1084 908 ὀρθαὶ

70 931 126 997 καὶ
159 927 216 996 διὰ
247 933 348 996 τοῦτο
381 937 466 1014 ἴσαι,
498 928 554 994 καὶ
580 927 680 1013 λοιπὴ
714 926 779 1016 ὀρα
811 927 833 1014 ἡ
867 926 951 1015 πρὸς
977 929 1022 1018 τῷ
1054 935 1085 992 Α

70 1041 177 1122 γωνία
200 1037 301 1123 λοιπῇ
322 1037 362 1121 τῇ
389 1037 450 1102 τοῦ
473 1040 570 1101 ΓΔΒ
597 1032 774 1122 τριγώνου.
820 1031 991 1119 ἀνάλογον
1019 1030 1085 1119 ἄρα

72 1143 116 1222 ώς
139 1142 158 1228 ἡ
184 1145 254 1207 ΑΓ
271 1138 354 1226 πρὸς
376 1138 440 1226 τὴν
463 1146 536 1225 ΓΑ,
560 1137 667 1220 οὑτως
689 1136 710 1226 ἡ
735 1145 798 1206 ΓΑ
820 1138 904 1228 πρὸς
925 1139 988 1226 τὴν
1011 1145 1084 1224 ΓΒ,

71 1248 117 1327 ὡς
141 1248 246 1337 ἐντῷ
271 1243 303 1312 θ’
327 1249 387 1313 τοῦ
412 1244 444 1322 ς’
469 1247 643 1314 δέδεικται.
1105 1269 1138 1318 10

138 1357 191 1420 47.
218 1351 313 1434 Ἥξει
331 1353 387 1419 καὶ
405 1349 461 1418 διὰ
479 1356 543 1419 τοῦ
561 1359 593 1419 Ε
608 1379 640 1440 p.
654 1355 730 1440 292,
744 1355 778 1435 9]
803 1355 834 1418 εἰ
850 1350 915 1439 γὰρ
935 1349 997 1438 ούχ
1014 1347 1085 1436 ἥξει

73 1459 129 1526 διὰ
147 1462 209 1527 τού
223 1466 265 1547 Ε,
288 1463 465 1546 συμβαίνει
488 1456 631 1527 ἄτοπον·
655 1456 677 1545 ὑ
701 1456 792 1538 ἐκτὸς
815 1461 923 1544 γωνία
947 1463 1002 1543 ἴση
1021 1455 1084 1541 γὰρ

71 1569 112 1653 τῇ
135 1565 229 1646 ἐντὸς
251 1566 307 1633 καὶ
331 1562 535 1632 ἀπεναντίον
557 1568 619 1632 τοῦ
641 1564 819 1653 τριγώνου.

138 1675 192 1740 48.
229 1669 297 1737 Aa&
319 1670 357 1736 τὸ
383 1668 563 1754 ἰσογώνιον
590 1675 747 1756 γίνεσθαι
774 1697 806 1756 p.
828 1672 908 1755 292,
932 1672 988 1751 11]
1018 1671 1085 1735 ἰσο-

71 1775 179 1862 γώνια
202 1780 355 1860 γίνονται
377 1772 417 1840 τὰ
440 1777 587 1861 τρίγωνα
612 1773 668 1842 διὰ
691 1773 729 1843 τὸ
753 1775 785 1846 ς’
808 1780 870 1843 τοὺ
894 1775 936 1846 ς’.
976 1771 1085 1841 πόθεν
1106 1796 1139 1846 15

73 1880 110 1948 δὲ
134 1883 255 1966 δῆλον,
283 1877 334 1948 ὅτι
363 1879 579 1967 ὀρθογωνίου
601 1882 782 1969 γινομένου
804 1884 866 1949 τού
888 1886 992 1949 ΚΕΛ
1018 1906 1086 1966 τρι-

72 1985 186 2074 γώνου
213 1984 251 2054 τὸ
280 1986 333 2052 ἐπὶ
361 1990 419 2072 της
446 1992 515 2055 ΚΛ
545 1986 762 2075 γραφόμενον
789 1983 988 2074 ἡμικύκλιον
1016 1985 1086 2072 ἥξει

75 2092 131 2160 διὰ
155 2097 213 2178 τῆς
236 2091 319 2179 πρὸς
337 2096 382 2185 τῷ
402 2100 434 2160 Ε
455 2091 563 2180 ὀρθῆς
581 2100 720 2179 γωνίας;
755 2093 777 2179 ὑ
798 2092 859 2180 μὲν
877 2091 942 2180 γὰρ
962 2094 999 2160 ἐν
1012 2089 1086 2178 ἡμι-

71 2204 195 2288 κυκλίῳ
223 2203 330 2282 γωνία
358 2195 448 2285 ὀρθή
477 2200 583 2283 ἐστιν,
615 2197 743 2284 ἄθηλον
772 2200 824 2285 δέ,
857 2203 888 2266 εί
913 2198 970 2266 καὶ
998 2196 1087 2264 ιἰντι-

73 2304 214 2388 στρίφει.
249 2302 360 2390 φαμὲν
376 2295 438 2372 οὖν
453 2304 571 2384 οὕτως·
592 2309 674 2373 ἔστω
689 2311 856 2394 τρίγωνον
870 2301 1085 2390 ὀρθογώνιον
1104 2327 1140 2377 20

71 2407 109 2477 τό
133 2413 236 2475 ΑΒΓ
260 2405 372 2497 ὀρθὴν
400 2414 477 2497 ἔχον
504 2413 567 2498 τὴν
589 2408 656 2479 ὑπὸ
680 2416 784 2478 ΑΒΓ
806 2416 943 2497 γωνίαν.
988 2411 1086 2495 λέγω,

73 2513 125 2582 ὅτι
144 2513 182 2581 τό
202 2514 254 2582 ἐπὶ
271 2519 330 2602 τῆς
342 2515 404 2603 τὴν
420 2515 530 2605 ὀρθὴν
544 2523 673 2604 γωνίαν
686 2515 927 2604 ὑποτεινούσης
940 2520 1086 2603 πλευρᾶς

71 2622 130 2706 τῆς
147 2628 179 2686 Α
185 2625 218 2687 Γ
235 2621 453 2709 γραφόμενον
475 2622 675 2711 ἡμικύκλιον
699 2621 755 2689 διὰ
778 2626 840 2690 τοὺ
855 2629 884 2688 Β
908 2621 1085 2697 ἐλεύσεται,

73 2730 103 2793 εί
120 2724 184 2813 γὺρ
204 2723 248 2811 μὴ
269 2725 314 2793 δι’
332 2724 438 2796 αὐτοῦ
458 2732 565 2814 ἔλθοι,
585 2736 649 2795 εἴτε
662 2727 848 2815 ὑπερβαλεῖ
858 2725 991 2806 πάντως
1004 2726 1041 2794 τὸ
1057 2735 1086 2794 Β

71 2831 127 2899 καὶ
154 2830 311 2919 ὑπεράνω
339 2836 400 2918 τῆς
426 2831 509 2922 πρὸς
536 2837 581 2925 τῷ
605 2841 634 2900 Β
663 2831 770 2920 ὀρθῆς
792 2839 917 2920 γωνίας
939 2847 1085 2901 πεσεῖται
1104 2855 1139 2904 νσ

74 2947 139 3005 είτε
163 2940 305 3019 ἐλλείψει
334 2939 390 3007 καὶ
411 2953 504 3025 τεμεῖ
523 2937 582 3019 τὰς
604 2948 685 3026 ΑΒ,
709 2946 775 3008 ΒΓ
799 2937 941 3018 εὐθείας.
980 2937 1084 3027 ,ὑπερ-

143 3121 186 3168 47.
206 3112 255 3167 Vb.
328 3121 371 3171 48.
390 3111 443 3184 Vb3
463 3116 512 3172 cfr.
532 3133 572 3170 nr.
591 3123 635 3170 45.

145 3281 170 3328 3.
190 3273 239 3327 καὶ
257 3269 395 3360 λοιπή-
414 3280 439 3330 4.
458 3276 558 3346 ΑΔΓ]
577 3275 675 3330 bisV
748 3281 772 3330 5.
793 3275 883 3344 Supra
902 3276 947 3344 ἴση
966 3292 1016 3331 ser.
1035 3271 1084 3329 διὰ

70 3343 172 3399 τόκαὶ
192 3340 281 3399 ἐρίν’
263 3341 320 3397 απὸ
325 3294 409 3398 ηἴσων
428 3347 475 3400 ίσα
498 3346 531 3400 V.
623 3352 647 3402 8.
672 3346 739 3418 τοῦ]
765 3362 780 3400 e
803 3361 874 3401 corr.
893 3295 947 3402 7η
1017 3347 1086 3401 Post

75 3420 155 3470 ΓΔΒ
181 3415 270 3470 1litt.
295 3414 350 3469 del.
370 3414 403 3470 V.
496 3422 537 3470 12.
565 3414 636 3488 γάρ]
661 3434 711 3472 scr.
736 3418 863 3487 ylvewt?
954 3422 996 3471 18.
1023 3417 1094 3481 τῆς7

69 3485 192 3542 vom.
266 3485 308 3556 Ε]
328 3485 410 3540 HV
