2362 3796
110 142 177 210 658
244 147 401 200 SOHOLIA
419 150 459 202 IN
477 150 751 203 ELEMENTORUM
768 149 915 201 LIBRUM
928 151 1016 207 xm

469 326 524 392 Ad
547 350 652 413 prop.
675 327 764 394 VIII.

179 451 230 515 25.
266 444 420 536 Ἐδείχθη
445 456 499 534 ἴση
523 476 555 536 p.
572 452 646 535 270,
665 454 699 533 8]
724 445 745 535 ἡ
768 445 851 534 αὐτη
877 452 992 532 δεῖξις
1018 454 1065 542 τῇ
1084 456 1146 520 δει-

109 552 260 642 κνυούση
289 553 350 640 την
377 552 442 621 ὑπὸ
470 561 578 622 ΕΑΓ
605 560 734 641 γωνίαν
762 562 840 641 ἴσην
866 558 911 643 τῇ
940 553 1019 626 ὑπὸ
1048 565 1150 629 ΑΒΓ

111 661 186 746 ἤτοι
209 664 249 749 τῇ
272 658 530 751 ὑκοτεταγμένη.

73 792 90 839 ι
177 771 229 834 26.
253 764 381 848 Ἐδειξε
399 770 510 852 τοῦτο,
530 770 567 835 έν
587 761 637 848 οἷς
656 765 793 835 ἄνωθεν
812 771 929 852 ἔλεγεν
951 777 1046 858 ἴσην
1063 770 1148 842 εἶναι

109 870 171 959 τὴν
194 870 260 940 ὑπὸ
279 880 384 942 ΒΑΓ
403 873 478 960 ἤτοι
496 874 558 962 τὴν
577 871 643 942 ὑπὸ
664 880 763 941 ΒΑΘ
785 876 825 962 τῇ
845 869 914 941 ὑπὸ
934 884 1058 946 ΑΒΕ
1076 878 1149 967 ἤτοι

108 990 149 1067 τῇ
173 976 238 1047 ὑπὸ
262 987 370 1049 ABp.

176 1090 228 1153 27.
258 1082 398 1173 Ὁμοίως
412 1084 454 1174 δὴ
473 1089 625 1174 δείξομεν
644 1112 675 1173 p.
690 1090 764 1174 270,
781 1089 836 1171 19]
857 1087 929 1154 ἐπεὶ
949 1088 1029 1176 γὰρ
1044 1089 1068 1179 ἡ
1084 1098 1152 1161 ΑΓ

111 1200 165 1277 ἴση
190 1196 230 1280 τῇ
253 1199 332 1278 ΒΕ,
357 1187 405 1261 ὧν
428 1190 449 1280 ἡ
473 1201 539 1261 ΑΘ
561 1197 602 1282 τῇ
624 1199 687 1260 ΘΒ
710 1201 781 1278 ἴση,
804 1189 907 1278 λοιπὴ
932 1190 1011 1279 ἄρα
1037 1194 1061 1284 ἡ
1087 1204 1148 1266 ΓΘ

64 1324 91 1372 ιο
110 1301 209 1386 λοιπῇ
231 1301 271 1386 τῇ
291 1306 356 1365 ΘΕ
378 1307 432 1385 ἴση
456 1301 556 1368 ἐστίν.
594 1295 639 1378 ὡς
658 1296 723 1387 ἄρα
742 1295 763 1383 ἡ
781 1304 849 1365 ΒΕ
868 1297 959 1387 πρὸς
980 1301 1052 1389 τὴν
1073 1311 1147 1389 ΕΘ,

109 1401 223 1490 ἡΑΓ
250 1403 334 1490 πρὸς
360 1403 423 1490 τὴν
446 1409 524 1490 ΓΘ,
557 1405 612 1471 καί
642 1401 688 1484 ὡς
713 1401 734 1490 ἡ
759 1409 823 1470 ΕΘ
855 1402 942 1489 πρὸς
973 1407 1047 1494 τὴν
1072 1417 1146 1494 ΘΒ,

109 1506 130 1595 ἡ
152 1516 213 1576 ΓΘ
235 1508 319 1597 πρὸς
341 1507 403 1595 τὴν
422 1516 499 1576 ΘΑ·
522 1509 578 1576 καὶ
601 1506 622 1595 ἡ
642 1515 711 1578 ΑΓ
730 1507 795 1597 ἄρα
819 1506 927 1596 ἄκρον
950 1514 1018 1581 καί
1038 1517 1146 1601 μέσον

109 1614 213 1701 λόγον
235 1617 388 1702 τέτμηται
411 1612 494 1682 κατὰ
516 1613 555 1682 τὸ
575 1621 614 1698 Θ,
637 1615 694 1681 καὶ
712 1614 751 1682 τὸ
770 1620 882 1700 μεῖζον
902 1619 1028 1704 τμῆμά
1050 1624 1144 1689 ἐστιν

109 1718 130 1806 ἡ
154 1726 223 1789 ΓΘ.

64 1853 91 1903 15
484 1830 541 1895 Ad
564 1852 669 1914 prop.
692 1827 748 1894 IX.

180 1956 232 2020 28.
270 1957 535 2022 Πεντατιίασίων
558 1949 625 2040 ἄρα
651 1977 682 2038 p.
706 1954 780 2037 272,
805 1954 861 2033 12]
893 1948 945 2018 ὅτι
971 1953 1041 2040 μὲν
1068 1955 1145 2045 ἡμι-

110 2056 249 2126 κύκλιόν
273 2057 342 2125 ἐστι
365 2057 402 2125 τὸ
422 2065 531 2144 ΑΓΒ,
554 2061 673 2145 δῆλον
698 2055 874 2143 διάμετρος
892 2054 958 2142 γάρ
981 2060 1060 2128 έστι
1081 2066 1144 2131 τοῦ

110 2162 238 2231 κύκλου
265 2161 285 2249 ἡ
311 2171 385 2231 ΒΑ.
435 2167 491 2233 καὶ
519 2166 589 2233 ἐπεὶ
617 2162 638 2250 ἡ
666 2168 732 2230 ΒΓ
758 2162 952 2249 περιφέρεια
989 2166 1143 2237 δέκατόν

111 2271 182 2336 ἐστι
214 2270 314 2357 μέρος
345 2274 406 2338 τοῦ
439 2271 522 2340 ὅλου
553 2271 693 2339 κύκλου·
735 2266 930 2354 δεκαγώνου
961 2270 1032 2356 γάρ
1070 2277 1142 2342 έστι

64 2400 92 2448 ιο
111 2372 237 2460 πλευρὰ
260 2372 281 2459 ἡ
307 2380 382 2440 ΒΓ·
419 2377 488 2442 ἐπεὶ
513 2369 590 2462 οὖν,
620 2374 665 2455 ὥς
689 2384 831 2462 εἴρηται,
854 2371 875 2460 ἡ
899 2379 967 2440 ΒΓ
988 2377 1143 2449 δέκατόν

111 2481 180 2546 ἐστι
199 2480 299 2564 μέρος
316 2490 377 2546 τοῦ
398 2477 480 2546 ὅλου
499 2480 635 2562 κύκλου,
652 2485 715 2548 τοῦ
733 2479 932 2568 ἡμικυκλίου
950 2486 1017 2548 τοῦ
1033 2491 1147 2554 ΑΒΓ

110 2585 259 2671 πέμπτον
283 2587 381 2654 ἐστίν.

178 2694 231 2759 29.
264 2689 310 2759 Ἡ
324 2690 390 2778 ἄρα
408 2689 473 2760 ὑπὸ
494 2697 598 2759 ΑΕΓ
616 2695 722 2776 γωνία
740 2695 861 2778 p.272‚
877 2696 932 2775 17]
952 2692 1053 2774 ἐκτὸς
1072 2700 1141 2783 γάρ

113 2800 181 2866 έστι
204 2801 265 2866 τοῦ
284 2804 387 2864 ΒΕΓ
404 2796 584 2886 τριγώνου,
607 2795 731 2876 παντὸς
749 2798 787 2865 δὲ
804 2796 975 2883 τριγώνου
993 2795 1015 2886 ἡ
1038 2802 1140 2882 ἐκτὸς

64 2932 93 2980 25
113 2905 176 2973 δύο
204 2919 277 2984 ταῖς
306 2902 400 2984 ἐντὸς
427 2904 482 2971 καί
507 2901 710 2972 ἀπεναντίον
738 2910 794 2988 ἴση
818 2905 923 2970 ἐστίν·
961 2903 1052 2972 ὥστε
1076 2912 1140 2994 τῆς

113 3022 191 3096 μιᾶς
215 3016 373 3079 διπλασία
397 3012 497 3079 ἐστίν.

111 3140 168 3146 —.
172 3140 327 3148 .—-.——--

183 3193 226 3242 25.
245 3185 295 3241 Vb.
386 3193 428 3241 κο.
448 3183 496 3240 Vb.
586 3192 629 3241 27.
653 3185 700 3240 V¹.
804 3190 846 3240 28.
870 3183 935 3252 V⁸q
952 3183 1019 3254 (P).

111 3263 153 3310 29.
172 3257 237 3324 vssq
252 3257 284 3326 (P
298 3259 317 3326 ).

180 3424 225 3479 10.
251 3412 308 3494 ὡς]
332 3417 434 3491 postea.
454 3414 510 3473 ips.
527 3431 618 3485 pomp.
635 3414 670 3468 V.
760 3420 803 3470 21.
827 3414 930 3533 ΑΒΓη
951 3431 982 3482 q,
1007 3419 1083 3473 mut.
1104 3420 1136 3475 in

112 3499 160 3555 ΙΓ
160 3501 185 3554 Β
207 3495 242 3555 V.
321 3499 367 3552 24.
390 3486 465 3564 Iun]
485 3506 541 3545 om.
555 3487 595 3542 V.
662 3489 709 3538 ‘27³-
726 3480 895 3542 διιευαυτίας
938 3502 968 3547 ιχ.
