2362 3796
125 144 189 208 172
276 145 432 197 SGHOLIA
450 147 488 197 IN
507 146 781 198 ELEMENTORUM
799 146 938 197 LIBRUM
951 147 974 198 1.

460 338 516 404 Ad
538 363 643 425 prop.
666 339 802 406 XXVII.

193 465 265 529 100.
294 463 473 529 Ἐντεῦθεν
495 459 630 549 άρχεται
653 463 728 550 περὶ
751 466 819 530 των
842 460 1069 548 παραλλήλων
1095 465 1146 530 δι·

123 565 269 635 δάσκειν.

191 677 264 741 101.
291 671 426 760 Ἐπειδὴ
452 675 509 740 διά
531 677 599 741 τῶν
622 673 845 760 παραλλήλων
867 682 1031 760 γραμμῶν
1060 693 1142 742 σνν-

88 784 275 852 5ίστανται
301 779 509 866 τετράγωνα,
540 782 675 867 πρῶτον
707 779 783 863 περὶ
816 777 929 847 αὐτῶν
960 783 1029 847 τῶν
1057 803 1142 867 παρ-

123 889 276 972 αλλήλων
299 888 462 971 γραμμῶν
486 884 639 952 διδάσκει
663 887 699 952 έν
718 886 764 975 τῷ
783 883 832 965 κζ’
852 884 1058 972 θεωρήματι,
1082 887 1142 954 καὶ

123 990 223 1075 ὅπως,
247 994 362 1077 δῆλον.
409 987 491 1057 αύτὸ
515 989 552 1057 δέ
579 989 617 1057 τὸ
647 987 788 1070 ἐναλλάξ
817 992 927 1058 ἰστέον
956 988 1007 1059 ὅτι
1036 995 1142 1078 διχῶς

123 1095 141 1164 ὁ
161 1101 349 1183 γεωμέτρης
366 1095 628 1183 παραλαμβάνει,
646 1095 725 1163 ποτέ
743 1095 805 1183 μὲν
822 1094 906 1164 κατὰ
919 1095 982 1184 τήν
1000 1095 1141 1165 τοιάνδε

123 1203 234 1286 θέσιν,
257 1202 337 1269 ποτὲ
360 1201 398 1268 δὲ
420 1204 502 1268 κατὰ
526 1204 588 1288 τήν
611 1201 747 1269 τοιάνδε
770 1205 838 1269 τῶν
861 1201 973 1288 λόγων
998 1199 1140 1270 ἀκολου-

71 1331 105 1380 10
124 1313 216 1374 θίαν.
253 1304 335 1374 κατά
359 1305 421 1394 μὲν
444 1311 544 1375 τοῦτο
567 1306 605 1375 τὸ
630 1307 878 1394 σημαινόμενον
903 1310 940 1376 ἐν
962 1312 1008 1400 τῷ
1033 1307 1062 1376 ε’
1080 1308 1138 1375 καὶ

125 1415 161 1480 έν
185 1426 254 1492 τοῖς
278 1409 512 1500 ἀριθμητικοῖς
534 1417 652 1502 χρήται
679 1418 725 1505 τῷ
749 1412 904 1499 ἐναλλάξ,
932 1411 1015 1481 κατὰ
1040 1412 1077 1481 δέ
1098 1412 1139 1481 τὸ

125 1519 240 1607 ἕτερον
263 1524 299 1586 έν
323 1545 358 1586 τε
380 1518 487 1609 τούτῳ
511 1521 566 1586 καὶ
590 1522 626 1587 έν
649 1534 720 1599 τοῖς
743 1518 871 1599 άλλοις.
885 1524 966 1587 πάσι
994 1525 1143 1606 βιβλίοις

125 1625 178 1692 έπλ
201 1630 269 1694 τῶν
292 1627 515 1714 παραλλήλων
539 1622 684 1694 εύθειῶν
706 1626 762 1693 καὶ
785 1631 843 1712 τής
866 1631 913 1705 είς
938 1625 1062 1706 ταύτας
1086 1628 1141 1714 έμ-

124 1731 320 1818 πιπτούσης·
343 1731 403 1812 τδις
420 1731 485 1821 γάρ
504 1739 628 1819 γωνίας
649 1732 708 1812 τὰς
731 1733 775 1820 μή
800 1734 853 1802 ἐπὶ
874 1733 915 1801 τὰ
939 1730 1023 1801 αύτδι
1047 1760 1142 1821 γινο-

73 1862 106 1910 15
126 1838 241 1924 μένας,
270 1836 355 1907 ἀλλὰ
379 1841 617 1931 ιδιειργομένας
643 1841 704 1927 μὲν
732 1838 798 1909 άπὸ
821 1845 881 1927 τής
903 1838 1141 1928 ἐμπιπτούσης,

125 1944 220 2024 έντδς
243 1944 280 2013 δὲ
303 1943 404 2033 άμφω
427 1951 496 2014 τάν
519 1947 742 2034 παραλλήλων
767 1945 993 2033 διαφερούσας
1010 1945 1072 2033 μέν
1092 1951 1140 2036 τῷ

125 2047 186 2135 τήν
210 2050 272 2136 μὲν
295 2048 367 2118 άνω
385 2061 529 2137 κεῖσθαι,
552 2051 615 2139 τήν
635 2052 672 2120 δὲ
690 2052 801 2137 αάτω,’
814 2053 870 2118 καὶ
889 2055 947 2137 τής
965 2049 1025 2138 μὲν
1043 2049 1140 2130 ἐντὸς

124 2160 182 2239 τῆς
205 2155 430 2242 ἐμπιπτούσης
453 2156 588 2236 εὐθείας
615 2162 663 2237 είς
685 2159 744 2238 τάς
766 2157 1001 2244 παραλλήλους
1023 2154 1141 2244 οὔσης,

125 2264 184 2348 τής
207 2259 244 2327 δέ
268 2259 377 2346 ἐκτός,
406 2259 596 2347 ἀμφοτέρας
624 2262 661 2330 δὲ
689 2261 784 2342 ἐντὸς
810 2267 878 2331 των
902 2262 1141 2350 παραλλήλων,

73 2371 107 2440 2'0
126 2368 249 2445 ταύτας
276 2364 417 2448 ἐναλλάξ
447 2372 572 2452 γωνίας
599 2376 704 2436 ualet·
747 2364 822 2437 οἷον
850 2365 995 2436 εὐθειῶν
1024 2366 1141 2437 ούσοῖν

125 2477 194 2541 των
227 2479 308 2557 ΑΒ,
336 2478 412 2558 ΓΔ,
446 2473 670 2561 ἐμπιπτούσης
702 2475 741 2542 δὲ
773 2480 820 2555 είς
852 2472 955 2555 αὐτὰς
985 2485 1044 2560 τῆς
1076 2481 1142 2541 ΕΖ

126 2577 262 2657 εὐθείας
285 2577 425 2660 ἐναλλάξ
450 2578 540 2648 εἷναί
560 2599 644 2668 φησι
667 2579 725 2661 τὰς
747 2580 813 2649 ὑπο
838 2588 939 2649 ΑΕΖ
961 2581 1017 2648 καὶ
1037 2587 1144 2648 ΔΖΕ

126 2686 182 2752 καὶ
205 2685 305 2752 πάλιν
329 2684 388 2766 τὰς
410 2683 476 2754 ὑπὸ
501 2692 599 2754 ΓΖΕ
623 2688 678 2753 καὶ
702 2695 808 2755 ΒΕΖ.
855 2685 962 2766 οὕτως
986 2685 1023 2754 δέ
1045 2693 1145 2754 καλεῖ

127 2790 230 2871 αὐτάς
253 2790 297 2871 ὡς
320 2793 573 2879 ἐνηλλαγμένως
595 2792 736 2880 ἐχούσας
758 2820 841 2861 κατα
859 2792 922 2879 τήν
940 2794 1055 2878 θέσιν,
1076 2791 1141 2880 τήν

73 2921 107 2970 25
127 2898 188 2984 μὲν
208 2897 290 2984 άνω,
313 2901 375 2984 τήν
395 2898 433 2965 δὲ
450 2898 539 2966 κάτω
558 2899 614 2965 καὶ
632 2895 693 2984 τήν
712 2898 773 2984 μὲν
790 2899 843 2967 ἐπὶ
857 2897 894 2966 τὸ
911 2899 1024 2985 ἕτερον
1039 2898 1142 2986 μέρος

126 3009 185 3090 τής
212 3003 437 3090 ἐμπιπτούσης
465 3001 613 3091 εύθείας,
641 3003 703 3090 τήν
733 3003 770 3072 δέ
797 3004 850 3071 έπλ
878 3002 915 3072 τὸ
944 3005 1073 3093 ἕτερον·
1111 3007 1144 3071 εί

127 3113 191 3196 γάρ
211 3107 231 3195 ή
253 3109 324 3178 άνω
340 3110 444 3195 έντός,
464 3108 484 3195 ή
499 3113 587 3178 κάτω
604 3114 696 3191 ἕκτος
709 3112 764 3178 καὶ
780 3107 957 3179 ἀνάπαλιν.
983 3108 1143 3197 τοιαύτης

200 3276 258 3323 100.
272 3231 339 3339 p*
378 3275 437 3324 101.
458 3269 571 3338 νιος).

127 3373 478 3498 T-,]p†]5uTqyoffe'vag]
502 3410 618 3465 Proclus
640 3429 668 3480 p.
687 3416 752 3479 357,
773 3416 819 3479 1⁸3
849 3408 1062 3482 διεγειρομίνας
1079 3411 1141 3480 Vq.

159 3482 233 3551 ατη]
252 3481 313 3550 Vq,
333 3499 390 3536 νπο
408 3481 524 3537 ΡεοοΙοε
542 3499 569 3552 p.
588 3487 650 3552 357,
670 3487 711 3538 18.
