<?xml version="1.0" encoding="UTF-8"?>
<!DOCTYPE html PUBLIC "-//W3C//DTD XHTML 1.0 Transitional//EN"
    "http://www.w3.org/TR/xhtml1/DTD/xhtml1-transitional.dtd">
<html xmlns="http://www.w3.org/1999/xhtml" xml:lang="en" lang="en">
 <head>
  <title>
</title>
<meta http-equiv="Content-Type" content="text/html;charset=utf-8" />
  <meta name='ocr-system' content='tesseract 3.04.00' />
  <meta name='ocr-capabilities' content='ocr_page ocr_carea ocr_par ocr_line ocrx_word'/>
</head>
<body>
  <div class='ocr_page' id='page_1' title='image "./euclidisoperaom02unkngoog_0847.png"; bbox 0 0 2362 3796; ppageno 0'>
   <div class='ocr_carea' id='block_1_1' title="bbox 128 182 885 248">
    <p class='ocr_par' dir='ltr' id='par_1_1' title="bbox 128 182 885 248">
     <span class='ocr_line' id='line_1_1' title="bbox 128 182 885 248; baseline -0.008 0"><span class='ocrx_word' id='word_1_1' title='bbox 128 182 195 248; x_wconf 80' lang='lat'><strong><em>730</em></strong></span> <span class='ocrx_word' id='word_1_2' title='bbox 382 187 565 240; x_wconf 67' lang='lat' dir='ltr'><strong><em>mm</em></strong></span> <span class='ocrx_word' id='word_1_3' title='bbox 584 188 821 240; x_wconf 74' lang='grc' dir='ltr'><strong><em>εοιιοιιοεεου</em></strong></span> <span class='ocrx_word' id='word_1_4' title='bbox 838 189 885 242; x_wconf 86' lang='lat' dir='ltr'><strong><em>1v.</em></strong></span> 
     </span>
    </p>
   </div>
   <div class='ocr_carea' id='block_1_2' title="bbox 67 324 1145 3162">
    <p class='ocr_par' dir='ltr' id='par_1_2' title="bbox 67 324 1145 3162">
     <span class='ocr_line' id='line_1_2' title="bbox 193 324 1145 416; baseline 0.004 -24"><span class='ocrx_word' id='word_1_5' title='bbox 193 329 277 393; x_wconf 77' lang='grc' dir='ltr'><strong><em>ἔσται</em></strong></span> <span class='ocrx_word' id='word_1_6' title='bbox 300 326 365 415; x_wconf 83' lang='grc' dir='ltr'><strong><em>γὰρ</em></strong></span> <span class='ocrx_word' id='word_1_7' title='bbox 388 324 453 395; x_wconf 89' lang='grc' dir='ltr'><strong><em>άπδ</em></strong></span> <span class='ocrx_word' id='word_1_8' title='bbox 480 326 542 413; x_wconf 74' lang='grc' dir='ltr'><strong><em>μὲν</em></strong></span> <span class='ocrx_word' id='word_1_9' title='bbox 569 331 631 395; x_wconf 83' lang='grc' dir='ltr'><strong><em>τοῦ</em></strong></span> <span class='ocrx_word' id='word_1_10' title='bbox 655 333 699 414; x_wconf 81' lang='grc' dir='ltr'><strong><em>αβ</em></strong></span> <span class='ocrx_word' id='word_1_11' title='bbox 726 326 935 416; x_wconf 83' lang='grc' dir='ltr'><strong><em>τετράγωνος</em></strong></span> <span class='ocrx_word' id='word_1_12' title='bbox 963 324 981 395; x_wconf 98' lang='lat'><em>6</em></span> <span class='ocrx_word' id='word_1_13' title='bbox 1009 331 1046 413; x_wconf 89' lang='grc' dir='ltr'><strong><em>δ,</em></strong></span> <span class='ocrx_word' id='word_1_14' title='bbox 1079 325 1145 396; x_wconf 89' lang='grc' dir='ltr'><strong><em>άπὸ</em></strong></span> 
     </span>
     <span class='ocr_line' id='line_1_3' title="bbox 127 428 1145 520; baseline 0.001 -22"><span class='ocrx_word' id='word_1_15' title='bbox 127 431 165 500; x_wconf 79' lang='grc' dir='ltr'><strong><em>δδ</em></strong></span> <span class='ocrx_word' id='word_1_16' title='bbox 183 435 244 499; x_wconf 84' lang='grc' dir='ltr'><strong><em>τοῦ</em></strong></span> <span class='ocrx_word' id='word_1_17' title='bbox 258 457 301 518; x_wconf 91' lang='grc' dir='ltr'><strong><em>αγ</em></strong></span> <span class='ocrx_word' id='word_1_18' title='bbox 324 428 401 516; x_wconf 82' lang='grc' dir='ltr'><strong><em>δεζ,</em></strong></span> <span class='ocrx_word' id='word_1_19' title='bbox 425 431 491 500; x_wconf 89' lang='grc' dir='ltr'><strong><em>άπὸ</em></strong></span> <span class='ocrx_word' id='word_1_20' title='bbox 516 430 555 500; x_wconf 71' lang='grc' dir='ltr'><strong><em>δὲ</em></strong></span> <span class='ocrx_word' id='word_1_21' title='bbox 572 436 634 501; x_wconf 85' lang='grc' dir='ltr'><strong><em>τοῦ</em></strong></span> <span class='ocrx_word' id='word_1_22' title='bbox 649 438 692 519; x_wconf 84' lang='grc' dir='ltr'><strong><em>γβ</em></strong></span> <span class='ocrx_word' id='word_1_23' title='bbox 715 431 808 520; x_wconf 80' lang='grc' dir='ltr'><strong><em>ὁηθ,</em></strong></span> <span class='ocrx_word' id='word_1_24' title='bbox 832 435 868 501; x_wconf 83' lang='grc' dir='ltr'><strong><em>ἐκ</em></strong></span> <span class='ocrx_word' id='word_1_25' title='bbox 887 432 925 500; x_wconf 75' lang='grc' dir='ltr'><strong><em>δὲ</em></strong></span> <span class='ocrx_word' id='word_1_26' title='bbox 944 435 1013 500; x_wconf 92' lang='grc' dir='ltr'><strong><em>τῶν</em></strong></span> <span class='ocrx_word' id='word_1_27' title='bbox 1033 439 1145 519; x_wconf 77' lang='grc' dir='ltr'><strong><em>αγ,γβ</em></strong></span> 
     </span>
     <span class='ocr_line' id='line_1_4' title="bbox 125 536 1144 662; baseline 0.002 -57"><span class='ocrx_word' id='word_1_28' title='bbox 125 536 282 624; x_wconf 76' lang='grc' dir='ltr'><strong><em>ἑκάτερος</em></strong></span> <span class='ocrx_word' id='word_1_29' title='bbox 311 541 381 605; x_wconf 88' lang='grc' dir='ltr'><strong><em>τῶν</em></strong></span> <span class='ocrx_word' id='word_1_30' title='bbox 413 544 466 624; x_wconf 75' lang='grc' dir='ltr'><strong><em>ζη,</em></strong></span> <span class='ocrx_word' id='word_1_31' title='bbox 486 545 542 606; x_wconf 81' lang='grc' dir='ltr'><strong><em>θιι.</em></strong></span> <span class='ocrx_word' id='word_1_32' title='bbox 592 538 661 606; x_wconf 79' lang='grc' dir='ltr'><strong><em>ἐπεὶ</em></strong></span> <span class='ocrx_word' id='word_1_33' title='bbox 823 610 843 643; x_wconf 77' lang='lat' dir='ltr'><em>a</em></span> <span class='ocrx_word' id='word_1_34' title='bbox 1009 611 1027 658; x_wconf 66' lang='lat' dir='ltr'><em>y</em></span> <span class='ocrx_word' id='word_1_35' title='bbox 1124 582 1144 662; x_wconf 60' lang='grc' dir='ltr'><strong><em>β</em></strong></span> 
     </span>
     <span class='ocr_line' id='line_1_5' title="bbox 125 640 1136 750; baseline 0.002 -40"><span class='ocrx_word' id='word_1_36' title='bbox 125 647 244 712; x_wconf 81' lang='grc' dir='ltr'><strong><em>τοίνυν</em></strong></span> <span class='ocrx_word' id='word_1_37' title='bbox 271 640 290 711; x_wconf 94' lang='lat'><em>6</em></span> <span class='ocrx_word' id='word_1_38' title='bbox 317 670 361 730; x_wconf 91' lang='grc' dir='ltr'><strong><em>αγ</em></strong></span> <span class='ocrx_word' id='word_1_39' title='bbox 387 640 510 712; x_wconf 76' lang='grc' dir='ltr'><strong><em>ἑαυτὸν</em></strong></span> <span class='ocrx_word' id='word_1_40' title='bbox 538 650 661 711; x_wconf 83' lang='grc' dir='ltr'><strong><em>πολλα·</em></strong></span> <span class='ocrx_word' id='word_1_41' title='bbox 692 698 709 750; x_wconf 55' lang='grc' dir='ltr'><strong><em>ὅ</em></strong></span> <span class='ocrx_word' id='word_1_42' title='bbox 827 661 1136 698; x_wconf 61' lang='grc' dir='ltr'><strong><em>Ι---··-ί--Ι</em></strong></span> 
     </span>
     <span class='ocr_line' id='line_1_6' title="bbox 89 747 1135 836; baseline -0.001 -16"><span class='ocrx_word' id='word_1_43' title='bbox 89 748 311 828; x_wconf 78' lang='grc' dir='ltr'><strong><em>οπλασιάσας</em></strong></span> <span class='ocrx_word' id='word_1_44' title='bbox 333 751 467 836; x_wconf 82' lang='grc' dir='ltr'><strong><em>ἐποίησε</em></strong></span> <span class='ocrx_word' id='word_1_45' title='bbox 488 747 550 817; x_wconf 88' lang='grc' dir='ltr'><strong><em>τὸν</em></strong></span> <span class='ocrx_word' id='word_1_46' title='bbox 572 756 615 835; x_wconf 84' lang='grc' dir='ltr'><strong><em>εζ,</em></strong></span> <span class='ocrx_word' id='word_1_47' title='bbox 640 748 658 818; x_wconf 91' lang='lat'><em>6</em></span> <span class='ocrx_word' id='word_1_48' title='bbox 696 768 1135 805; x_wconf 60' lang='lat' dir='ltr'><strong><em>¹-r----—¹</em></strong></span> 
     </span>
     <span class='ocr_line' id='line_1_7' title="bbox 124 852 1142 978; baseline 0.002 -57"><span class='ocrx_word' id='word_1_49' title='bbox 124 852 191 940; x_wconf 80' lang='grc' dir='ltr'><strong><em>ἄρα</em></strong></span> <span class='ocrx_word' id='word_1_50' title='bbox 218 882 261 941; x_wconf 92' lang='grc' dir='ltr'><strong><em>αγ</em></strong></span> <span class='ocrx_word' id='word_1_51' title='bbox 291 868 405 943; x_wconf 80' lang='grc' dir='ltr'><strong><em>μετρεῖ</em></strong></span> <span class='ocrx_word' id='word_1_52' title='bbox 427 853 489 923; x_wconf 87' lang='grc' dir='ltr'><strong><em>τὸν</em></strong></span> <span class='ocrx_word' id='word_1_53' title='bbox 515 861 549 936; x_wconf 80' lang='grc' dir='ltr'><strong><em>εζ</em></strong></span> <span class='ocrx_word' id='word_1_54' title='bbox 574 854 658 922; x_wconf 83' lang='grc' dir='ltr'><strong><em>κατὰ</em></strong></span> <span class='ocrx_word' id='word_1_55' title='bbox 687 872 1142 978; x_wconf 48' lang='grc' dir='ltr'><strong><em>ἑ--ἶ--ῇ--ῇ-ῇ</em></strong></span> 
     </span>
     <span class='ocr_line' id='line_1_8' title="bbox 123 959 659 1053; baseline 0.004 -27"><span class='ocrx_word' id='word_1_56' title='bbox 123 959 183 1039; x_wconf 80' lang='grc' dir='ltr'><strong><em>τὰς</em></strong></span> <span class='ocrx_word' id='word_1_57' title='bbox 201 960 239 1027; x_wconf 78' lang='grc' dir='ltr'><strong><em>ἐν</em></strong></span> <span class='ocrx_word' id='word_1_58' title='bbox 253 962 360 1053; x_wconf 79' lang='grc' dir='ltr'><strong><em>ἑαυτῷ</em></strong></span> <span class='ocrx_word' id='word_1_59' title='bbox 375 962 534 1047; x_wconf 91' lang='grc' dir='ltr'><strong><em>μονάδας.</em></strong></span> <span class='ocrx_word' id='word_1_60' title='bbox 557 963 659 1029; x_wconf 89' lang='grc' dir='ltr'><strong><em>πάλιν</em></strong></span> 
     </span>
     <span class='ocr_line' id='line_1_9' title="bbox 124 1063 1141 1153; baseline 0.004 -22"><span class='ocrx_word' id='word_1_61' title='bbox 124 1065 195 1132; x_wconf 73' lang='grc' dir='ltr'><strong><em>ἐπεὶ</em></strong></span> <span class='ocrx_word' id='word_1_62' title='bbox 224 1063 243 1134; x_wconf 92' lang='lat'><em>6</em></span> <span class='ocrx_word' id='word_1_63' title='bbox 270 1072 314 1153; x_wconf 81' lang='grc' dir='ltr'><strong><em>γβ</em></strong></span> <span class='ocrx_word' id='word_1_64' title='bbox 346 1065 408 1135; x_wconf 87' lang='grc' dir='ltr'><strong><em>τὸν</em></strong></span> <span class='ocrx_word' id='word_1_65' title='bbox 435 1092 479 1153; x_wconf 91' lang='grc' dir='ltr'><strong><em>γα</em></strong></span> <span class='ocrx_word' id='word_1_66' title='bbox 511 1065 804 1146; x_wconf 79' lang='grc' dir='ltr'><strong><em>πολλαπλασιάσας</em></strong></span> <span class='ocrx_word' id='word_1_67' title='bbox 835 1068 971 1153; x_wconf 81' lang='grc' dir='ltr'><strong><em>ἐποίησε</em></strong></span> <span class='ocrx_word' id='word_1_68' title='bbox 1001 1067 1067 1135; x_wconf 88' lang='grc' dir='ltr'><strong><em>τὸν</em></strong></span> <span class='ocrx_word' id='word_1_69' title='bbox 1095 1074 1141 1151; x_wconf 82' lang='grc' dir='ltr'><strong><em>ζ,</em></strong></span> 
     </span>
     <span class='ocr_line' id='line_1_10' title="bbox 124 1169 1139 1262; baseline 0.001 -24"><span class='ocrx_word' id='word_1_70' title='bbox 124 1184 238 1257; x_wconf 87' lang='grc' dir='ltr'><strong><em>μετρεῖ</em></strong></span> <span class='ocrx_word' id='word_1_71' title='bbox 256 1169 323 1260; x_wconf 86' lang='grc' dir='ltr'><strong><em>άρα</em></strong></span> <span class='ocrx_word' id='word_1_72' title='bbox 345 1170 407 1240; x_wconf 90' lang='grc' dir='ltr'><strong><em>τὸν</em></strong></span> <span class='ocrx_word' id='word_1_73' title='bbox 431 1178 467 1258; x_wconf 81' lang='grc' dir='ltr'><strong><em>ζη</em></strong></span> <span class='ocrx_word' id='word_1_74' title='bbox 491 1171 509 1241; x_wconf 92' lang='lat'><em>6</em></span> <span class='ocrx_word' id='word_1_75' title='bbox 534 1199 577 1258; x_wconf 94' lang='grc' dir='ltr'><strong><em>αγ</em></strong></span> <span class='ocrx_word' id='word_1_76' title='bbox 598 1170 682 1240; x_wconf 83' lang='grc' dir='ltr'><strong><em>κατὰ</em></strong></span> <span class='ocrx_word' id='word_1_77' title='bbox 705 1170 764 1252; x_wconf 81' lang='grc' dir='ltr'><strong><em>τάς</em></strong></span> <span class='ocrx_word' id='word_1_78' title='bbox 786 1174 822 1240; x_wconf 83' lang='grc' dir='ltr'><strong><em>ἐν</em></strong></span> <span class='ocrx_word' id='word_1_79' title='bbox 846 1176 891 1262; x_wconf 80' lang='grc' dir='ltr'><strong><em>τῇ</em></strong></span> <span class='ocrx_word' id='word_1_80' title='bbox 914 1178 957 1258; x_wconf 85' lang='grc' dir='ltr'><strong><em>γβ</em></strong></span> <span class='ocrx_word' id='word_1_81' title='bbox 980 1173 1139 1259; x_wconf 88' lang='grc' dir='ltr'><strong><em>μονάδας.</em></strong></span> 
     </span>
     <span class='ocr_line' id='line_1_11' title="bbox 71 1277 1140 1371; baseline 0 -26"><span class='ocrx_word' id='word_1_82' title='bbox 71 1302 105 1351; x_wconf 83' lang='grc' dir='ltr'><strong><em>ιο</em></strong></span> <span class='ocrx_word' id='word_1_83' title='bbox 124 1278 251 1365; x_wconf 81' lang='grc' dir='ltr'><strong><em>ἐμέτρει</em></strong></span> <span class='ocrx_word' id='word_1_84' title='bbox 274 1277 311 1345; x_wconf 71' lang='grc' dir='ltr'><strong><em>δὲ</em></strong></span> <span class='ocrx_word' id='word_1_85' title='bbox 333 1278 389 1346; x_wconf 81' lang='grc' dir='ltr'><strong><em>καὶ</em></strong></span> <span class='ocrx_word' id='word_1_86' title='bbox 411 1277 474 1346; x_wconf 85' lang='grc' dir='ltr'><strong><em>τὸν</em></strong></span> <span class='ocrx_word' id='word_1_87' title='bbox 497 1284 531 1360; x_wconf 75' lang='grc' dir='ltr'><strong><em>εξ</em></strong></span> <span class='ocrx_word' id='word_1_88' title='bbox 556 1277 640 1345; x_wconf 80' lang='grc' dir='ltr'><strong><em>κατὰ</em></strong></span> <span class='ocrx_word' id='word_1_89' title='bbox 666 1279 727 1358; x_wconf 88' lang='grc' dir='ltr'><strong><em>τάς</em></strong></span> <span class='ocrx_word' id='word_1_90' title='bbox 745 1280 782 1346; x_wconf 80' lang='grc' dir='ltr'><strong><em>ἐν</em></strong></span> <span class='ocrx_word' id='word_1_91' title='bbox 806 1279 923 1371; x_wconf 77' lang='grc' dir='ltr'><strong><em>ἑαυτῷ.</em></strong></span> <span class='ocrx_word' id='word_1_92' title='bbox 971 1277 1053 1347; x_wconf 82' lang='grc' dir='ltr'><strong><em>ὅλον</em></strong></span> <span class='ocrx_word' id='word_1_93' title='bbox 1077 1279 1140 1367; x_wconf 88' lang='grc' dir='ltr'><strong><em>άρα</em></strong></span> 
     </span>
     <span class='ocr_line' id='line_1_12' title="bbox 122 1382 1139 1476; baseline 0 -25"><span class='ocrx_word' id='word_1_94' title='bbox 122 1382 184 1451; x_wconf 88' lang='grc' dir='ltr'><strong><em>τὸν</em></strong></span> <span class='ocrx_word' id='word_1_95' title='bbox 199 1409 236 1470; x_wconf 86' lang='grc' dir='ltr'><strong><em>εη</em></strong></span> <span class='ocrx_word' id='word_1_96' title='bbox 255 1397 370 1471; x_wconf 80' lang='grc' dir='ltr'><strong><em>μετρεῖ</em></strong></span> <span class='ocrx_word' id='word_1_97' title='bbox 386 1382 403 1452; x_wconf 93' lang='lat'><em>6</em></span> <span class='ocrx_word' id='word_1_98' title='bbox 420 1412 463 1471; x_wconf 91' lang='grc' dir='ltr'><strong><em>αγ</em></strong></span> <span class='ocrx_word' id='word_1_99' title='bbox 480 1383 564 1451; x_wconf 83' lang='grc' dir='ltr'><strong><em>κατὰ</em></strong></span> <span class='ocrx_word' id='word_1_100' title='bbox 584 1383 644 1463; x_wconf 83' lang='grc' dir='ltr'><strong><em>τὰς</em></strong></span> <span class='ocrx_word' id='word_1_101' title='bbox 662 1386 699 1452; x_wconf 81' lang='grc' dir='ltr'><strong><em>ἐν</em></strong></span> <span class='ocrx_word' id='word_1_102' title='bbox 718 1387 764 1476; x_wconf 75' lang='grc' dir='ltr'><strong><em>τῷ</em></strong></span> <span class='ocrx_word' id='word_1_103' title='bbox 780 1390 823 1470; x_wconf 85' lang='grc' dir='ltr'><strong><em>αβ</em></strong></span> <span class='ocrx_word' id='word_1_104' title='bbox 842 1383 1003 1471; x_wconf 76' lang='grc' dir='ltr'><strong><em>μονάδας.</em></strong></span> <span class='ocrx_word' id='word_1_105' title='bbox 1041 1384 1060 1453; x_wconf 91' lang='lat'><em>6</em></span> <span class='ocrx_word' id='word_1_106' title='bbox 1077 1385 1139 1470; x_wconf 82' lang='grc' dir='ltr'><strong><em>ἄρα</em></strong></span> 
     </span>
     <span class='ocr_line' id='line_1_13' title="bbox 123 1488 1138 1578; baseline 0.003 -22"><span class='ocrx_word' id='word_1_107' title='bbox 123 1494 167 1575; x_wconf 81' lang='grc' dir='ltr'><strong><em>αβ</em></strong></span> <span class='ocrx_word' id='word_1_108' title='bbox 189 1488 483 1569; x_wconf 90' lang='grc' dir='ltr'><strong><em>πολλαπλασιάσας</em></strong></span> <span class='ocrx_word' id='word_1_109' title='bbox 504 1489 566 1557; x_wconf 86' lang='grc' dir='ltr'><strong><em>τὸν</em></strong></span> <span class='ocrx_word' id='word_1_110' title='bbox 584 1516 628 1576; x_wconf 90' lang='grc' dir='ltr'><strong><em>αγ</em></strong></span> <span class='ocrx_word' id='word_1_111' title='bbox 650 1491 785 1575; x_wconf 76' lang='grc' dir='ltr'><strong><em>ἐποίησε</em></strong></span> <span class='ocrx_word' id='word_1_112' title='bbox 808 1489 870 1558; x_wconf 90' lang='grc' dir='ltr'><strong><em>τὸν</em></strong></span> <span class='ocrx_word' id='word_1_113' title='bbox 888 1517 934 1577; x_wconf 84' lang='grc' dir='ltr'><strong><em>εη.</em></strong></span> <span class='ocrx_word' id='word_1_114' title='bbox 973 1489 992 1559; x_wconf 93' lang='lat'><em>6</em></span> <span class='ocrx_word' id='word_1_115' title='bbox 1012 1517 1051 1577; x_wconf 83' lang='grc' dir='ltr'><strong><em>εη</em></strong></span> <span class='ocrx_word' id='word_1_116' title='bbox 1078 1490 1138 1578; x_wconf 87' lang='grc' dir='ltr'><strong><em>άρα</em></strong></span> 
     </span>
     <span class='ocr_line' id='line_1_14' title="bbox 123 1592 1137 1683; baseline 0.002 -20"><span class='ocrx_word' id='word_1_117' title='bbox 123 1595 278 1675; x_wconf 79' lang='grc' dir='ltr'><strong><em>ἐπίπεδός</em></strong></span> <span class='ocrx_word' id='word_1_118' title='bbox 299 1598 391 1664; x_wconf 82' lang='grc' dir='ltr'><strong><em>ἐστιν</em></strong></span> <span class='ocrx_word' id='word_1_119' title='bbox 415 1592 432 1664; x_wconf 92' lang='lat'><em>6</em></span> <span class='ocrx_word' id='word_1_120' title='bbox 458 1598 494 1664; x_wconf 81' lang='grc' dir='ltr'><strong><em>ἐκ</em></strong></span> <span class='ocrx_word' id='word_1_121' title='bbox 515 1600 584 1665; x_wconf 89' lang='grc' dir='ltr'><strong><em>τῶν</em></strong></span> <span class='ocrx_word' id='word_1_122' title='bbox 608 1601 663 1682; x_wconf 82' lang='grc' dir='ltr'><strong><em>βα,</em></strong></span> <span class='ocrx_word' id='word_1_123' title='bbox 678 1622 729 1683; x_wconf 91' lang='grc' dir='ltr'><strong><em>αγ.</em></strong></span> <span class='ocrx_word' id='word_1_124' title='bbox 766 1594 890 1682; x_wconf 86' lang='grc' dir='ltr'><strong><em>ὁμοίως</em></strong></span> <span class='ocrx_word' id='word_1_125' title='bbox 912 1595 954 1682; x_wconf 81' lang='grc' dir='ltr'><strong><em>δῇ</em></strong></span> <span class='ocrx_word' id='word_1_126' title='bbox 974 1599 1137 1683; x_wconf 82' lang='grc' dir='ltr'><strong><em>δείξομεν,</em></strong></span> 
     </span>
     <span class='ocr_line' id='line_1_15' title="bbox 124 1698 1139 1788; baseline 0.001 -20"><span class='ocrx_word' id='word_1_127' title='bbox 124 1698 175 1769; x_wconf 83' lang='grc' dir='ltr'><strong><em>ὅτι</em></strong></span> <span class='ocrx_word' id='word_1_128' title='bbox 202 1702 258 1769; x_wconf 82' lang='grc' dir='ltr'><strong><em>κοιλ</em></strong></span> <span class='ocrx_word' id='word_1_129' title='bbox 286 1699 304 1769; x_wconf 95' lang='lat'><em>6</em></span> <span class='ocrx_word' id='word_1_130' title='bbox 328 1728 371 1788; x_wconf 85' lang='grc' dir='ltr'><strong><em>ιμι</em></strong></span> <span class='ocrx_word' id='word_1_131' title='bbox 402 1704 558 1783; x_wconf 82' lang='grc' dir='ltr'><strong><em>ἐπίπεδός</em></strong></span> <span class='ocrx_word' id='word_1_132' title='bbox 586 1704 677 1770; x_wconf 82' lang='grc' dir='ltr'><strong><em>ἐστιν</em></strong></span> <span class='ocrx_word' id='word_1_133' title='bbox 706 1701 724 1769; x_wconf 92' lang='lat'><em>6</em></span> <span class='ocrx_word' id='word_1_134' title='bbox 753 1704 790 1770; x_wconf 81' lang='grc' dir='ltr'><strong><em>ἐκ</em></strong></span> <span class='ocrx_word' id='word_1_135' title='bbox 816 1713 885 1770; x_wconf 80' lang='grc' dir='ltr'><strong><em>τῶν</em></strong></span> <span class='ocrx_word' id='word_1_136' title='bbox 910 1707 968 1788; x_wconf 81' lang='grc' dir='ltr'><strong><em>αβ,</em></strong></span> <span class='ocrx_word' id='word_1_137' title='bbox 986 1707 1041 1788; x_wconf 85' lang='grc' dir='ltr'><strong><em>βγ.</em></strong></span> <span class='ocrx_word' id='word_1_138' title='bbox 1087 1707 1139 1771; x_wconf 78' lang='grc' dir='ltr'><strong><em>καί</em></strong></span> 
     </span>
     <span class='ocr_line' id='line_1_16' title="bbox 70 1805 1139 1896; baseline 0 -18"><span class='ocrx_word' id='word_1_139' title='bbox 70 1830 104 1880; x_wconf 79' lang='lat'><strong><em>15</em></strong></span> <span class='ocrx_word' id='word_1_140' title='bbox 123 1807 214 1875; x_wconf 80' lang='grc' dir='ltr'><strong><em>ἐστιν</em></strong></span> <span class='ocrx_word' id='word_1_141' title='bbox 241 1805 390 1878; x_wconf 80' lang='grc' dir='ltr'><strong><em>ἀπὸτοῦ</em></strong></span> <span class='ocrx_word' id='word_1_142' title='bbox 414 1815 457 1893; x_wconf 85' lang='grc' dir='ltr'><strong><em>αβ</em></strong></span> <span class='ocrx_word' id='word_1_143' title='bbox 485 1811 693 1896; x_wconf 84' lang='grc' dir='ltr'><strong><em>τετράγωνος</em></strong></span> <span class='ocrx_word' id='word_1_144' title='bbox 720 1806 738 1877; x_wconf 92' lang='lat'><em>6</em></span> <span class='ocrx_word' id='word_1_145' title='bbox 764 1813 795 1879; x_wconf 83' lang='lat'><strong><em>6.</em></strong></span> <span class='ocrx_word' id='word_1_146' title='bbox 840 1808 900 1877; x_wconf 82' lang='grc' dir='ltr'><strong><em>ἐάν</em></strong></span> <span class='ocrx_word' id='word_1_147' title='bbox 930 1807 967 1877; x_wconf 69' lang='grc' dir='ltr'><strong><em>δὲ</em></strong></span> <span class='ocrx_word' id='word_1_148' title='bbox 993 1806 1139 1895; x_wconf 88' lang='grc' dir='ltr'><strong><em>άριθμὸς</em></strong></span> 
     </span>
     <span class='ocr_line' id='line_1_17' title="bbox 123 1913 1137 2004; baseline 0.002 -24"><span class='ocrx_word' id='word_1_149' title='bbox 123 1915 281 2002; x_wconf 73' lang='grc' dir='ltr'><strong><em>διαιρεθῇ</em></strong></span> <span class='ocrx_word' id='word_1_150' title='bbox 309 1919 357 1994; x_wconf 84' lang='grc' dir='ltr'><strong><em>είς</em></strong></span> <span class='ocrx_word' id='word_1_151' title='bbox 385 1914 448 1983; x_wconf 84' lang='grc' dir='ltr'><strong><em>δύο</em></strong></span> <span class='ocrx_word' id='word_1_152' title='bbox 472 1913 654 2004; x_wconf 85' lang='grc' dir='ltr'><strong><em>άριθμοάς,</em></strong></span> <span class='ocrx_word' id='word_1_153' title='bbox 688 1913 705 1983; x_wconf 90' lang='grc' dir='ltr'>ὁ</span> <span class='ocrx_word' id='word_1_154' title='bbox 735 1913 800 1984; x_wconf 90' lang='grc' dir='ltr'><strong><em>άπὸ</em></strong></span> <span class='ocrx_word' id='word_1_155' title='bbox 831 1918 892 1982; x_wconf 83' lang='grc' dir='ltr'><strong><em>τοῦ</em></strong></span> <span class='ocrx_word' id='word_1_156' title='bbox 917 1914 1000 1982; x_wconf 86' lang='grc' dir='ltr'><strong><em>ὅλου</em></strong></span> <span class='ocrx_word' id='word_1_157' title='bbox 1031 1915 1137 2003; x_wconf 86' lang='grc' dir='ltr'><strong><em>τετρά-</em></strong></span> 
     </span>
     <span class='ocr_line' id='line_1_18' title="bbox 123 2018 1139 2108; baseline 0.001 -21"><span class='ocrx_word' id='word_1_158' title='bbox 123 2045 232 2103; x_wconf 86' lang='grc' dir='ltr'><strong><em>γωνος</em></strong></span> <span class='ocrx_word' id='word_1_159' title='bbox 259 2029 331 2100; x_wconf 81' lang='grc' dir='ltr'><strong><em>ἴσος</em></strong></span> <span class='ocrx_word' id='word_1_160' title='bbox 359 2021 427 2089; x_wconf 81' lang='grc' dir='ltr'><strong><em>ἐστὶ</em></strong></span> <span class='ocrx_word' id='word_1_161' title='bbox 451 2022 529 2089; x_wconf 78' lang='grc' dir='ltr'><strong><em>δυσὶ</em></strong></span> <span class='ocrx_word' id='word_1_162' title='bbox 554 2035 623 2100; x_wconf 85' lang='grc' dir='ltr'><strong><em>τοῖς</em></strong></span> <span class='ocrx_word' id='word_1_163' title='bbox 645 2024 681 2089; x_wconf 77' lang='grc' dir='ltr'><strong><em>ἐκ</em></strong></span> <span class='ocrx_word' id='word_1_164' title='bbox 703 2023 764 2089; x_wconf 81' lang='grc' dir='ltr'><strong><em>τοῦ</em></strong></span> <span class='ocrx_word' id='word_1_165' title='bbox 790 2018 874 2088; x_wconf 82' lang='grc' dir='ltr'><strong><em>ὅλου</em></strong></span> <span class='ocrx_word' id='word_1_166' title='bbox 901 2021 956 2087; x_wconf 80' lang='grc' dir='ltr'><strong><em>καὶ</em></strong></span> <span class='ocrx_word' id='word_1_167' title='bbox 981 2022 1139 2108; x_wconf 81' lang='grc' dir='ltr'><strong><em>ἑκατέρου</em></strong></span> 
     </span>
     <span class='ocr_line' id='line_1_19' title="bbox 121 2124 1137 2216; baseline 0.002 -24"><span class='ocrx_word' id='word_1_168' title='bbox 121 2129 191 2193; x_wconf 88' lang='grc' dir='ltr'><strong><em>τῶν</em></strong></span> <span class='ocrx_word' id='word_1_169' title='bbox 218 2130 330 2213; x_wconf 89' lang='grc' dir='ltr'><strong><em>μερῶν</em></strong></span> <span class='ocrx_word' id='word_1_170' title='bbox 358 2129 535 2206; x_wconf 80' lang='grc' dir='ltr'><strong><em>ἐπιπέδοις.</em></strong></span> <span class='ocrx_word' id='word_1_171' title='bbox 588 2137 660 2206; x_wconf 85' lang='grc' dir='ltr'><strong><em>ίσος</em></strong></span> <span class='ocrx_word' id='word_1_172' title='bbox 692 2124 757 2214; x_wconf 88' lang='grc' dir='ltr'><strong><em>άρα</em></strong></span> <span class='ocrx_word' id='word_1_173' title='bbox 790 2124 807 2194; x_wconf 93' lang='lat'><em>6</em></span> <span class='ocrx_word' id='word_1_174' title='bbox 837 2131 858 2194; x_wconf 94' lang='grc' dir='ltr'><strong><em>δ</em></strong></span> <span class='ocrx_word' id='word_1_175' title='bbox 889 2130 934 2216; x_wconf 79' lang='grc' dir='ltr'><strong><em>τῷ</em></strong></span> <span class='ocrx_word' id='word_1_176' title='bbox 959 2153 1005 2194; x_wconf 87' lang='grc' dir='ltr'><strong><em>εκ.</em></strong></span> <span class='ocrx_word' id='word_1_177' title='bbox 1058 2126 1137 2196; x_wconf 84' lang='grc' dir='ltr'><strong><em>ἀλλὰ</em></strong></span> 
     </span>
     <span class='ocr_line' id='line_1_20' title="bbox 122 2229 1137 2321; baseline 0.004 -24"><span class='ocrx_word' id='word_1_178' title='bbox 122 2229 191 2317; x_wconf 77' lang='grc' dir='ltr'><strong><em>μὴν</em></strong></span> <span class='ocrx_word' id='word_1_179' title='bbox 210 2229 228 2298; x_wconf 97' lang='lat'><em>6</em></span> <span class='ocrx_word' id='word_1_180' title='bbox 245 2257 282 2298; x_wconf 87' lang='grc' dir='ltr'><strong><em>εκ</em></strong></span> <span class='ocrx_word' id='word_1_181' title='bbox 304 2233 521 2318; x_wconf 88' lang='grc' dir='ltr'><strong><em>συγκείμενός</em></strong></span> <span class='ocrx_word' id='word_1_182' title='bbox 539 2236 630 2301; x_wconf 81' lang='grc' dir='ltr'><strong><em>ε’στιν</em></strong></span> <span class='ocrx_word' id='word_1_183' title='bbox 653 2237 689 2300; x_wconf 80' lang='grc' dir='ltr'><strong><em>ἔκ</em></strong></span> <span class='ocrx_word' id='word_1_184' title='bbox 707 2259 743 2300; x_wconf 86' lang='grc' dir='ltr'><strong><em>τε</em></strong></span> <span class='ocrx_word' id='word_1_185' title='bbox 765 2236 834 2300; x_wconf 88' lang='grc' dir='ltr'><strong><em>τῶν</em></strong></span> <span class='ocrx_word' id='word_1_186' title='bbox 853 2230 920 2299; x_wconf 90' lang='grc' dir='ltr'><strong><em>άπὸ</em></strong></span> <span class='ocrx_word' id='word_1_187' title='bbox 939 2236 1009 2300; x_wconf 90' lang='grc' dir='ltr'><strong><em>τῶν</em></strong></span> <span class='ocrx_word' id='word_1_188' title='bbox 1030 2261 1087 2321; x_wconf 82' lang='grc' dir='ltr'><strong><em>αγ,</em></strong></span> <span class='ocrx_word' id='word_1_189' title='bbox 1100 2239 1137 2320; x_wconf 86' lang='grc' dir='ltr'><strong><em>γβ</em></strong></span> 
     </span>
     <span class='ocr_line' id='line_1_21' title="bbox 67 2337 1136 2425; baseline -0.002 -15"><span class='ocrx_word' id='word_1_190' title='bbox 67 2361 104 2411; x_wconf 81' lang='lat'><strong><em>20</em></strong></span> <span class='ocrx_word' id='word_1_191' title='bbox 122 2337 340 2425; x_wconf 73' lang='grc' dir='ltr'><strong><em>τετραγώνων</em></strong></span> <span class='ocrx_word' id='word_1_192' title='bbox 366 2338 423 2406; x_wconf 84' lang='grc' dir='ltr'><strong><em>καὶ</em></strong></span> <span class='ocrx_word' id='word_1_193' title='bbox 449 2342 512 2406; x_wconf 84' lang='grc' dir='ltr'><strong><em>τοῦ</em></strong></span> <span class='ocrx_word' id='word_1_194' title='bbox 537 2340 590 2419; x_wconf 80' lang='grc' dir='ltr'><strong><em>δὶς</em></strong></span> <span class='ocrx_word' id='word_1_195' title='bbox 613 2341 740 2406; x_wconf 79' lang='grc' dir='ltr'><strong><em>ἐκτῶν</em></strong></span> <span class='ocrx_word' id='word_1_196' title='bbox 764 2365 824 2425; x_wconf 86' lang='grc' dir='ltr'><strong><em>αγ,</em></strong></span> <span class='ocrx_word' id='word_1_197' title='bbox 843 2344 886 2424; x_wconf 85' lang='grc' dir='ltr'><strong><em>γβ</em></strong></span> <span class='ocrx_word' id='word_1_198' title='bbox 914 2341 1091 2408; x_wconf 81' lang='grc' dir='ltr'><strong><em>ἐπιπέδου·</em></strong></span> <span class='ocrx_word' id='word_1_199' title='bbox 1122 2337 1136 2407; x_wconf 89' lang='lat'><em>6</em></span> 
     </span>
     <span class='ocr_line' id='line_1_22' title="bbox 122 2440 1135 2533; baseline 0.003 -23"><span class='ocrx_word' id='word_1_200' title='bbox 122 2443 160 2510; x_wconf 75' lang='grc' dir='ltr'><strong><em>δὲ</em></strong></span> <span class='ocrx_word' id='word_1_201' title='bbox 183 2447 204 2509; x_wconf 93' lang='grc' dir='ltr'><strong><em>δ</em></strong></span> <span class='ocrx_word' id='word_1_202' title='bbox 226 2441 368 2530; x_wconf 85' lang='grc' dir='ltr'><strong><em>ὑπάρχει</em></strong></span> <span class='ocrx_word' id='word_1_203' title='bbox 392 2443 410 2511; x_wconf 90' lang='lat'><em>6</em></span> <span class='ocrx_word' id='word_1_204' title='bbox 435 2440 499 2512; x_wconf 88' lang='grc' dir='ltr'><strong><em>άπὸ</em></strong></span> <span class='ocrx_word' id='word_1_205' title='bbox 523 2449 585 2513; x_wconf 81' lang='grc' dir='ltr'><strong><em>τοῦ</em></strong></span> <span class='ocrx_word' id='word_1_206' title='bbox 608 2450 651 2531; x_wconf 81' lang='grc' dir='ltr'><strong><em>αβ</em></strong></span> <span class='ocrx_word' id='word_1_207' title='bbox 678 2445 894 2532; x_wconf 87' lang='grc' dir='ltr'><strong><em>τετράγωνος.</em></strong></span> <span class='ocrx_word' id='word_1_208' title='bbox 941 2442 959 2512; x_wconf 94' lang='lat'><em>6</em></span> <span class='ocrx_word' id='word_1_209' title='bbox 984 2445 1053 2533; x_wconf 86' lang='grc' dir='ltr'><strong><em>άρα</em></strong></span> <span class='ocrx_word' id='word_1_210' title='bbox 1078 2444 1135 2514; x_wconf 87' lang='grc' dir='ltr'><strong><em>άπδ</em></strong></span> 
     </span>
     <span class='ocr_line' id='line_1_23' title="bbox 120 2548 1134 2639; baseline 0.003 -24"><span class='ocrx_word' id='word_1_211' title='bbox 120 2553 182 2616; x_wconf 85' lang='grc' dir='ltr'><strong><em>τοῦ</em></strong></span> <span class='ocrx_word' id='word_1_212' title='bbox 206 2554 249 2634; x_wconf 82' lang='grc' dir='ltr'><strong><em>αβ</em></strong></span> <span class='ocrx_word' id='word_1_213' title='bbox 270 2548 479 2638; x_wconf 83' lang='grc' dir='ltr'><strong><em>τετράγωνος</em></strong></span> <span class='ocrx_word' id='word_1_214' title='bbox 502 2559 574 2630; x_wconf 85' lang='grc' dir='ltr'><strong><em>λ’σος</em></strong></span> <span class='ocrx_word' id='word_1_215' title='bbox 597 2550 666 2617; x_wconf 83' lang='grc' dir='ltr'><strong><em>ἐστὶ</em></strong></span> <span class='ocrx_word' id='word_1_216' title='bbox 688 2565 759 2631; x_wconf 88' lang='grc' dir='ltr'><strong><em>τοῖς</em></strong></span> <span class='ocrx_word' id='word_1_217' title='bbox 781 2577 817 2618; x_wconf 89' lang='grc' dir='ltr'><strong><em>τε</em></strong></span> <span class='ocrx_word' id='word_1_218' title='bbox 840 2548 904 2619; x_wconf 85' lang='grc' dir='ltr'><strong><em>άπὸ</em></strong></span> <span class='ocrx_word' id='word_1_219' title='bbox 928 2555 997 2618; x_wconf 89' lang='grc' dir='ltr'><strong><em>τῶν</em></strong></span> <span class='ocrx_word' id='word_1_220' title='bbox 1023 2579 1081 2639; x_wconf 82' lang='grc' dir='ltr'><strong><em>αγ,</em></strong></span> <span class='ocrx_word' id='word_1_221' title='bbox 1100 2557 1134 2639; x_wconf 85' lang='grc' dir='ltr'><strong><em>γβ</em></strong></span> 
     </span>
     <span class='ocr_line' id='line_1_24' title="bbox 120 2655 1030 2749; baseline 0.007 -28"><span class='ocrx_word' id='word_1_222' title='bbox 120 2655 343 2743; x_wconf 76' lang='grc' dir='ltr'><strong><em>τετραγώνοις</em></strong></span> <span class='ocrx_word' id='word_1_223' title='bbox 364 2657 421 2725; x_wconf 87' lang='grc' dir='ltr'><strong><em>καὶ</em></strong></span> <span class='ocrx_word' id='word_1_224' title='bbox 443 2659 488 2748; x_wconf 78' lang='grc' dir='ltr'><strong><em>τῇ</em></strong></span> <span class='ocrx_word' id='word_1_225' title='bbox 514 2657 567 2736; x_wconf 80' lang='grc' dir='ltr'><strong><em>δὶς</em></strong></span> <span class='ocrx_word' id='word_1_226' title='bbox 589 2658 625 2723; x_wconf 79' lang='grc' dir='ltr'><strong><em>ἐκ</em></strong></span> <span class='ocrx_word' id='word_1_227' title='bbox 647 2659 715 2724; x_wconf 89' lang='grc' dir='ltr'><strong><em>τῶν</em></strong></span> <span class='ocrx_word' id='word_1_228' title='bbox 738 2681 792 2742; x_wconf 88' lang='grc' dir='ltr'><strong><em>αγ,</em></strong></span> <span class='ocrx_word' id='word_1_229' title='bbox 807 2662 850 2742; x_wconf 86' lang='grc' dir='ltr'><strong><em>γβ</em></strong></span> <span class='ocrx_word' id='word_1_230' title='bbox 874 2657 1030 2749; x_wconf 77' lang='grc' dir='ltr'><strong><em>ἐπιπέδῳ.</em></strong></span> 
     </span>
     <span class='ocr_line' id='line_1_25' title="bbox 189 2759 1134 2851; baseline 0.004 -23"><span class='ocrx_word' id='word_1_231' title='bbox 189 2759 248 2829; x_wconf 80' lang='grc' dir='ltr'><strong><em>ἐάν</em></strong></span> <span class='ocrx_word' id='word_1_232' title='bbox 267 2760 333 2850; x_wconf 85' lang='grc' dir='ltr'><strong><em>άρα</em></strong></span> <span class='ocrx_word' id='word_1_233' title='bbox 351 2760 498 2851; x_wconf 88' lang='grc' dir='ltr'><strong><em>άριθμδς</em></strong></span> <span class='ocrx_word' id='word_1_234' title='bbox 517 2764 674 2850; x_wconf 74' lang='grc' dir='ltr'><strong><em>διαιρεθῇ</em></strong></span> <span class='ocrx_word' id='word_1_235' title='bbox 689 2765 736 2840; x_wconf 79' lang='grc' dir='ltr'><strong><em>εἰς</em></strong></span> <span class='ocrx_word' id='word_1_236' title='bbox 750 2761 813 2829; x_wconf 83' lang='grc' dir='ltr'><strong><em>δύο</em></strong></span> <span class='ocrx_word' id='word_1_237' title='bbox 828 2759 1009 2850; x_wconf 84' lang='grc' dir='ltr'><strong><em>άριθμούς,</em></strong></span> <span class='ocrx_word' id='word_1_238' title='bbox 1034 2763 1054 2833; x_wconf 90' lang='lat'><em>6</em></span> <span class='ocrx_word' id='word_1_239' title='bbox 1076 2764 1134 2834; x_wconf 85' lang='grc' dir='ltr'><strong><em>άπὸ</em></strong></span> 
     </span>
     <span class='ocr_line' id='line_1_26' title="bbox 67 2865 1134 2961; baseline 0.007 -28"><span class='ocrx_word' id='word_1_240' title='bbox 67 2890 103 2940; x_wconf 80' lang='lat'><strong><em>25</em></strong></span> <span class='ocrx_word' id='word_1_241' title='bbox 121 2871 183 2934; x_wconf 85' lang='grc' dir='ltr'><strong><em>τοῦ</em></strong></span> <span class='ocrx_word' id='word_1_242' title='bbox 211 2867 295 2936; x_wconf 81' lang='grc' dir='ltr'><strong><em>ὅλου</em></strong></span> <span class='ocrx_word' id='word_1_243' title='bbox 322 2867 528 2955; x_wconf 82' lang='grc' dir='ltr'><strong><em>τετράγωνος</em></strong></span> <span class='ocrx_word' id='word_1_244' title='bbox 556 2876 629 2947; x_wconf 86' lang='grc' dir='ltr'><strong><em>λ’σος</em></strong></span> <span class='ocrx_word' id='word_1_245' title='bbox 658 2869 727 2936; x_wconf 78' lang='grc' dir='ltr'><strong><em>ἐστὶ</em></strong></span> <span class='ocrx_word' id='word_1_246' title='bbox 749 2881 820 2948; x_wconf 83' lang='grc' dir='ltr'><strong><em>τοῖς</em></strong></span> <span class='ocrx_word' id='word_1_247' title='bbox 843 2865 907 2935; x_wconf 87' lang='grc' dir='ltr'><strong><em>άπὸ</em></strong></span> <span class='ocrx_word' id='word_1_248' title='bbox 932 2873 1001 2936; x_wconf 89' lang='grc' dir='ltr'><strong><em>τῶν</em></strong></span> <span class='ocrx_word' id='word_1_249' title='bbox 1027 2877 1134 2961; x_wconf 90' lang='grc' dir='ltr'><strong><em>μερῶν</em></strong></span> 
     </span>
     <span class='ocr_line' id='line_1_27' title="bbox 121 2973 1134 3068; baseline 0.007 -26"><span class='ocrx_word' id='word_1_250' title='bbox 121 2973 342 3061; x_wconf 76' lang='grc' dir='ltr'><strong><em>τετραγώνοις</em></strong></span> <span class='ocrx_word' id='word_1_251' title='bbox 363 2975 419 3042; x_wconf 82' lang='grc' dir='ltr'><strong><em>ναὶ</em></strong></span> <span class='ocrx_word' id='word_1_252' title='bbox 441 2977 487 3068; x_wconf 77' lang='grc' dir='ltr'><strong><em>τῷ</em></strong></span> <span class='ocrx_word' id='word_1_253' title='bbox 512 2974 563 3054; x_wconf 76' lang='grc' dir='ltr'><strong><em>δὶς</em></strong></span> <span class='ocrx_word' id='word_1_254' title='bbox 586 2977 623 3042; x_wconf 82' lang='grc' dir='ltr'><strong><em>ἐκ</em></strong></span> <span class='ocrx_word' id='word_1_255' title='bbox 643 2977 714 3042; x_wconf 88' lang='grc' dir='ltr'><strong><em>τῶν</em></strong></span> <span class='ocrx_word' id='word_1_256' title='bbox 737 2978 849 3062; x_wconf 83' lang='grc' dir='ltr'><strong><em>μερῶν</em></strong></span> <span class='ocrx_word' id='word_1_257' title='bbox 868 2977 1027 3066; x_wconf 79' lang='grc' dir='ltr'><strong><em>ἐπιπέδῳ·</em></strong></span> <span class='ocrx_word' id='word_1_258' title='bbox 1060 2978 1134 3066; x_wconf 82' lang='grc' dir='ltr'><strong><em>ὅπερ</em></strong></span> 
     </span>
     <span class='ocr_line' id='line_1_28' title="bbox 122 3082 328 3162; baseline 0 -15"><span class='ocrx_word' id='word_1_259' title='bbox 122 3084 190 3148; x_wconf 78' lang='grc' dir='ltr'><strong><em>ἔδει</em></strong></span> <span class='ocrx_word' id='word_1_260' title='bbox 214 3082 328 3162; x_wconf 82' lang='grc' dir='ltr'><strong><em>δεῖξαι.</em></strong></span> 
     </span>
    </p>
   </div>
   <div class='ocr_carea' id='block_1_3' title="bbox 609 3256 647 3324">
    <p class='ocr_par' dir='ltr' id='par_1_3' title="bbox 609 3256 647 3324">
     <span class='ocr_line' id='line_1_29' title="bbox 609 3256 647 3324; baseline 0 0"><span class='ocrx_word' id='word_1_261' title='bbox 609 3256 647 3324; x_wconf 86' lang='grc' dir='ltr'><strong><em>ε’.</em></strong></span> 
     </span>
    </p>
   </div>
   <div class='ocr_carea' id='block_1_4' title="bbox 63 3397 1137 3612">
    <p class='ocr_par' dir='ltr' id='par_1_4' title="bbox 63 3397 1137 3612">
     <span class='ocr_line' id='line_1_30' title="bbox 188 3397 1131 3505; baseline -0.017 -18"><span class='ocrx_word' id='word_1_262' title='bbox 188 3411 274 3486; x_wconf 83' lang='grc' dir='ltr'><strong><em>Ἐὰν</em></strong></span> <span class='ocrx_word' id='word_1_263' title='bbox 302 3410 421 3505; x_wconf 83' lang='grc' dir='ltr'><strong><em>άρτιος</em></strong></span> <span class='ocrx_word' id='word_1_264' title='bbox 451 3397 594 3496; x_wconf 61' lang='grc' dir='ltr'><strong><em>άριθρδος</em></strong></span> <span class='ocrx_word' id='word_1_265' title='bbox 618 3403 693 3484; x_wconf 70' lang='grc' dir='ltr'><strong><em>δλγμ</em></strong></span> <span class='ocrx_word' id='word_1_266' title='bbox 716 3402 887 3485; x_wconf 55' lang='grc' dir='ltr'><strong><em>διαιρεθῇ,</em></strong></span> <span class='ocrx_word' id='word_1_267' title='bbox 909 3404 1072 3493; x_wconf 76' lang='grc' dir='ltr'><strong><em>διαιρεθῇ</em></strong></span> <span class='ocrx_word' id='word_1_268' title='bbox 1102 3403 1131 3472; x_wconf 68' lang='grc' dir='ltr'><strong><em>δὲ</em></strong></span> 
     </span>
     <span class='ocr_line' id='line_1_31' title="bbox 63 3462 1137 3612; baseline -0.03 -8"><span class='ocrx_word' id='word_1_269' title='bbox 63 3462 181 3584; x_wconf 39' lang='grc' dir='ltr'><strong><em>ιδ</em></strong></span> <span class='ocrx_word' id='word_1_270' title='bbox 214 3533 269 3612; x_wconf 84' lang='grc' dir='ltr'><strong><em>είς</em></strong></span> <span class='ocrx_word' id='word_1_271' title='bbox 303 3521 455 3601; x_wconf 81' lang='grc' dir='ltr'><strong><em>ἀνίσους</em></strong></span> <span class='ocrx_word' id='word_1_272' title='bbox 485 3499 718 3603; x_wconf 58' lang='grc' dir='ltr'><strong><em>δριθροῦςεῖ)</em></strong></span> <span class='ocrx_word' id='word_1_273' title='bbox 749 3503 785 3566; x_wconf 55' lang='grc' dir='ltr'><strong><em>ἒθ</em></strong></span> <span class='ocrx_word' id='word_1_274' title='bbox 807 3504 870 3566; x_wconf 54' lang='grc' dir='ltr'><strong><em>ῖῗῑθ</em></strong></span> <span class='ocrx_word' id='word_1_275' title='bbox 896 3499 1018 3565; x_wconf 48' lang='grc' dir='ltr'><strong><em>’Μίδων</em></strong></span> <span class='ocrx_word' id='word_1_276' title='bbox 1041 3521 1137 3591; x_wconf 44' lang='grc' dir='ltr'><strong><em>μεεὶρ</em></strong></span> 
     </span>
    </p>
   </div>
   <div class='ocr_carea' id='block_1_5' title="bbox 0 0 1186 3796">
    <p class='ocr_par' dir='ltr' id='par_1_5' title="bbox 0 0 1186 3796">
     <span class='ocr_line' id='line_1_32' title="bbox 0 0 1186 3796; baseline 0 4"><span class='ocrx_word' id='word_1_277' title='bbox 0 0 1186 3796; x_wconf 95' lang='lat' dir='ltr'><strong><em> </em></strong></span> 
     </span>
    </p>
   </div>
  </div>
 </body>
</html>
