2362 3796
85 110 151 177 306
245 111 402 166 sonem
418 113 458 164 m
475 112 751 166 ELEMENTORUM
767 116 908 168 ιιιιαυιι
921 116 953 170 v.

86 251 163 322 ἰδοὺ
185 252 224 321 τὸ
248 253 279 327 Ξ
298 250 550 320 πολλαπλάσιον
573 251 635 339 μὲν
658 253 789 340 ἐγένετο
811 259 873 323 τοῦ
893 263 937 342 A,
961 255 1103 343 πρῶτως

86 359 123 427 δὲ
146 364 258 446 μεῖζον
281 362 343 427 τοῦ
365 365 400 425 Κ
420 355 494 445 ἤτοι
516 361 585 426 τῶν
609 351 643 428 λῖ
689 360 760 427 ἐπεὶ
782 351 846 428 οὖν
870 359 907 429 τὸ
931 367 966 427 Κ
989 371 1052 430 τοῦ
1075 365 1132 439 Ξ.

84 465 223 555 πρώτως
241 464 332 532 ἐστὶν
360 468 513 550 ἔλαττον,
545 463 584 532 τὸ
612 471 647 531 Κ
672 463 738 552 ἀρα
764 470 828 534 τοῦ
849 472 890 534 Ν
917 465 979 535 οὐκ
1006 471 1103 536 ἔστιν

84 578 233 640 ἔλαττον·
256 569 297 638 τά
316 571 381 657 γὰρ
399 563 430 637 Θ
448 573 516 638 τῶν
536 575 557 656 ᾗ
581 575 692 639 πλείω.
728 572 785 639 καί
809 573 879 641 ἐπεὶ
902 572 1011 654 ἰσάκις
1031 574 1103 642 ἐστὶ

48 675 334 752 οπολλαπλάσιον
357 674 395 744 τὸ
418 683 490 742 ΖΗ
517 679 578 744 τοῦ
601 683 672 743 ΑΕ
698 676 815 745 καὶτὸ
838 685 909 746 ΗΘ
935 682 998 747 τοῦ
1022 686 1103 748 EB·

83 783 184 871 ἀμφω
220 781 286 870 γάρ
322 779 522 870 ἀμφοτέρων
558 781 749 868 τριπλάσια·
793 781 902 864 ἰσάκις
929 783 996 872 ἀρα
1029 786 1101 853 ἐστὶ

82 887 332 958 πολλαπλάσιον
359 887 397 956 τὸ
421 895 493 955 ΖΗ
520 892 581 956 τοῦ
603 895 675 956 ΑΕ
704 889 760 957 καὶ
787 889 825 958 τὸ
849 897 912 958 ΖΘ
937 893 1001 960 τοῦ
1023 899 1101 975 ΑΒ.

82 995 120 1065 τὸ
140 995 202 1082 μὲν
220 994 286 1082 γάρ
305 1003 337 1060 Α
343 1002 375 1062 Ε
395 992 546 1081 ἀριθμοῦ
565 994 655 1063 ἐστιν
675 994 762 1081 ἑνός,
783 993 822 1065 τὸ
843 994 881 1064 33
898 1004 971 1065 ΖΗ
985 1002 1103 1086 τριῶν,

81 1102 120 1170 τὸ
146 1101 183 1170 33
201 1108 267 1169 AB
290 1098 446 1186 ἀριθμῶν
470 1099 539 1166 ἐστι
559 1090 595 1186 ἀ,
623 1099 661 1169 τὸ
689 1101 726 1169 δὲ
750 1109 812 1170 ΖΘ
835 1093 878 1189 ιβ’
924 1102 1035 1184 ἰσάκις
1061 1106 1105 1172 δέ

31 1229 64 1279 10
83 1209 152 1276 ἐστι
174 1205 425 1274 πολλαπλάσιον
447 1201 486 1271 τὸ
511 1211 583 1272 ΖΗ
600 1209 661 1274 τοῦ
684 1215 756 1275 ΑΕ
777 1208 834 1276 καί
856 1206 894 1276 τὸ
918 1215 953 1275 Κ
973 1212 1035 1277 τοῦ
1055 1214 1098 1295 Γ,

83 1312 158 1399 ἤτοι
180 1311 220 1380 τά
244 1317 267 1398 φ
287 1322 347 1380 τοῦ
372 1311 449 1392 ἑνὸς
470 1315 526 1382 καὶ
548 1309 588 1378 τά
611 1305 727 1381 Θτῶν
750 1319 784 1400 μ’
807 1315 915 1394 ἰσάκις
937 1312 1002 1401 ἀρα
1024 1315 1096 1382 ἐστὶ

83 1416 332 1486 πολλαπλάσιον
355 1417 392 1486 τὸ
417 1426 479 1487 ΖΘ
500 1422 562 1488 τοῦ
585 1425 650 1486 ΑΒ
672 1420 730 1488 καὶ
752 1417 789 1489 τὸ
812 1425 848 1487 Κ
866 1424 928 1489 τοῦ
948 1425 986 1506 Γ,
1006 1444 1101 1488 τουι·

83 1527 151 1593 ἐστι
175 1527 215 1592 τά
242 1515 279 1611 [B
300 1527 369 1592 τῶν
392 1515 414 1592 ἀ
446 1526 500 1593 καλ
528 1525 569 1593 τὰ
595 1518 624 1594 Θ
648 1530 716 1594 τῶν
743 1530 856 1612 τριῶν.
902 1524 942 1594 τά
966 1534 1043 1613 ΖΘ,
1066 1532 1104 1594 Κ

83 1631 148 1720 ἀρα
170 1636 240 1701 τῶν
257 1638 335 1716 AB,
353 1636 385 1698 Γ
404 1631 512 1712 ἰσάκις
535 1632 605 1701 ἐστὶ
627 1632 868 1702 πολλαπλάσια.
903 1633 1007 1701 πάλιν
1027 1633 1099 1701 ἐπεὶ

31 1759 64 1808 13
84 1739 192 1819 ἰσάκις
219 1738 288 1807 ἐστὶ
313 1737 565 1807 πολλαπλάσιον
586 1737 625 1808 τὸ
648 1745 716 1806 ΗΘ
741 1743 803 1807 τοῦ
827 1746 890 1807 ΕΒ
918 1740 974 1807 καὶ
1000 1739 1041 1808 τὸ
1065 1746 1103 1808 Κ

82 1849 142 1914 τοῦ
167 1851 209 1931 Γ,
238 1853 314 1913 ἰσον
338 1844 375 1912 33
396 1842 435 1913 τὸ
459 1851 521 1913 ΕΒ
550 1849 596 1938 τῷ
620 1851 664 1931 Γ,
692 1853 769 1913 ἰσον
798 1843 864 1934 ἀρα
887 1845 956 1915 ἐστὶ
978 1845 1038 1913 καὶ
1060 1844 1099 1914 τὸ

82 1959 150 2019 ΗΘ
172 1954 218 2042 τῷ
241 1957 287 2017 Κ·
314 1943 427 2037 Θγάρ
450 1947 607 2039 ἀριθμῶν
630 1949 667 2019 τὸ
691 1958 761 2019 ΗΘ
783 1951 837 2019 καλ
861 1945 892 2020 '3'
910 1949 948 2020 τὸ
970 1958 1014 2020 Κ.
1059 1966 1097 2020 τι·

83 2058 120 2126 δὲ
134 2065 169 2125 Κ
187 2055 242 2125 ὃιά
261 2056 325 2185 τίρν
342 2057 461 2144 κοινὴν
481 2062 618 2126 ἔννοιαν
636 2061 695 2126 τοῦ
711 2065 750 2125 Ν
765 2054 827 2125 οὐκ
844 2062 935 2127 ἔστιν
949 2062 1100 2128 ἔλαττον.

83 2161 199 2231 033'’'
178 2189 244 2250 αρα
266 2161 304 2229 τὸ
328 2169 396 2229 ΗΘ
418 2166 480 2230 τοῦ
502 2170 542 2230 Ν
561 2162 697 2232 ἔλαττόν
722 2166 822 2232 ἐστιν.
864 2170 976 2251 μεῖζον
1000 2161 1094 2232 δὲ
1059 2190 1098 2232 το

30 2287 64 2338 20
83 2276 152 2336 ΗΘ
174 2271 235 2336 τοῦ
259 2276 305 2333 A·
337 2267 375 2335 τὸ
399 2266 520 2355 μὲν
483 2296 546 2356 γαρ
570 2263 794 2358 ἀριθμῶνθ,
816 2267 855 2338 τὸ
879 2270 916 2338 ἀὲ
938 2276 970 2356 β.
1016 2268 1101 2339 ὅλον

83 2372 148 2461 ἀρα
166 2373 204 2442 τὸ
219 2371 321 2441 ΖΘ”
298 2400 374 2459 ητοι
391 2373 431 2442 τά
451 2380 484 2460 ιβ
503 2377 770 2463 συναμφοτέρων
787 2380 857 2444 τῶν
877 2385 922 2462 A,
935 2374 1011 2444 N*
988 2402 1100 2463 ηγουν

82 2484 150 2548 τῶν
176 2486 199 2566 β
225 2479 281 2546 καλ
308 2482 376 2547 τῶν
402 2508 423 2566 η
452 2480 564 2567 μειζόν
592 2483 691 2550 ἐστιν.
741 2478 827 2550 ἀλλά
859 2481 1100 2570 συναμφότερα

82 2584 122 2654 τά
137 2594 180 2671 A,
195 2592 235 2652 N
247 2589 293 2676 τῷ
307 2609 334 2663 ,ιι
312 2588 475 2654 ’Ἦσαν
463 2595 532 2654 ἰσα·
557 2587 691 2656 δέκα
654 2615 718 2675 γαρ
737 2585 910 2656 ὑπόκειται
928 2584 1099 2676 ἀριθμῶν,

83 2690 194 2781 ἐπειδὴ
218 2691 256 2760 τὸ
276 2699 315 2759 Ν
333 2696 394 2762 τοῦ
413 2700 447 2759 A
469 2693 710 2780 τετραπλάσιόν
728 2695 832 2780 ἐστιν,
856 2692 1098 2779 συναμφότερα

29 2823 63 2872 25
83 2797 121 2867 δὲ
137 2798 178 2867 τά
198 2806 244 2884 Ν,
259 2807 293 2866 A
314 2803 376 2868 τοῦ
395 2807 428 2866 A
451 2800 520 2867 ἐστι
538 2799 775 2885 πενταπλάσια,
800 2804 868 2868 ἔστι
887 2799 925 2868 33
942 2798 999 2866 καὶ
1016 2797 1102 2876 τὸΞ

81 2909 143 2973 τοῦ
171 2914 204 2971 A
236 2904 490 2973 πενταπλάσιον.
545 2905 782 2992 συναμφότερα
815 2903 882 2992 ἀρα
912 2903 954 2974 τὰ
983 2912 1035 2992 Ν,
1063 2915 1100 2974 A

81 3020 126 3100 τῷ
145 3012 175 3086 Ξ
195 3012 285 3079 ἐστιν
309 3019 372 3079 λ’σα.
409 3010 493 3079 ἀλλά
512 3011 549 3080 τὸ
570 3019 631 3079 ΖΘ
653 3015 721 3080 τῶν
740 3018 786 3096 Ν,
805 3019 839 3078 A
862 3009 975 3098 μεῖζόν
994 3013 1099 3097 ἐστιν,

155 3247 178 3295 1
187 3242 359 3329 πρῶτονΑ.
424 3248 448 3296 3.
468 3241 630 3310 πρῶτονΑ.
694 3235 760 3313 ον’κ]
780 3261 817 3310 μη
811 3237 871 3296 ¹4„
926 3246 952 3299 4.
972 3239 1048 3298 πλέω
1063 3244 1098 3298 Α.

119 3318 162 3367 11.
181 3309 296 3380 ἤτοι-
317 3318 358 3369 12.
382 3313 433 3367 τοῦ
453 3312 495 3384 Γ]
519 3329 575 3382 mg
595 3311 811 3380 ead.manub,
836 3315 973 3399 exparte
998 3313 1097 3370 recisa.

119 3389 160 3439 16.
189 3383 253 3454 καί]
278 3399 332 3438 om.
351 3384 389 3452 A,
413 3384 545 3453 postea
536 3401 588 3439 ms.
608 3400 693 3439 manu
717 3383 777 3439 ead
797 3384 823 3439 b.
910 3380 956 3454 τό]
974 3399 1048 3439 corr.
1063 3402 1098 3441 ex

81 3454 165 3526 τῶὶ)
239 3459 281 3510 17.
299 3454 350 3528 τῷ]
371 3425 439 3510 bort.
459 3471 492 3509 ex
511 3453 589 3509 τόλ).
