2362 3796
110 131 174 196 128
262 133 419 184 SCHOLIA
436 135 475 186 IN
492 134 768 186 ELEMENTORUM
785 134 926 185 LIBRUM
938 136 960 187 1.
978 208 983 215 Ι

110 273 368 358 φυλαττομένων
382 271 404 360 ἥ
418 298 452 340 τε
466 272 625 360 πρότασις
639 271 780 360 ἀληθής,
795 274 850 340 καὶ
866 270 884 341 ὁ
900 272 1125 359 συλλογισμὸς

108 376 403 465 ἀναμφισβήτητος
426 382 604 446 δείκνυται.
650 382 815 447 δέδεικται
839 379 876 446 δέ
898 376 936 446 τὸ
960 376 1125 466 θεῶρημα

108 487 208 551 τοῦτο
231 485 320 568 παρὰ
343 487 388 574 τῷ
413 489 605 573 στοιχειωτῇ
634 484 690 552 διὰ
714 489 772 571 τῆς
795 488 843 563 είς
865 481 1041 552 ἀδύνατον
1064 481 1123 554 ἀπ·

107 594 249 676 αγωγῆς,
273 590 410 677 μάχεται
435 590 472 658 δέ
494 589 533 659 τὸ
555 589 728 659 ἀδύνατον
746 589 830 677 πρὸς
846 590 966 676 κοινὴν
985 595 1124 660 ἔννοιαν

72 715 88 763 5
107 693 169 782 τὴν
193 699 358 782 λέγουσαν
381 694 419 765 τὸ
440 694 521 764 ὅλον
539 701 600 765 τοῦ
619 699 741 785 μέρους
759 703 882 785 μεῖζον,
906 695 1019 764 καὶτὸ
1040 696 1123 766 αὐτὸ

107 808 220 888 μεῖζον
242 803 297 869 καὶ
322 811 397 870 ἴσον
421 804 505 870 εἶναι
529 802 709 871 ἀδύνατον.
745 807 832 870 ἔοικε
856 801 894 871 δὲ
916 799 1124 872 εἶναιτοῦτο

107 906 144 975 τὸ
163 907 325 995 θεώρημα
343 913 457 996 λῆμμα
475 909 800 997 προλαμβανόμενον
818 911 879 975 τοῦ
899 906 1027 994 ὀγδόου
1040 918 1124 978 θεω-

108 1012 266 1100 ρήματος·
301 1019 348 1093 είς
370 1013 435 1102 γάρ
459 1014 520 1102 τὴν
543 1013 716 1096 ἀπόδειξιν
740 1017 871 1083 ἐκείνου
894 1021 1049 1083 συντελεῖ
1067 1015 1125 1083 καὶ

108 1117 185 1186 οὔτε
209 1119 375 1204 στοιχεῖόν
399 1123 488 1189 ἐστιν
511 1120 623 1203 ἁπλῶς
647 1121 725 1191 οὔτε
747 1123 966 1207 στοιχειῶδες·
990 1117 1034 1189 οά
1056 1119 1122 1206 γάρ

56 1244 88 1293 10
109 1226 161 1292 ἐπὶ
184 1223 291 1292 πολλά
315 1229 471 1295 διατείνει
493 1226 555 1314 τὴν
579 1229 701 1296 ἑαυτοῦ
724 1233 848 1314 χρείαν.

174 1334 227 1398 41.
263 1331 437 1419 Χρήσιμον
459 1333 497 1402 τὸ
521 1333 683 1420 θεῶρημα
704 1344 768 1402 τοῦ
792 1332 940 1420 ἑβδόμου
963 1331 1049 1401 ἐστὶν
1066 1335 1117 1410 είς

108 1435 334 1523 ἀστρονομίαν
349 1440 404 1505 καὶ
414 1443 461 1518 εἰς
475 1439 537 1525 τὴν
552 1439 728 1526 δεινότητα
741 1442 808 1507 τῶν
820 1441 998 1520 ἐκλείψεων
1007 1435 1122 1505 τόπον.

107 1539 214 1632 τούτῳ
238 1543 302 1630 γάρ
326 1564 409 1629 φασι
432 1545 598 1632 χρῶμενοι
622 1547 805 1629 δεικνύναι,
829 1541 880 1611 ὅτι
899 1557 988 1630 τρεῖς
1006 1544 1125 1629 ἐφεξῆς

109 1649 268 1728 ἐκλείψεις
297 1657 373 1717 ἴσον
402 1648 585 1738 ἀπέχουσαι
614 1649 767 1737 ἀλλήλων
796 1649 858 1718 οὐκ
884 1644 929 1716 ἀν
957 1651 1125 1735 γένοιντο,

57 1772 90 1823 15
108 1755 193 1840 λέγω
218 1757 266 1840 δέ,
290 1753 373 1823 ῶστε
391 1759 540 1847 τοσούτω
559 1756 670 1848 χρόνῳ
689 1756 753 1843 τὴν
773 1757 932 1842 δευτέραν
951 1757 1126 1823 διεστάναι

107 1864 167 1946 τῆς
188 1860 335 1948 πραότης,
369 1860 452 1931 ὅσον
478 1860 541 1949 τὴν
569 1869 684 1948 τρίτην
710 1866 768 1949 τῆς
791 1863 962 1946 δευτέρας,
996 1855 1074 1928 οἷον
1097 1864 1128 1929 εί

110 1965 190 2052 μετά
208 1965 271 2053 τὴν
291 1966 324 2035 α’
339 1966 359 2054 ἡ
377 1970 516 2056 δευτέρα
533 1971 673 2056 γέγονεν
694 1971 727 2050 ἓξ
746 1972 862 2056 μηνῶν
881 1966 1125 2054 παρελθόντων

108 2073 164 2139 καὶ
187 2079 211 2142 ιῖ
232 2070 383 2160 ἡμερῶν,
411 2071 473 2141 οὐκ
502 2071 545 2142 ἀν
573 2077 734 2162 γενέσθαι
757 2073 818 2161 τὴν
841 2079 956 2161 τρίτην
979 2071 1124 2161 ὕστερον

109 2179 258 2269 τοσούτῳ
274 2178 384 2268 χρόνω
395 2183 453 2266 της
463 2183 628 2269 δευτέρας,
644 2178 717 2249 ἀλλ’
730 2178 804 2267 ἤτοι
818 2180 920 2247 πλέον
933 2174 954 2265 ἢ
965 2183 1126 2247 ἔλασσον·

57 2301 90 2349 20
108 2287 208 2351 τοῦτο
225 2281 331 2363 οὕτως
341 2289 418 2370 έχον
432 2282 700 2354 ἀποδείκνυσθαι
715 2285 770 2354 διὰ
780 2289 842 2353 τοῦ
857 2284 885 2367 ζ’
895 2282 1125 2373 θεωρήματος.

110 2394 179 2457 ἔστι
202 2388 265 2475 μὲν
286 2394 386 2458 τοῦτο
410 2389 447 2458 τὸ
470 2391 632 2479 θεῶρημά
655 2418 687 2460 τι
710 2390 880 2470 πεπονθὸς
904 2387 1051 2458 σπάνιον
1070 2390 1125 2457 καὶ

109 2491 152 2562 οὐ
174 2494 264 2562 πάνυ
291 2509 362 2576 ταῖς
391 2499 659 2584 έπιστημονικαῖς
681 2496 883 2583 προτάσεσιν
907 2497 1040 2575 εἰωθός.
1087 2494 1124 2564 τὸ

109 2600 173 2689 γὰρ
206 2599 420 2688 ἀποφατικῶς
451 2610 709 2691 σχηματίζεσθαι
737 2605 793 2672 καὶ
821 2600 866 2689 μὴ
894 2612 1126 2687 καταφατικῶς

110 2704 152 2774 οὐ
181 2707 315 2795 σφόδρα
344 2707 461 2790 αὐταῖς
489 2713 622 2778 οίκείον.
668 2718 798 2798 μᾶλλον
825 2709 886 2796 μὲν
916 2701 979 2775 οὖν
1002 2706 1124 2776 πολλαὶ

56 2829 90 2880 25
108 2814 312 2900 καταφόσεις
335 2817 399 2883 εἰσὶ
428 2818 464 2884 ἐν
491 2830 563 2895 ταῖς
589 2818 768 2903 προτάσεσι
794 2820 863 2884 τῶν
892 2817 1124 2900 γεωμετρικῶν

108 2920 163 2986 καὶ
195 2925 263 2989 τῶν
295 2920 528 3008 ἀριθμητικῶν
561 2922 800 3010 θεωρημάτων.
855 2930 964 2991 αίτιον
993 2920 1047 3005 δέ,
1081 2917 1125 2998 ῶς

109 3064 322 3074 --——.-—.--

180 3137 222 3186 41.
242 3133 273 3188 Ρ.

110 3257 323 3268 ..---...-..,

183 3330 223 3377 12.
239 3321 290 3392 τὴν
301 3323 462 3399 δεινότητα]
478 3344 546 3383 corr.
557 3325 626 3382 ἰατὰ
643 3326 739 3382 δεινόν
751 3330 783 3395 Ρ,
798 3348 825 3385 u,
838 3329 954 3385 Proclus
964 3349 992 3400 p.
1005 3338 1068 3402 268,
1081 3341 1122 3389 21.

147 3399 188 3447 14.
208 3390 363 3463 ἀπέχουσιν
377 3398 406 3451 Ρ.
464 3397 575 3468 γένοιτο
590 3398 619 3466 Ρ,
639 3400 688 3453 sed
702 3416 770 3455 corr.
827 3406 867 3457 17.
887 3401 1078 3472 παρελθότων
1096 3404 1125 3458 Ρ.

63 3504 86 3600 Ι
138 3469 181 3518 20.
203 3462 277 3534 έχων
295 3467 325 3520 Ρ.
401 3474 442 3524 21.
463 3465 618 3533 πεπονθός
635 3471 665 3527 Ρ.
