2362 3796
123 143 189 205 194
276 145 433 197 scflofflA
451 146 490 197 ιω
507 145 782 197 ειειιοωτοωυιι
799 146 940 197 ωιΒΒοΜ
951 146 976 201 1.

191 286 265 351 125.
303 292 380 353 Είτε
406 282 619 371 διεστήκασιυ
642 287 681 352 αἱ
700 284 814 370 βάσεις
838 291 903 353 είτε
929 286 1121 353 κοινωνοῦσι

121 389 203 457 κατὰ
234 390 334 478 μέρος
361 398 425 457 εἴτε
453 389 684 458 συνάπτουσιν
712 387 757 470 ώς
782 389 847 477 τήν
874 395 956 477 μίαν
986 386 1122 478 πλευράν

121 495 241 582 κοινήν
266 493 443 564 εἶναιτῶν
467 495 543 581 δύο,
568 499 738 564 δείκνυται
760 495 798 565 τὸ
823 493 916 565 αὐτό.
957 497 1067 565 ἰστέον
1085 494 1124 579 δέ,

122 599 174 671 ότι
198 602 250 670 ἐπὶ
273 606 342 671 τών
365 603 575 688 πολυγώνων
597 602 955 692 παραλληλογράμμων
984 599 1027 671 οό
1053 621 1124 688 συμ·

88 729 105 777 5
124 714 233 795 βαίνει
255 736 293 776 το
317 712 485 794 τοιοῦτον,
509 708 596 776 διότι
620 706 663 776 οὐ
680 707 814 789 πάντως
833 706 1017 799 ἰσόπλευρά
1036 711 1126 777 ἐστιν.

122 819 154 882 εί
176 815 214 882 δὲ
238 815 435 900 ἰσόπλευρα,
458 812 592 893 πάντως
614 812 842 901 ἀκολουθήσει
864 813 904 883 τὸ
926 812 969 882 τὰ
992 814 1046 881 ἐπὶ
1068 816 1129 883 τών

122 928 206 988 ίσων
225 920 358 1007 βάσεων
378 918 460 987 ὄντα
479 923 732 1006 συγκρίνεσθαι,
751 920 807 986 καὶ
825 922 857 987 εί
873 919 936 1006 μὲν
953 923 993 988 αί
1008 916 1131 1007 ἡμίσεις

122 1036 184 1092 τοῦ
212 1026 328 1110 ἑτέρου
356 1025 497 1113 πλευραὶ
527 1037 598 1104 ταῖς
626 1022 807 1111 ὁμολόγοις
834 1029 896 1093 τοῦ
919 1026 1037 1114 ἑτέρου
1059 1050 1129 1115 παρ

123 1129 405 1216 αλληλογράμμου
432 1138 519 1215 ίσαι,
553 1137 609 1197 ίσα
637 1136 787 1216 ἔσονται,
818 1129 921 1199 ἀνισα
948 1134 1004 1217 δέ,
1036 1137 1068 1200 εί
1090 1129 1130 1219 μή

71 1257 104 1306 10
124 1260 238 1313 ουτως.

442 1326 498 1390 Ad
521 1348 623 1411 prop.
645 1326 829 1393 XXXVIII.

192 1448 265 1513 126.
298 1446 366 1513 Καὶ
390 1444 427 1515 τὸ
451 1450 500 1529 λζ’
518 1447 680 1537 θεώρημα
698 1449 837 1518 τοπικόυ
856 1452 946 1518 ἐστιν
965 1447 1132 1536 ἀνάλογον

123 1566 193 1634 τοῖς
216 1553 574 1642 παραλληλογράμμοις
597 1556 652 1623 καὶ
675 1554 737 1642 τήν
755 1565 825 1623 τών
842 1555 1021 1643 τριγώνων
1039 1557 1135 1625 θέσιν

124 1659 176 1727 ἐπὶ
200 1663 267 1727 τών
289 1657 421 1744 βάσεων
444 1657 701 1747 ὑποτιθέμενον.
738 1665 832 1729 δοκεῖ
848 1664 888 1729 δέ
904 1688 963 1749 μοι
980 1665 1053 1731 τών
1069 1679 1136 1730 τεσ-

70 1786 104 1834 15
125 1763 238 1851 σάρωυ
261 1764 502 1852 θεωρημάτων,
527 1757 576 1834 ώυ
600 1766 664 1834 δύο
687 1769 748 1852 μέν
772 1769 863 1834 ἐστιν
885 1768 939 1835 ἐπὶ
962 1778 1033 1837 τών
1056 1792 1137 1855 παρ-

122 1870 410 1958 αλληλογράμμων
430 1872 638 1959 δεδειγμένα,
657 1872 720 1939 δύο
740 1871 779 1940 δέ
797 1872 850 1940 έπὶ
867 1876 936 1940 τών
949 1872 1139 1962 τριγώνων,

122 1975 237 2044 καὶτὸ
263 1975 324 2061 μὲν
347 1987 405 2062 τῆς
428 1974 532 2065 αὐτῆς
556 1976 659 2064 οὔσης
681 1977 822 2063 βάσεως,
844 1977 882 2046 τὸ
908 1978 946 2048 δέ
969 1986 1052 2047 ἴσων
1076 1975 1138 2046 ὑπ·

123 2086 299 2167 αρχουσώυ
331 2086 399 2148 τών
431 2082 580 2169 βάσεων,
613 2089 693 2171 μίαν
725 2082 898 2165 ἀπόδειξιν
930 2084 1137 2175 παρέχεσθαι

122 2185 183 2254 τὸυ
207 2186 422 2271 στοιχειωτήυ
446 2190 482 2256 έν
501 2194 545 2279 τῷ
566 2191 597 2265 ς’
618 2194 736 2280 βιβλίῳ
757 2193 794 2258 έν
813 2195 858 2283 τῷ
880 2188 914 2258 α’
932 2188 1139 2279 θεωρήματι,

70 2314 105 2361 20
125 2289 207 2359 ὅταν
225 2289 289 2376 γάρ
308 2302 407 2360 τοῦτο
428 2295 566 2384 δεικυόη
585 2295 625 2364 τά
643 2302 790 2384 τρίγωνα
804 2297 860 2364 καὶ
874 2296 914 2364 τδι
928 2296 1139 2384 παραλληλό-

124 2423 258 2483 γραμμα
285 2396 325 2464 τὰ
353 2395 419 2467 ὑπὸ
447 2399 484 2468 τό
514 2399 596 2470 αὐτὸ
626 2401 713 2484 ὕψος
740 2408 859 2491 ἔχοντα
891 2400 977 2489 πρὸς
1007 2401 1138 2490 ἄλληλα

124 2502 186 2570 τὸν
209 2502 324 2590 λόγον,
348 2501 389 2574 δυ
413 2511 547 2592 ἔχουσιν
571 2511 609 2574 αό
624 2508 749 2594 βάσεις,
773 2506 874 2577 οὐδέν
892 2507 976 2577 ἀλλο
994 2504 1015 2595 ἢ
1034 2514 1138 2579 ταῦτα

123 2609 232 2677 πάντα
254 2612 525 2701 καθολικώτερον
548 2612 787 2682 ἀποδείκνυσιν
812 2616 847 2682 έκ
869 2624 929 2700 τής
946 2610 1139 2702 ἀναλογίας.

123 2714 160 2784 τό
189 2716 253 2804 γάρ
282 2715 363 2787 αὐτὸ
391 2717 478 2801 ὕψος
506 2716 609 2788 οὐδέν
638 2721 789 2805 διαφέρει
817 2717 838 2806 ή
863 2722 900 2788 έν
922 2732 996 2800 ταῖς
1019 2717 1139 2801 αὐτοῖς

70 2846 105 2896 25
125 2821 211 2892 εἶναι
234 2826 468 2913 παραλλήλοις.
504 2825 614 2893 πάντα
633 2825 695 2914 γὰρ
714 2823 754 2894 τά
774 2827 810 2893 έν
828 2838 900 2904 ταῖς
918 2823 1037 2906 αόταλς
1057 2826 1138 2895 ὄντα

122 2931 348 3021 παραλλήλοις
375 2929 440 3000 ὑπὸ
469 2931 507 2999 τὸ
536 2930 619 2999 αότό
649 2934 738 2999 ἐστιν
761 2929 847 3013 ὕψος
873 2931 929 2999 καὶ
956 2928 1138 3002 ἀνάπαλιν.

122 3060 294 3069 ----.-.,--
303 3062 336 3068 ..-

195 3108 434 3177 125.PBFVat.;
456 3106 495 3169 εἰς
513 3103 544 3161 τὸ
564 3104 609 3164 ις’
628 3107 693 3162 Vat.
767 3114 825 3162 126.
846 3108 885 3161 va
899 3108 963 3177 (ες).

196 3272 219 3320 6.
245 3264 414 3337 ἰσόπλευρα]
439 3263 606 3331 ἰσόπλευρον
624 3265 729 3334 BVat„
753 3267 828 3320 del?
852 3282 909 3320 non
931 3264 1023 3334 liquet
1041 3268 1081 3323 ob
1098 3269 1138 3323 Ia-

124 3351 232 3392 cunam.
304 3333 429 3406 πάντως]
449 3354 502 3393 om.
521 3337 623 3403 BVat.
642 3338 770 3391 lacunam
791 3338 821 3395 F.
895 3342 919 3391 9.
940 3339 1012 3409 ἴσαι]
1032 3356 1089 3395 om.
1107 3339 1138 3395 P.

160 3407 223 3477 ἴσω]
248 3425 301 3462 om.
322 3407 370 3460 BF
380 3407 439 3463 Vat.
531 3404 624 3463 ἀνισοι
642 3407 734 3463 Fvat.
826 3414 868 3463 12.
892 3403 952 3478 λζ’]
976 3407 1062 3467 scrib.
1081 3406 1138 3479 λη’.

157 3482 201 3530 21.
221 3474 268 3549 τά]
288 3493 341 3533 om.
361 3476 396 3531 V.
