2362 3796
64 148 108 203 ΚΠ

455 150 666 204 PRAEFATIO.

166 316 245 359 rauo
274 293 352 358 alibi
380 293 521 380 nigriore
550 294 628 359 alibi
651 293 822 378 pallidiore
845 294 1065 377 putidiuscule

168 400 299 483 scripta.

100 503 145 570 V2
163 543 206 552 -
227 506 351 571 scholia
374 505 493 571 codicis
511 504 543 570 V
566 527 663 569 manu
686 505 801 589 rapida
818 505 1067 592 neglegentique

168 612 298 696 scripta,
317 633 398 695 quae
418 611 524 676 forma
542 611 742 694 quarundam
759 611 944 676 litterarum
963 613 1069 696 (uelut

170 741 229 801 φκ
242 716 283 805 θ)
316 718 445 782 cursiua
477 716 572 781 facile
599 717 812 802 dignoscitur;
848 720 1068 786 atramentum

167 824 247 888 alibi
270 844 398 903 rauum,
428 822 508 885 alibi
530 823 730 887 cineraceum
756 826 806 888 est
829 827 862 888 et
885 827 979 910 quasi
1002 825 1069 891 situ

167 929 351 996 obductum.

101 1033 145 1101 V³
173 1070 218 1082 -
246 1034 371 1099 scholia
400 1033 517 1099 codicis
540 1032 572 1098 V
599 1056 696 1099 manu
730 1037 852 1101 recenti
884 1041 1067 1103 atramento

168 1141 263 1224 nigro
288 1140 406 1205 litteris
429 1140 564 1204 minutis
587 1139 799 1224 rotundisque
822 1142 951 1227 scripta.

101 1244 146 1312 V⁴
162 1283 203 1294 -
221 1246 343 1311 scholia
357 1244 477 1310 codicis
490 1244 522 1310 V
535 1267 632 1309 manu
646 1245 868 1311 recentissima
883 1251 1066 1315 atramento

168 1351 344 1437 nigerrimo
368 1350 487 1415 litteris
511 1350 644 1415 minutis
667 1351 780 1434 rapide
804 1355 836 1417 et
853 1353 1068 1439 neglegenter
1123 1355 1126 1359 ’

169 1459 298 1541 scripta.

102 1561 147 1629 V⁵
168 1600 207 1610 -
228 1585 342 1629 manus
360 1584 485 1647 recens,
503 1584 585 1647 quae
604 1584 705 1627 unum
721 1563 880 1629 scholium
896 1565 1069 1651 adscripsit

174 1668 218 1756 (X
231 1691 278 1734 nr.
288 1666 378 1755 223).
391 1704 436 1717 —
449 1668 565 1733 harum
580 1669 723 1734 omnium
737 1691 891 1734 manuum
906 1671 1023 1737 codicis
1038 1672 1070 1738 V

169 1775 409 1840 distinctionem
424 1796 476 1839 me
486 1779 652 1860 praestare
663 1796 759 1859 posse
772 1775 881 1854 credo;
895 1798 971 1842 nam
981 1782 1068 1861 post

170 1903 266 1966 quam
284 1883 436 1965 pleraque
456 1880 581 1946 scholia
593 1879 807 1946 Uindobonae
826 1882 1068 1969 descripseram,

171 2011 255 2053 anno
281 1988 366 2053 1886
395 1986 499 2052 denuo
523 1987 664 2051 codicem
688 1986 860 2070 diligenter
885 1989 1069 2053 examinare

169 2094 357 2176 reliquaque
377 2091 550 2174 adiungere
570 2090 650 2155 mibi
669 2092 774 2175 licuit,
800 2112 872 2156 eum
891 2115 911 2157 a
927 2092 1069 2158 liberali·

169 2202 239 2263 tate
272 2196 457 2283 praesidum
491 2195 707 2262 bibliothecae
741 2196 916 2264 Caesareae
944 2197 1068 2264 Uindo-

170 2304 323 2369 bonensis
338 2302 475 2386 adeptus
490 2323 602 2385 essem,
615 2305 652 2366 ut
666 2304 765 2368 codex
779 2323 890 2366 rursus
904 2301 1069 2369 Hauniam

171 2410 455 2474 transmitteretur.
501 2428 583 2491 quae
610 2409 696 2472 ratio
720 2408 884 2472 intereas
909 2411 941 2472 et
964 2410 1073 2478 eodf

169 2515 356 2598 intercedat,
380 2513 445 2577 alio
468 2512 539 2579 loco
563 2535 730 2596 exponam.

102 2621 177 2688 Vat.
204 2659 242 2668 —
269 2620 393 2686 scholia
421 2619 540 2685 codicis
564 2618 715 2684 Uaticani
738 2618 805 2682 204
831 2620 1070 2684 membranacei

104 3069 125 3112 V

171 2749 252 2793 saec.
271 2725 302 2789 X
324 2725 381 2790 fol.
397 2724 571 2790 198-205
590 2721 639 2811 (in
657 2725 720 2788 fine
739 2717 869 2789 mutilus
886 2722 960 2810 est),
978 2725 1070 2790 cuius

172 2832 422 2916 descriptionem
450 2832 636 2895 adcuratam
666 2828 754 2894 dedit
776 2827 817 2892 H.
838 2827 956 2915 Menge
978 2829 1071 2895 Neue

169 2939 284 3006 Jahrb.
306 2937 329 3002 f.
352 2936 534 3021 Philologie
560 2937 646 3001 1886
669 2958 699 3019 p.
721 2935 785 3000 183
796 2955 843 3018 sq.

159 3084 196 3094 —
231 3045 356 3111 scholia
388 3042 507 3109 codicis
542 3041 694 3107 Uaticani
728 3041 834 3124 1038,
871 3041 910 3107 de
942 3063 1006 3126 quo
1039 3064 1070 3107 u.

173 3173 271 3235 supra
289 3173 319 3235 p.
333 3148 365 3214 V
375 3170 437 3233 sq.3
455 3168 558 3231 pauca
572 3150 700 3211 tantum
715 3168 814 3211 manu
829 3149 934 3231 prima
948 3147 1072 3230 scripta

172 3261 248 3322 sunt
267 3254 355 3342 (inde
371 3253 487 3318 alibro
502 3251 533 3315 X
548 3249 710 3337 maxime),
730 3255 836 3317 cetera
854 3253 958 3319 multa
972 3274 1072 3317 manu

170 3362 346 3428 recentiore
379 3357 458 3423 satis
496 3358 622 3440 subtili,
660 3379 742 3442 quae
775 3359 854 3424 alibi
887 3362 1076 3438 atramento

170 3468 275 3553 nigro,
297 3464 376 3530 alibi
397 3462 520 3547 pallido
541 3463 653 3529 utitur.
