2362 3796
74 129 162 187 cvm
358 137 633 191 PROLEGOMENA
652 140 803 193 emurch.

73 290 100 326 u.
115 272 302 330 Heilhronner
316 273 381 330 hist.
392 277 480 333 math.
490 297 517 347 p.
530 282 592 349 159)
607 282 699 335 totam
713 280 862 350 recepisse.
881 281 1089 350 propositiones

75 351 149 406 solas
172 351 273 422 habet,
302 353 407 410 additis
431 356 545 412 scholiis
569 375 641 428 quae
669 363 753 415 uocat
775 359 928 428 nonnullis,
957 361 986 416 h.
1006 378 1029 416 e.
1048 361 1090 415 ΙΙΙ

73 447 101 500 p.
121 436 181 499 222,
201 438 286 501 9sq.;
314 450 342 502 p.
362 439 423 503 352,
444 439 546 504 18sq.;
575 437 614 492 IV
632 456 661 508 p.
683 444 747 507 336,
770 446 802 494 15
817 457 871 508 sq.;
899 439 926 494 V
943 457 971 509 p.
991 445 1034 506 28,
1056 446 1088 494 11

74 517 551 582 -mapmm-mm

143 591 269 645 Euclidis
293 590 454 661 quindecim
478 593 690 651 Elementorum
708 598 885 654 Geometriae
910 597 1031 668 primum
1056 616 1090 654 ex

74 667 195 724 Theonis
210 672 417 727 commentariis
428 672 535 729 Graece
550 675 580 729 et
592 677 702 732 Latine.
727 679 772 733 001
786 680 965 734 accesserunt
974 677 1091 733 Scholia

151 750 268 805 authore
297 751 426 806 Cunrado
450 751 611 823 Dasypodio
639 756 759 813 Scholae
782 757 997 828 argentinensis
1024 774 1089 828 pro-

72 825 185 884 fessore.
223 828 405 899 Argentorati
425 835 495 885 1664
512 833 645 902 (repetita
664 853 728 891 cum
746 837 856 892 Herone
873 836 912 892 ib.
929 843 999 892 1570
1017 835 1087 906 siue,

74 912 105 965 ut
122 911 151 964 in
165 909 230 965 aliie
245 909 450 978 exemplaribus
466 911 517 980 001,
538 916 627 983 1171).
656 932 691 970 01
704 918 793 987 praet.
808 917 851 972 ed.
870 916 971 987 prioris
990 919 1088 986 „annis

71 989 174 1060 viginti
186 1006 235 1044 sex
248 986 339 1043 nostri
352 986 499 1056 Gymnasii
512 996 684 1050 consuetudo
698 995 760 1066 fuit,
779 999 820 1065 ut,
838 996 888 1065 qui
904 1014 937 1052 ex
951 997 1088 1052 classibus

73 1071 109 1124 ad
129 1067 257 1138 publicas
274 1065 412 1122 lectiones
437 1074 649 1143 promerentur,
678 1077 801 1146 primum
825 1075 944 1133 audiant
962 1075 1087 1131 Euclidis

73 1146 178 1201 librum
196 1143 308 1202 ..fui
331 1146 361 1199 et
383 1163 436 1216 ego
459 1163 571 1215 quoque
598 1156 695 1210 nostro
719 1156 910 1226 Typographo
934 1156 1036 1210 author
1059 1158 1089 1210 et

76 1241 181 1294 suasor,
196 1228 237 1293 ut,
252 1241 315 1280 cum
326 1225 404 1280 nulla
414 1225 535 1296 amplius
545 1232 676 1288 extarent
683 1233 862 1304 exemplaria,
877 1234 1088 1290 hunclibellum

72 1305 259 1374 imprimeret,
288 1321 323 1360 ne
346 1307 421 1360 bona
444 1306 474 1359 et
491 1305 635 1366 fructuosa
653 1314 767 1370 scholae
786 1317 900 1369 nostrae
918 1313 1085 1369 constitutio

73 1386 281 1442 intercideret“.
310 1384 445 1455 expraef.
460 1384 576 1443 alterius
596 1392 664 1460 „sed
684 1397 713 1448 et
731 1395 805 1449 11000
823 1395 945 1463 primum
958 1392 1087 1448 Elemen.

73 1468 167 1521 torum
185 1464 312 1520 Euclidis
335 1464 438 1519 librum
463 1464 494 1519 in
517 1465 609 1524 lucem
631 1490 705 1527 nunc
728 1472 795 1542 edo,
823 1489 887 1527 cum
908 1472 1024 1540 propter
1042 1486 1084 1538 00,

72 1562 145 1615 quae
164 1548 229 1601 ante
254 1548 320 1600 sunt
342 1544 434 1613 dicta,
461 1545 522 1599 tum
545 1551 632 1606 etiam
655 1553 731 1621 quod
754 1551 802 1607 1110
819 1548 996 1622 potissimum
1014 1550 1087 1604 liber

72 1634 103 1689 in
122 1633 251 1690 omnibus
270 1634 330 1689 1010
345 1631 504 1703 Gymnasiis
522 1632 710 1704 praelegatur,
729 1633 759 1688 in
776 1631 878 1688 nostris
896 1645 962 1686 1010
981 1629 1085 1684 scholis

75 1712 121 1784 iis,
141 1714 191 1783 qui
208 1714 238 1768 in
257 1712 350 1784 prima
369 1716 436 1768 sunt
454 1713 540 1782 curia,
559 1717 759 1785 proponatur“.

146 1794 271 1850 Euclidis
289 1792 451 1862 qvindecim
470 1788 676 1848 elementorum
690 1792 866 1849 Geometriae
885 1791 1040 1846 seeundum
1053 1808 1088 1846 ex

75 1873 198 1928 Theonis
222 1870 433 1928 commentariis
457 1869 564 1926 Graece
588 1875 618 1928 et
640 1872 740 1927 Latine
760 1871 1087 1943 ...1101000011οΨ-

73 1952 190 2022 podium
294 1953 475 2020 Argentorat.
501 1955 571 2006 1564
599 1954 678 2021 (cnm
706 1951 880 2022 Barlaamo).
936 1967 970 2006 ex
997 1949 1085 2020 praef.

73 2032 216 2102 „mihique
235 2031 304 2087 eatis
323 2032 435 2088 0111...
450 2030 480 2084 in
495 2030 685 2088 studiosorum
700 2032 822 2101 gratim
835 2032 943 2100 aliquid
957 2029 1085 2085 fecisset

144 2111 355 2181 Propositiones
387 2108 559 2179 reliquorum
590 2111 726 2168 librorum
754 2111 932 2167 Geometriae
959 2109 1085 2166 Euclidis

73 2192 180 2248 Graece
193 2195 222 2245 01
235 2189 337 2245 Latine
356 2189 386 2244 in
404 2206 487 2244 usum
500 2205 604 2260 eorum,
623 2190 673 2261 qui
685 2188 828 2245 volumine
841 2188 967 2244 Euclidis
981 2191 1086 2245 carent.

72 2270 125 2325 Per
150 2269 231 2324 Gunr.
251 2269 451 2339 Dasypodium.
492 2271 670 2338 Argentorat.
697 2274 775 2323 1564.
813 2269 957 2338 expraef.
982 2286 1087 2338 „quare

73 2348 154 2405 utin
177 2349 285 2403 duobus
308 2348 448 2418 prioribus
470 2349 588 2419 libellis,
616 2365 686 2418 quos
708 2351 739 2404 iu
764 2350 857 2404 lucem
879 2346 969 2418 edidi,
998 2351 1086 2403 bonos

74 2429 265 2483 adolescentes
280 2429 446 2484 adhortatus
461 2445 523 2482 sum
536 2429 573 2483 ad
587 2428 714 2484 studium
728 2428 914 2496 Geometriae,
933 2427 975 2482 ita
990 2430 1019 2483 et
1032 2428 1087 2483 hoc

72 2508 104 2562 in
122 2507 183 2563 loco
201 2508 307 2563 faciam
406 2524 502 2564 verum
522 2527 558 2564 ne
576 2508 705 2564 hortator
723 2506 829 2576 solum,
854 2508 903 2562 sed
926 2508 957 2561 et
974 2507 1086 2562 adiutor

73 2604 171 2656 essem,
190 2587 268 2643 volui
285 2589 315 2644 in
334 2588 458 2659 gratiam
476 2589 667 2644 studiosorum
685 2587 895 2659 propositiones
914 2587 1086 2654 reliquorum

72 2666 199 2723 Euclidis
218 2666 354 2724 librorum
381 2668 485 2723 Graece
512 2669 543 2722 01
565 2668 666 2724 Latine
689 2666 785 2733 edere,
813 2682 846 2720 eo
870 2680 937 2720 sane
960 2663 1087 2735 consilio,

73 2748 148 2816 qnod
172 2748 341 2817 cogitarem,
365 2746 529 2802 mutilatum
551 2747 698 2818 quippiam
721 2760 795 2812 esse,
819 2744 843 2799 si
866 2744 973 2814 primus
996 2745 1026 2798 et
1044 2761 1086 2798 se·

73 2828 179 2884 curdus
197 2827 270 2882 liber
287 2827 399 2881 tantum
416 2824 625 2895 imprimeretur
644 2866 724 2882 .....
742 2839 856 2879 necesse
871 2825 923 2892 est,
940 2824 974 2878 ut
987 2824 1086 2879 eadem

71 2905 214 2975 frequenti
227 2905 349 2961 lectione
365 2904 419 2960 sibi
433 2904 552 2972 quisque
565 2904 655 2960 faciat
667 2904 832 2971 familiaria3
851 2903 1003 2959 molestum
1019 2921 1086 2960 vero

72 2987 117 3040 est
134 2985 277 3056 integrum
295 2981 422 3039 Euclidis
439 2984 572 3040 volumen
594 2985 730 3056 perpetuo
749 2984 815 3038 hinc
837 2982 950 3038 atinde
968 2981 1087 3037 circum·

72 3065 157 3133 terre3
186 3064 345 3120 arbitrabar
367 3063 468 3133 igitur,
491 3063 568 3118 siin
591 3065 720 3120 libellum
743 3061 918 3133 redigeretur
940 3061 1085 3130 minorem,

73 3144 247 3200 commodius
272 3158 333 3198 esse
357 3141 486 3196 omnibus
510 3142 682 3210 geometriae
705 3141 838 3198 studiosis
856 3142 927 3197 haec
943 3140 1088 3212 percipere

72 3224 237 3280 elementa.“

143 3305 195 3359 has
214 3317 311 3357 omnes
330 3299 470 3356 editiones
490 3317 505 3356 e
524 3299 680 3356 Basileensi
698 3302 835 3371 pendere,
854 3301 973 3371 adparet
991 3316 1025 3354 01
1044 3317 1086 3355 er-

76 3383 187 3437 roribus
202 3378 380 3449 quibusdam,
399 3380 457 3449 qui,
472 3382 503 3435 ut
518 3380 642 3436 ostendit
660 3380 776 3436 collatio
791 3379 897 3437 codicis
911 3379 1012 3434 Ueneti
1025 3385 1087 3448 301,

75 3460 107 3514 in
127 3461 169 3516 ed.
188 3458 317 3529 principe
336 3458 478 3515 commissi
496 3459 563 3514 sunt
584 3475 603 3514 a
619 3459 818 3532 typographis,
846 3462 876 3517 et
898 3459 947 3529 qui
974 3459 1004 3514 in
1030 3458 1088 3515 illis
