2362 3796
339 163 521 217 εεεεειοιπ
540 161 776 214 εοσοεσοειοοι
789 162 811 213 1.
1020 157 1085 222 685

73 305 129 374 καὶ
152 305 260 371 πάντα
283 303 406 387 ἑξάκις,
437 299 512 388 ἤτοι
534 299 574 368 τὰ
596 305 672 386 τρία
695 298 1024 388 παραλληλόγραμμα
1046 295 1086 365 τὰ

73 407 139 478 ὑπὸ
164 415 243 495 ΛΕ,
267 414 336 476 ΒΓ
352 407 408 474 καί
430 405 471 474 τδι
494 406 557 475 δύο
580 411 728 491 τρίγωνα
749 402 790 472 τὰ
814 410 929 471 ΑΒΓ·
959 409 1088 489 γίνεται

76 507 139 584 οὖν
158 515 199 581 τδι
218 513 279 601 μὲν
297 512 486 601 τριάκοντα,
505 510 546 578 τδι
566 511 604 579 δὲ
622 519 742 579 εἰκοσι·
765 518 869 577 εἰκοσι
884 508 922 576 δὲ
934 506 975 576 τὰ
989 513 1092 576 ΑΒΓ

75 627 224 709 τρίγυνα
246 619 268 706 ἡ
293 617 470 705 ἐπιφάνειά
494 620 564 686 ἐστι
586 621 648 685 τοῦ
671 616 898 703 εἰκοσαέδρου.

144 729 197 795 20.
230 721 320 792 Ἐπεὶ
341 728 399 811 τῆς
418 730 520 792 ΕΒΓ
538 720 584 801 ὡς
606 732 684 809 μιᾶς
705 718 842 807 ἡμίσειά
865 722 956 788 έστιν
978 717 999 807 ἡ
1019 726 1094 787 ΕΗ
1125 743 1142 792 ο

77 831 135 900 διὰ
158 830 196 900 τὸ
220 832 355 917 πρῶτον
377 833 439 897 τοῦ
461 827 628 916 παρόντος
646 832 798 913 βιβλίου,
814 833 884 895 ἔστι
903 827 941 895 δὲ
958 827 1012 894 καὶ
1032 830 1090 911 τῆς

78 945 142 1006 ΕΒ
166 934 300 1023 ἡμίσεια
322 933 420 1022 ἡΕΖ
445 933 501 1003 διὰ
524 931 562 1002 τὸ
585 933 733 1020 πόρισμα
750 944 811 1002 τοῦ
832 930 938 1000 αὐτοῦ
956 933 1090 1016 προότου

77 1040 306 1128 θεωρήματος,
330 1039 376 1119 ὡς
395 1039 460 1126 ἄρα
479 1037 500 1126 ἡ
515 1046 618 1107 ΕΒΓ
632 1036 694 1125 ὅλη
708 1037 792 1125 πρὸς
805 1036 868 1124 τὴν
882 1045 962 1124 ΕΗ,
985 1036 1092 1118 οὕτως

79 1147 100 1235 ἡ
125 1154 188 1216 ΕΒ
216 1145 300 1235 πρὸς
324 1154 399 1214 ΕΖ·
437 1149 537 1232 διπλῆ
571 1147 636 1231 γὰρ
665 1145 801 1232 ἑκατέρα
825 1144 992 1231 Ῐὲκατέρας.
1036 1144 1092 1211 καί

80 1252 236 1339 ἐναλλάξ,
269 1249 315 1332 οὸς
341 1250 362 1339 ἡ
386 1259 489 1320 ΕΒΓ
512 1250 574 1338 ὅλη
597 1250 682 1340 πρὸς
704 1258 783 1319 ΕΒ·
818 1251 1003 1338 τεμνομένη
1027 1247 1092 1338 γὰρ
1112 1269 1146 1318 10

80 1358 186 1449 ἄκρον
208 1360 265 1426 καὶ
288 1359 392 1445 μέσον
414 1358 518 1445 λόγον
540 1365 654 1446 μεῖζον
676 1368 788 1445 τμῆμα
808 1362 874 1443 ἔχει
892 1355 929 1424 τὸ
949 1364 1012 1424 ΕΒ
1037 1353 1094 1423 διδι

80 1465 119 1534 τὸ
145 1465 185 1533 θ’
212 1468 274 1532 τοῦ
301 1462 348 1550 ιγ’
377 1469 524 1550 βιβλίου·
562 1462 651 1532 οὕτω
678 1465 735 1532 καὶ
762 1460 784 1550 ἡ
814 1471 888 1531 ΕΗ
911 1461 994 1552 πρὸς
1022 1468 1095 1559 ΕΖ.

79 1572 264 1659 τεμνομένη
297 1568 363 1657 ἄρα
394 1571 451 1636 καί
482 1567 503 1656 ἡ
534 1576 608 1636 ΕΗ
635 1569 740 1656 ἄκρον
772 1569 829 1637 καὶ
857 1570 961 1655 μέσον
991 1567 1095 1654 λόγον

80 1684 193 1764 μεῖζον
216 1677 281 1755 ἕξει
303 1677 414 1759 τμῆμα
436 1675 468 1741 τί
497 1680 565 1740 ΕΖ.
602 1671 689 1742 ἀλλὰ
707 1675 763 1741 καὶ
781 1672 802 1761 ἡ
817 1683 846 1743 (θ
869 1673 970 1761 ητοῦ
987 1672 1096 1759 κύβου

82 1780 226 1869 πλευρά,
258 1783 290 1846 εἰ
315 1777 522 1864 τμηθήσεται
549 1776 656 1865 ἄκρον
685 1779 742 1848 καί
770 1781 877 1869 μέσον
903 1781 1023 1866 λόγον,
1056 1778 1094 1848 τὸ
1116 1797 1149 1848 15

82 1893 194 1974 μεῖζον
222 1886 287 1965 ἕξει
315 1887 426 1971 τμῆμα
452 1881 516 1971 τὴν
539 1894 602 1951 τοῦ
625 1884 845 1972 πενταγώνου
867 1885 1015 1971 πλευρὰν
1040 1889 1096 1954 διὰ

81 1994 121 2062 τὸ
152 1990 299 2079 πόρισμα
330 2000 392 2058 τοῦ
419 1990 461 2071 ιζ’
485 1994 546 2059 τοῦ
575 1989 622 2076 ιγ’
651 1997 794 2078 βιβλίου.
846 1989 892 2071 ὡς
923 1990 988 2079 ἄρα
1019 1991 1040 2079 ἡ
1067 2000 1096 2061 Θ

82 2098 167 2188 πρὸς
192 2096 254 2184 τὴν
282 2102 343 2166 ΓΑ
369 2095 432 2181 τὴν
460 2101 520 2165 τοῦ
549 2097 766 2182 πενταγώνου
793 2096 958 2185 πλευρόν,
990 2095 1096 2178 οὕτως

83 2203 104 2292 ἡ
134 2211 208 2272 ΕΗ
236 2201 320 2290 πρὸς
346 2209 418 2271 ΕΖ.
468 2202 505 2270 τὸ
535 2200 601 2289 ἄρα
628 2200 693 2271 ὑπὸ
722 2207 782 2289 τῆς
810 2209 839 2270 Θ
865 2203 921 2270 καί
948 2207 1006 2290 τῆς
1034 2211 1096 2271 ΕΖ

84 2322 160 2380 ἰσον
184 2315 276 2377 ἔσται
297 2312 344 2399 τῷ
362 2304 426 2376 ὑπὸ
445 2312 514 2377 τῶν
533 2316 602 2377 ΑΓ
620 2309 676 2376 καί
694 2316 766 2377 ΗΕ
787 2307 900 2378 διὰτὸ
919 2309 965 2384 ις’
983 2314 1045 2379 τοῦ
1064 2302 1097 2390 ς’
1116 2330 1151 2380 20

83 2421 228 2504 βιβλίου.
278 2414 315 2482 τὸ
344 2412 411 2501 ἄρα
437 2411 503 2482 ὑπὸ
534 2418 593 2500 τῆς
620 2422 649 2482 (θ
679 2415 736 2482 καὶ
764 2423 827 2483 ΕΖ
859 2415 1097 2505 περιεχόμενον

84 2520 434 2609 παραλληλόγραμμον
457 2518 540 2606 πρὲς
561 2518 599 2588 τὸ
622 2517 689 2590 ὑπὸ
713 2525 774 2608 τῆς
798 2529 879 2608 ΔΓ,
903 2529 966 2589 ΕΖ
992 2523 1097 2610 λόγον

86 2627 165 2709 ἕξει,
194 2623 234 2693 ὃν
258 2624 279 2714 η
304 2633 333 2694 Θ
360 2625 458 2712 βάσις
480 2625 566 2714 πρὸς
588 2623 659 2694 ΔΓ
682 2628 783 2712 βάσιν
810 2628 867 2694 διὰ
890 2627 927 2696 τὸ
951 2631 989 2696 τδ
1015 2627 1096 2698 αὐτὸ

86 2726 173 2808 ὕψος
195 2736 282 2817 έχειν
304 2730 367 2816 τὴν
392 2739 463 2799 ΕΖ.
504 2733 561 2799 καὶ
584 2728 629 2810 ὡς
651 2730 719 2820 ἄρα
741 2730 762 2819 ἡ
787 2741 816 2801 (θ
838 2731 922 2817 πρὸς
943 2732 1006 2819 τὴν
1024 2741 1097 2820 ΓΔ,

88 2831 194 2915 οὕτως
210 2834 249 2904 τὸ
268 2833 334 2903 ὑπὸ
355 2842 425 2920 ΓΑ,
439 2842 512 2903 ΗΕ
528 2833 612 2922 πρὸς
629 2834 667 2903 τὸ
686 2834 751 2904 ὑπὸ
772 2842 844 2924 ΓΔ,
858 2844 930 2906 ΖΕ.
962 2841 1098 2926 ἐδείχθη
1117 2859 1152 2910 25

88 2939 136 3024 δέ,
161 2938 213 3008 ὅτι
234 2939 273 3010 τὸ
296 2940 530 3030 τριακοντάκις
551 2938 618 3009 ὑπὸ
642 2951 721 3028 μιᾶς
742 2947 804 3012 τοῦ
823 2942 1026 3032 ἰσοπλεύρου
1043 2946 1099 3013 καὶ

87 3050 270 3130 ἰσογωνίου
297 3044 515 3130 πενταγώνου
545 3046 602 3113 καὶ
631 3049 690 3131 τῆς
721 3049 774 3115 έπὶ
799 3047 925 3135 ταύτην
952 3051 1099 3118 καθέτου

159 3209 202 3258 20.
222 3202 273 3269 V¹3
297 3203 396 3260 eodem
414 3205 476 3260 Ιοοο
496 3222 566 3261 eras.
582 3203 719 3262 scholium
738 3206 847 3275 similis,
865 3210 898 3261 ut
915 3208 1035 3277 uidetur,
1055 3225 1099 3264 ar-

86 3275 216 3345 gumenti
234 3273 280 3328 V¹.

124 3422 184 3540 231.
208 3409 422 3556 §563319]'im{rm0
441 3391 582 3480 δεκάκις.Ι
657 3422 700 3472 20.
724 3418 801 3490 viv}
820 3434 919 3487 οοτορ.
935 3417 1124 3472 &mmm-

162 3505 218 3542 ,το
240 3505 270 3539 το
302 3505 334 3540 το
378 3526 385 3542 .
