<?xml version="1.0" encoding="UTF-8"?>
<!DOCTYPE html PUBLIC "-//W3C//DTD XHTML 1.0 Transitional//EN"
    "http://www.w3.org/TR/xhtml1/DTD/xhtml1-transitional.dtd">
<html xmlns="http://www.w3.org/1999/xhtml" xml:lang="en" lang="en">
 <head>
  <title>
</title>
<meta http-equiv="Content-Type" content="text/html;charset=utf-8" />
  <meta name='ocr-system' content='tesseract 3.04.00' />
  <meta name='ocr-capabilities' content='ocr_page ocr_carea ocr_par ocr_line ocrx_word'/>
</head>
<body>
  <div class='ocr_page' id='page_1' title='image "./euclidisoperaom02unkngoog_0244.png"; bbox 0 0 2362 3796; ppageno 0'>
   <div class='ocr_carea' id='block_1_1' title="bbox 235 121 1084 185">
    <p class='ocr_par' dir='ltr' id='par_1_1' title="bbox 235 121 1084 185">
     <span class='ocr_line' id='line_1_1' title="bbox 235 121 1084 185; baseline 0.012 -9"><span class='ocrx_word' id='word_1_1' title='bbox 235 123 393 177; x_wconf 76' lang='lat' dir='ltr'><strong>scflom</strong></span> <span class='ocrx_word' id='word_1_2' title='bbox 411 126 450 176; x_wconf 78' lang='grc' dir='ltr'><strong><em>ια</em></strong></span> <span class='ocrx_word' id='word_1_3' title='bbox 467 124 743 177; x_wconf 73' lang='grc' dir='ltr'><strong><em>Ειααεευοευα</em></strong></span> <span class='ocrx_word' id='word_1_4' title='bbox 760 125 899 177; x_wconf 72' lang='grc' dir='ltr'><strong><em>τιεευει</em></strong></span> <span class='ocrx_word' id='word_1_5' title='bbox 913 125 935 176; x_wconf 93' lang='lat'><strong><em>1.</em></strong></span> <span class='ocrx_word' id='word_1_6' title='bbox 1023 121 1084 185; x_wconf 73' lang='lat'><strong><em>127</em></strong></span> 
     </span>
    </p>
   </div>
   <div class='ocr_carea' id='block_1_2' title="bbox 71 262 1143 3105">
    <p class='ocr_par' dir='ltr' id='par_1_2' title="bbox 71 262 1143 3105">
     <span class='ocr_line' id='line_1_2' title="bbox 72 262 1087 351; baseline 0.001 -20"><span class='ocrx_word' id='word_1_7' title='bbox 72 267 178 331; x_wconf 75' lang='grc' dir='ltr'><strong><em>δεῖται</em></strong></span> <span class='ocrx_word' id='word_1_8' title='bbox 195 263 252 331; x_wconf 77' lang='grc' dir='ltr'><strong><em>καὶ</em></strong></span> <span class='ocrx_word' id='word_1_9' title='bbox 265 267 324 350; x_wconf 80' lang='grc' dir='ltr'><strong><em>τῆς</em></strong></span> <span class='ocrx_word' id='word_1_10' title='bbox 336 262 565 351; x_wconf 77' lang='grc' dir='ltr'><strong><em>καταφάσεως,</em></strong></span> <span class='ocrx_word' id='word_1_11' title='bbox 583 269 615 331; x_wconf 93' lang='grc' dir='ltr'><strong><em>εί</em></strong></span> <span class='ocrx_word' id='word_1_12' title='bbox 631 265 743 351; x_wconf 77' lang='grc' dir='ltr'><strong><em>μέλλει</em></strong></span> <span class='ocrx_word' id='word_1_13' title='bbox 763 270 971 332; x_wconf 85' lang='grc' dir='ltr'><strong><em>δείκνυσθαι.</em></strong></span> <span class='ocrx_word' id='word_1_14' title='bbox 1003 263 1087 332; x_wconf 89' lang='grc' dir='ltr'><strong><em>ἀνευ</em></strong></span> 
     </span>
     <span class='ocr_line' id='line_1_3' title="bbox 72 367 1087 457; baseline 0.002 -21"><span class='ocrx_word' id='word_1_15' title='bbox 72 368 138 456; x_wconf 85' lang='grc' dir='ltr'><strong><em>γὰρ</em></strong></span> <span class='ocrx_word' id='word_1_16' title='bbox 155 367 373 455; x_wconf 78' lang='grc' dir='ltr'><strong><em>καταφάσεως</em></strong></span> <span class='ocrx_word' id='word_1_17' title='bbox 391 367 469 438; x_wconf 77' lang='grc' dir='ltr'><strong><em>οὐτε</em></strong></span> <span class='ocrx_word' id='word_1_18' title='bbox 483 367 652 451; x_wconf 85' lang='grc' dir='ltr'><strong><em>ἀπόδειξίς</em></strong></span> <span class='ocrx_word' id='word_1_19' title='bbox 665 373 756 438; x_wconf 82' lang='grc' dir='ltr'><strong><em>ἐστιν</em></strong></span> <span class='ocrx_word' id='word_1_20' title='bbox 772 369 851 439; x_wconf 85' lang='grc' dir='ltr'><strong><em>οὐτε</em></strong></span> <span class='ocrx_word' id='word_1_21' title='bbox 866 369 1087 457; x_wconf 89' lang='grc' dir='ltr'><strong><em>συλλογισμὸς</em></strong></span> 
     </span>
     <span class='ocr_line' id='line_1_4' title="bbox 72 473 1086 563; baseline 0.001 -19"><span class='ocrx_word' id='word_1_22' title='bbox 72 473 202 560; x_wconf 83' lang='grc' dir='ltr'><strong><em>οὐδείς,</em></strong></span> <span class='ocrx_word' id='word_1_23' title='bbox 224 474 282 542; x_wconf 83' lang='grc' dir='ltr'><strong><em>καὶ</em></strong></span> <span class='ocrx_word' id='word_1_24' title='bbox 304 474 361 543; x_wconf 89' lang='grc' dir='ltr'><strong><em>διά</em></strong></span> <span class='ocrx_word' id='word_1_25' title='bbox 383 478 484 543; x_wconf 78' lang='grc' dir='ltr'><strong><em>τοῦτο</em></strong></span> <span class='ocrx_word' id='word_1_26' title='bbox 507 478 545 543; x_wconf 84' lang='grc' dir='ltr'><strong><em>αλ</em></strong></span> <span class='ocrx_word' id='word_1_27' title='bbox 565 473 792 543; x_wconf 76' lang='grc' dir='ltr'><strong><em>ἀποδεικτικαὶ</em></strong></span> <span class='ocrx_word' id='word_1_28' title='bbox 811 479 881 544; x_wconf 79' lang='grc' dir='ltr'><strong><em>τάν</em></strong></span> <span class='ocrx_word' id='word_1_29' title='bbox 899 477 1086 563; x_wconf 78' lang='grc' dir='ltr'><strong><em>ἐπιστημῶν</em></strong></span> 
     </span>
     <span class='ocr_line' id='line_1_5' title="bbox 71 566 1088 668; baseline 0 -18"><span class='ocrx_word' id='word_1_30' title='bbox 71 566 113 650; x_wconf 88' lang='grc' dir='ltr'><strong><em>τά</em></strong></span> <span class='ocrx_word' id='word_1_31' title='bbox 145 589 284 650; x_wconf 78' lang='grc' dir='ltr'><strong><em>πλεῖστα</em></strong></span> <span class='ocrx_word' id='word_1_32' title='bbox 313 595 552 668; x_wconf 79' lang='grc' dir='ltr'><strong><em>καταφατικοῖς</em></strong></span> <span class='ocrx_word' id='word_1_33' title='bbox 579 587 878 667; x_wconf 88' lang='grc' dir='ltr'><strong><em>συμπεραίνουσιν.</em></strong></span> <span class='ocrx_word' id='word_1_34' title='bbox 927 588 1022 668; x_wconf 83' lang='grc' dir='ltr'><strong><em>ἔλαβε</em></strong></span> <span class='ocrx_word' id='word_1_35' title='bbox 1051 582 1088 650; x_wconf 69' lang='grc' dir='ltr'><strong><em>δὲ</em></strong></span> 
     </span>
     <span class='ocr_line' id='line_1_6' title="bbox 71 685 1140 775; baseline -0.004 -17"><span class='ocrx_word' id='word_1_36' title='bbox 71 687 110 758; x_wconf 86' lang='grc' dir='ltr'><strong><em>τὸ</em></strong></span> <span class='ocrx_word' id='word_1_37' title='bbox 137 689 189 757; x_wconf 78' lang='grc' dir='ltr'><strong><em>ἐπὶ</em></strong></span> <span class='ocrx_word' id='word_1_38' title='bbox 212 691 273 774; x_wconf 79' lang='grc' dir='ltr'><strong><em>τῆς</em></strong></span> <span class='ocrx_word' id='word_1_39' title='bbox 290 687 392 775; x_wconf 77' lang='grc' dir='ltr'><strong><em>αὐτῆς</em></strong></span> <span class='ocrx_word' id='word_1_40' title='bbox 409 686 555 773; x_wconf 79' lang='grc' dir='ltr'><strong><em>εὐθείας,</em></strong></span> <span class='ocrx_word' id='word_1_41' title='bbox 577 686 699 774; x_wconf 81' lang='grc' dir='ltr'><strong><em>ἵναμὴ</em></strong></span> <span class='ocrx_word' id='word_1_42' title='bbox 719 687 771 755; x_wconf 83' lang='grc' dir='ltr'><strong><em>ἐπὶ</em></strong></span> <span class='ocrx_word' id='word_1_43' title='bbox 790 685 893 774; x_wconf 87' lang='grc' dir='ltr'><strong><em>άλλης</em></strong></span> <span class='ocrx_word' id='word_1_44' title='bbox 911 689 967 754; x_wconf 85' lang='grc' dir='ltr'><strong><em>καὶ</em></strong></span> <span class='ocrx_word' id='word_1_45' title='bbox 987 685 1089 773; x_wconf 86' lang='grc' dir='ltr'><strong><em>ἀλλης</em></strong></span> <span class='ocrx_word' id='word_1_46' title='bbox 1124 713 1140 761; x_wconf 79' lang='lat'><strong>5</strong></span> 
     </span>
     <span class='ocr_line' id='line_1_7' title="bbox 73 793 1088 880; baseline -0.003 -17"><span class='ocrx_word' id='word_1_47' title='bbox 73 793 212 874; x_wconf 87' lang='grc' dir='ltr'><strong><em>εὐθείας</em></strong></span> <span class='ocrx_word' id='word_1_48' title='bbox 234 794 299 862; x_wconf 83' lang='grc' dir='ltr'><strong><em>δύο</em></strong></span> <span class='ocrx_word' id='word_1_49' title='bbox 318 794 417 863; x_wconf 79' lang='grc' dir='ltr'><strong><em>δυσὶν</em></strong></span> <span class='ocrx_word' id='word_1_50' title='bbox 435 802 510 872; x_wconf 79' lang='grc' dir='ltr'><strong><em>ἴσας</em></strong></span> <span class='ocrx_word' id='word_1_51' title='bbox 528 796 705 880; x_wconf 74' lang='grc' dir='ltr'><strong><em>δείκνυμεν</em></strong></span> <span class='ocrx_word' id='word_1_52' title='bbox 723 795 780 862; x_wconf 84' lang='grc' dir='ltr'><strong><em>καλ</em></strong></span> <span class='ocrx_word' id='word_1_53' title='bbox 797 793 1088 880; x_wconf 78' lang='grc' dir='ltr'><strong><em>παραλογιζόμεθα</em></strong></span> 
     </span>
     <span class='ocr_line' id='line_1_8' title="bbox 73 896 1088 989; baseline -0.002 -20"><span class='ocrx_word' id='word_1_54' title='bbox 73 899 154 979; x_wconf 85' lang='grc' dir='ltr'><strong><em>τοὺς</em></strong></span> <span class='ocrx_word' id='word_1_55' title='bbox 176 904 216 989; x_wconf 73' lang='grc' dir='ltr'><strong><em>τῇ</em></strong></span> <span class='ocrx_word' id='word_1_56' title='bbox 239 899 397 988; x_wconf 75' lang='grc' dir='ltr'><strong><em>προτάσει</em></strong></span> <span class='ocrx_word' id='word_1_57' title='bbox 413 902 617 987; x_wconf 80' lang='grc' dir='ltr'><strong><em>χρωμένους.</em></strong></span> <span class='ocrx_word' id='word_1_58' title='bbox 654 896 716 986; x_wconf 82' lang='grc' dir='ltr'><strong><em>οὐχ</em></strong></span> <span class='ocrx_word' id='word_1_59' title='bbox 734 897 847 979; x_wconf 80' lang='grc' dir='ltr'><strong><em>άπλάς</em></strong></span> <span class='ocrx_word' id='word_1_60' title='bbox 866 899 904 968; x_wconf 76' lang='grc' dir='ltr'><strong><em>δὲ</em></strong></span> <span class='ocrx_word' id='word_1_61' title='bbox 924 898 965 967; x_wconf 90' lang='grc' dir='ltr'><strong><em>οὐ</em></strong></span> <span class='ocrx_word' id='word_1_62' title='bbox 984 902 1088 987; x_wconf 80' lang='grc' dir='ltr'><strong><em>φησίν</em></strong></span> 
     </span>
     <span class='ocr_line' id='line_1_9' title="bbox 77 1004 1089 1093; baseline 0 -20"><span class='ocrx_word' id='word_1_63' title='bbox 77 1004 353 1092; x_wconf 80' lang='grc' dir='ltr'><strong><em>συσταθήσεσθαι</em></strong></span> <span class='ocrx_word' id='word_1_64' title='bbox 375 1005 440 1074; x_wconf 83' lang='grc' dir='ltr'><strong><em>δύο</em></strong></span> <span class='ocrx_word' id='word_1_65' title='bbox 463 1006 563 1074; x_wconf 79' lang='grc' dir='ltr'><strong><em>δυσίν</em></strong></span> <span class='ocrx_word' id='word_1_66' title='bbox 583 1015 656 1087; x_wconf 85' lang='grc' dir='ltr'><strong><em>ίσας</em></strong></span> <span class='ocrx_word' id='word_1_67' title='bbox 675 1008 727 1075; x_wconf 83' lang='grc' dir='ltr'><strong><em>ἐπὶ</em></strong></span> <span class='ocrx_word' id='word_1_68' title='bbox 745 1011 804 1093; x_wconf 84' lang='grc' dir='ltr'><strong><em>τῆς</em></strong></span> <span class='ocrx_word' id='word_1_69' title='bbox 823 1004 925 1092; x_wconf 81' lang='grc' dir='ltr'><strong><em>αὐτῆς</em></strong></span> <span class='ocrx_word' id='word_1_70' title='bbox 943 1004 1089 1090; x_wconf 80' lang='grc' dir='ltr'><strong><em>εὐθείας,</em></strong></span> 
     </span>
     <span class='ocr_line' id='line_1_10' title="bbox 76 1109 1088 1202; baseline 0 -23"><span class='ocrx_word' id='word_1_71' title='bbox 76 1109 151 1181; x_wconf 89' lang='grc' dir='ltr'><strong><em>ἀλλ’</em></strong></span> <span class='ocrx_word' id='word_1_72' title='bbox 176 1114 332 1201; x_wconf 78' lang='grc' dir='ltr'><strong><em>ἑκατέραν</em></strong></span> <span class='ocrx_word' id='word_1_73' title='bbox 364 1113 503 1202; x_wconf 76' lang='grc' dir='ltr'><strong><em>ἑκατέρᾳ</em></strong></span> <span class='ocrx_word' id='word_1_74' title='bbox 535 1110 716 1180; x_wconf 81' lang='grc' dir='ltr'><strong><em>ἀδύνατον.</em></strong></span> <span class='ocrx_word' id='word_1_75' title='bbox 772 1111 874 1181; x_wconf 70' lang='grc' dir='ltr'><strong><em>οὐδὲν</em></strong></span> <span class='ocrx_word' id='word_1_76' title='bbox 906 1110 970 1200; x_wconf 86' lang='grc' dir='ltr'><strong><em>γάρ</em></strong></span> <span class='ocrx_word' id='word_1_77' title='bbox 1002 1121 1088 1180; x_wconf 89' lang='grc' dir='ltr'><strong><em>θαυ-</em></strong></span> 
     </span>
     <span class='ocr_line' id='line_1_11' title="bbox 74 1216 1142 1307; baseline 0.006 -21"><span class='ocrx_word' id='word_1_78' title='bbox 74 1216 204 1306; x_wconf 84' lang='grc' dir='ltr'><strong><em>μαστὸν</em></strong></span> <span class='ocrx_word' id='word_1_79' title='bbox 226 1216 417 1306; x_wconf 78' lang='grc' dir='ltr'><strong><em>ἀμφοτέρας</em></strong></span> <span class='ocrx_word' id='word_1_80' title='bbox 444 1216 647 1307; x_wconf 83' lang='grc' dir='ltr'><strong><em>ἀμφοτέραις</em></strong></span> <span class='ocrx_word' id='word_1_81' title='bbox 674 1227 749 1299; x_wconf 86' lang='grc' dir='ltr'><strong><em>ίσας</em></strong></span> <span class='ocrx_word' id='word_1_82' title='bbox 776 1225 894 1306; x_wconf 81' lang='grc' dir='ltr'><strong><em>λαβεῖν</em></strong></span> <span class='ocrx_word' id='word_1_83' title='bbox 920 1223 988 1287; x_wconf 78' lang='grc' dir='ltr'><strong><em>τῶν</em></strong></span> <span class='ocrx_word' id='word_1_84' title='bbox 1021 1222 1088 1287; x_wconf 83' lang='grc' dir='ltr'><strong><em>ἐπι·</em></strong></span> <span class='ocrx_word' id='word_1_85' title='bbox 1109 1243 1142 1292; x_wconf 89' lang='lat'><strong><em>10</em></strong></span> 
     </span>
     <span class='ocr_line' id='line_1_12' title="bbox 73 1322 1088 1412; baseline -0.001 -19"><span class='ocrx_word' id='word_1_86' title='bbox 73 1326 329 1411; x_wconf 79' lang='grc' dir='ltr'><strong><em>συνισταμένων</em></strong></span> <span class='ocrx_word' id='word_1_87' title='bbox 347 1322 409 1411; x_wconf 80' lang='grc' dir='ltr'><strong><em>τὴν</em></strong></span> <span class='ocrx_word' id='word_1_88' title='bbox 429 1323 490 1412; x_wconf 74' lang='grc' dir='ltr'><strong><em>μὲν</em></strong></span> <span class='ocrx_word' id='word_1_89' title='bbox 510 1327 712 1411; x_wconf 88' lang='grc' dir='ltr'><strong><em>έκτείυαυτα,</em></strong></span> <span class='ocrx_word' id='word_1_90' title='bbox 730 1324 793 1412; x_wconf 80' lang='grc' dir='ltr'><strong><em>τὴν</em></strong></span> <span class='ocrx_word' id='word_1_91' title='bbox 809 1326 846 1394; x_wconf 72' lang='grc' dir='ltr'><strong><em>δὲ</em></strong></span> <span class='ocrx_word' id='word_1_92' title='bbox 862 1333 1088 1394; x_wconf 89' lang='grc' dir='ltr'><strong><em>συστείλαντα.</em></strong></span> 
     </span>
     <span class='ocr_line' id='line_1_13' title="bbox 73 1428 1088 1522; baseline -0.001 -23"><span class='ocrx_word' id='word_1_93' title='bbox 73 1435 185 1518; x_wconf 88' lang='grc' dir='ltr'><strong><em>τρίτον</em></strong></span> <span class='ocrx_word' id='word_1_94' title='bbox 218 1436 422 1518; x_wconf 84' lang='grc' dir='ltr'><strong><em>προστίθησι</em></strong></span> <span class='ocrx_word' id='word_1_95' title='bbox 454 1428 492 1498; x_wconf 83' lang='grc' dir='ltr'><strong><em>τὸ</em></strong></span> <span class='ocrx_word' id='word_1_96' title='bbox 520 1429 605 1518; x_wconf 88' lang='grc' dir='ltr'><strong><em>πρὸς</em></strong></span> <span class='ocrx_word' id='word_1_97' title='bbox 632 1429 721 1521; x_wconf 86' lang='grc' dir='ltr'><strong><em>ἀλλφ</em></strong></span> <span class='ocrx_word' id='word_1_98' title='bbox 748 1432 802 1498; x_wconf 79' lang='grc' dir='ltr'><strong><em>καὶ</em></strong></span> <span class='ocrx_word' id='word_1_99' title='bbox 832 1430 921 1522; x_wconf 85' lang='grc' dir='ltr'><strong><em>ἀλλφ</em></strong></span> <span class='ocrx_word' id='word_1_100' title='bbox 949 1437 1088 1521; x_wconf 88' lang='grc' dir='ltr'><strong><em>σημείφ·</em></strong></span> 
     </span>
     <span class='ocr_line' id='line_1_14' title="bbox 72 1534 1088 1623; baseline -0.001 -19"><span class='ocrx_word' id='word_1_101' title='bbox 72 1536 224 1606; x_wconf 86' lang='grc' dir='ltr'><strong><em>δυνατὸν</em></strong></span> <span class='ocrx_word' id='word_1_102' title='bbox 239 1535 304 1623; x_wconf 86' lang='grc' dir='ltr'><strong><em>γάρ</em></strong></span> <span class='ocrx_word' id='word_1_103' title='bbox 318 1534 594 1623; x_wconf 85' lang='grc' dir='ltr'><strong><em>προυφεστάσαις</em></strong></span> <span class='ocrx_word' id='word_1_104' title='bbox 608 1535 671 1605; x_wconf 85' lang='grc' dir='ltr'><strong><em>δύο</em></strong></span> <span class='ocrx_word' id='word_1_105' title='bbox 686 1534 837 1616; x_wconf 84' lang='grc' dir='ltr'><strong><em>εὐθείαις</em></strong></span> <span class='ocrx_word' id='word_1_106' title='bbox 850 1539 960 1604; x_wconf 82' lang='grc' dir='ltr'><strong><em>ἐπάνω</em></strong></span> <span class='ocrx_word' id='word_1_107' title='bbox 977 1537 1088 1604; x_wconf 81' lang='grc' dir='ltr'><strong><em>αὐτῶν</em></strong></span> 
     </span>
     <span class='ocr_line' id='line_1_15' title="bbox 72 1641 1089 1728; baseline -0.002 -18"><span class='ocrx_word' id='word_1_108' title='bbox 72 1647 211 1728; x_wconf 80' lang='grc' dir='ltr'><strong><em>ποιησαι</em></strong></span> <span class='ocrx_word' id='word_1_109' title='bbox 233 1641 337 1722; x_wconf 87' lang='grc' dir='ltr'><strong><em>ἀλλας</em></strong></span> <span class='ocrx_word' id='word_1_110' title='bbox 360 1642 424 1711; x_wconf 87' lang='grc' dir='ltr'><strong><em>δύο</em></strong></span> <span class='ocrx_word' id='word_1_111' title='bbox 448 1643 501 1711; x_wconf 79' lang='grc' dir='ltr'><strong><em>ἐπὶ</em></strong></span> <span class='ocrx_word' id='word_1_112' title='bbox 522 1647 584 1712; x_wconf 86' lang='grc' dir='ltr'><strong><em>τοῦ</em></strong></span> <span class='ocrx_word' id='word_1_113' title='bbox 608 1641 714 1710; x_wconf 85' lang='grc' dir='ltr'><strong><em>αὐτοῦ</em></strong></span> <span class='ocrx_word' id='word_1_114' title='bbox 738 1647 879 1728; x_wconf 84' lang='grc' dir='ltr'><strong><em>σημείου</em></strong></span> <span class='ocrx_word' id='word_1_115' title='bbox 906 1643 961 1709; x_wconf 83' lang='grc' dir='ltr'><strong><em>καὶ</em></strong></span> <span class='ocrx_word' id='word_1_116' title='bbox 989 1644 1089 1727; x_wconf 88' lang='grc' dir='ltr'><strong><em>έφαρ-</em></strong></span> 
     </span>
     <span class='ocr_line' id='line_1_16' title="bbox 74 1744 1142 1838; baseline 0.003 -23"><span class='ocrx_word' id='word_1_117' title='bbox 74 1746 178 1834; x_wconf 92' lang='grc' dir='ltr'><strong><em>μόσαι</em></strong></span> <span class='ocrx_word' id='word_1_118' title='bbox 201 1748 359 1835; x_wconf 81' lang='grc' dir='ltr'><strong><em>ἑκατέραν</em></strong></span> <span class='ocrx_word' id='word_1_119' title='bbox 382 1749 530 1838; x_wconf 78' lang='grc' dir='ltr'><strong><em>ἑκατέρᾳ.</em></strong></span> <span class='ocrx_word' id='word_1_120' title='bbox 574 1750 733 1836; x_wconf 85' lang='grc' dir='ltr'><strong><em>τέταρτον</em></strong></span> <span class='ocrx_word' id='word_1_121' title='bbox 762 1748 815 1814; x_wconf 81' lang='grc' dir='ltr'><strong><em>έπὶ</em></strong></span> <span class='ocrx_word' id='word_1_122' title='bbox 834 1744 874 1813; x_wconf 86' lang='grc' dir='ltr'><strong><em>τά</em></strong></span> <span class='ocrx_word' id='word_1_123' title='bbox 898 1744 982 1813; x_wconf 84' lang='grc' dir='ltr'><strong><em>αὐτὰ</em></strong></span> <span class='ocrx_word' id='word_1_124' title='bbox 1006 1748 1088 1832; x_wconf 88' lang='grc' dir='ltr'><strong><em>μέρη</em></strong></span> <span class='ocrx_word' id='word_1_125' title='bbox 1109 1770 1142 1818; x_wconf 78' lang='grc' dir='ltr'><strong><em>1ο</em></strong></span> 
     </span>
     <span class='ocr_line' id='line_1_17' title="bbox 74 1850 1090 1941; baseline -0.002 -20"><span class='ocrx_word' id='word_1_126' title='bbox 74 1859 198 1940; x_wconf 88' lang='grc' dir='ltr'><strong><em>φησίν,</em></strong></span> <span class='ocrx_word' id='word_1_127' title='bbox 230 1855 288 1921; x_wconf 79' lang='grc' dir='ltr'><strong><em>’ίυα</em></strong></span> <span class='ocrx_word' id='word_1_128' title='bbox 315 1853 360 1940; x_wconf 82' lang='grc' dir='ltr'><strong><em>μὴ</em></strong></span> <span class='ocrx_word' id='word_1_129' title='bbox 386 1855 448 1941; x_wconf 80' lang='grc' dir='ltr'><strong><em>τὴν</em></strong></span> <span class='ocrx_word' id='word_1_130' title='bbox 477 1859 557 1941; x_wconf 88' lang='grc' dir='ltr'><strong><em>μίαν</em></strong></span> <span class='ocrx_word' id='word_1_131' title='bbox 585 1853 725 1922; x_wconf 81' lang='grc' dir='ltr'><strong><em>εὐθεῖαν</em></strong></span> <span class='ocrx_word' id='word_1_132' title='bbox 749 1850 874 1938; x_wconf 82' lang='grc' dir='ltr'><strong><em>κοινὴν</em></strong></span> <span class='ocrx_word' id='word_1_133' title='bbox 897 1850 998 1935; x_wconf 88' lang='grc' dir='ltr'><strong><em>βάσιν</em></strong></span> <span class='ocrx_word' id='word_1_134' title='bbox 1021 1876 1090 1919; x_wconf 94' lang='grc' dir='ltr'><strong><em>ποι-</em></strong></span> 
     </span>
     <span class='ocr_line' id='line_1_18' title="bbox 72 1956 1091 2049; baseline -0.005 -21"><span class='ocrx_word' id='word_1_135' title='bbox 72 1960 209 2049; x_wconf 85' lang='grc' dir='ltr'><strong><em>ήσωμεν</em></strong></span> <span class='ocrx_word' id='word_1_136' title='bbox 245 1959 422 2047; x_wconf 77' lang='grc' dir='ltr'><strong><em>τριγώνων</em></strong></span> <span class='ocrx_word' id='word_1_137' title='bbox 454 1965 549 2029; x_wconf 76' lang='grc' dir='ltr'><strong><em>δυεῖν</em></strong></span> <span class='ocrx_word' id='word_1_138' title='bbox 586 1962 645 2040; x_wconf 83' lang='grc' dir='ltr'><strong><em>τὰς</em></strong></span> <span class='ocrx_word' id='word_1_139' title='bbox 676 1958 831 2047; x_wconf 86' lang='grc' dir='ltr'><strong><em>κορυφάς</em></strong></span> <span class='ocrx_word' id='word_1_140' title='bbox 862 1956 1091 2043; x_wconf 83' lang='grc' dir='ltr'><strong><em>ἀντικειμένας</em></strong></span> 
     </span>
     <span class='ocr_line' id='line_1_19' title="bbox 74 2061 1090 2154; baseline -0.005 -20"><span class='ocrx_word' id='word_1_141' title='bbox 74 2066 222 2153; x_wconf 78' lang='grc' dir='ltr'><strong><em>ἐχόντων</em></strong></span> <span class='ocrx_word' id='word_1_142' title='bbox 250 2063 312 2152; x_wconf 80' lang='grc' dir='ltr'><strong><em>τὴν</em></strong></span> <span class='ocrx_word' id='word_1_143' title='bbox 341 2062 402 2152; x_wconf 68' lang='grc' dir='ltr'><strong><em>μέν</em></strong></span> <span class='ocrx_word' id='word_1_144' title='bbox 425 2067 478 2134; x_wconf 85' lang='grc' dir='ltr'><strong><em>έπὶ</em></strong></span> <span class='ocrx_word' id='word_1_145' title='bbox 500 2092 538 2135; x_wconf 91' lang='grc' dir='ltr'><strong><em>το</em></strong></span> <span class='ocrx_word' id='word_1_146' title='bbox 563 2068 677 2154; x_wconf 80' lang='grc' dir='ltr'><strong><em>ἕτερον</em></strong></span> <span class='ocrx_word' id='word_1_147' title='bbox 707 2068 806 2153; x_wconf 85' lang='grc' dir='ltr'><strong><em>μέρος</em></strong></span> <span class='ocrx_word' id='word_1_148' title='bbox 834 2062 997 2150; x_wconf 79' lang='grc' dir='ltr'><strong><em>ἐχόντων,</em></strong></span> <span class='ocrx_word' id='word_1_149' title='bbox 1028 2061 1090 2150; x_wconf 81' lang='grc' dir='ltr'><strong><em>τὴν</em></strong></span> 
     </span>
     <span class='ocr_line' id='line_1_20' title="bbox 76 2160 1090 2261; baseline -0.002 -23"><span class='ocrx_word' id='word_1_150' title='bbox 76 2171 114 2238; x_wconf 72' lang='grc' dir='ltr'><strong><em>δέ</em></strong></span> <span class='ocrx_word' id='word_1_151' title='bbox 132 2172 185 2239; x_wconf 81' lang='grc' dir='ltr'><strong><em>ἐπὶ</em></strong></span> <span class='ocrx_word' id='word_1_152' title='bbox 203 2169 243 2239; x_wconf 84' lang='grc' dir='ltr'><strong><em>τὸ</em></strong></span> <span class='ocrx_word' id='word_1_153' title='bbox 262 2160 385 2259; x_wconf 79' lang='grc' dir='ltr'><strong><em>ἕτερού.</em></strong></span> <span class='ocrx_word' id='word_1_154' title='bbox 420 2173 569 2261; x_wconf 86' lang='grc' dir='ltr'><strong><em>πέμπτον</em></strong></span> <span class='ocrx_word' id='word_1_155' title='bbox 587 2172 624 2242; x_wconf 89' lang='grc' dir='ltr'><strong><em>τὸ</em></strong></span> <span class='ocrx_word' id='word_1_156' title='bbox 644 2173 684 2241; x_wconf 85' lang='grc' dir='ltr'><strong><em>τὰ</em></strong></span> <span class='ocrx_word' id='word_1_157' title='bbox 704 2171 788 2240; x_wconf 87' lang='grc' dir='ltr'><strong><em>αὐτά</em></strong></span> <span class='ocrx_word' id='word_1_158' title='bbox 807 2174 933 2258; x_wconf 86' lang='grc' dir='ltr'><strong><em>πέρατα</em></strong></span> <span class='ocrx_word' id='word_1_159' title='bbox 955 2176 1090 2256; x_wconf 82' lang='grc' dir='ltr'><strong><em>ἔχουσαι</em></strong></span> 
     </span>
     <span class='ocr_line' id='line_1_21' title="bbox 75 2274 1143 2366; baseline 0.002 -20"><span class='ocrx_word' id='word_1_160' title='bbox 75 2290 149 2356; x_wconf 70' lang='grc' dir='ltr'><strong><em>ταῖς</em></strong></span> <span class='ocrx_word' id='word_1_161' title='bbox 171 2278 204 2358; x_wconf 78' lang='grc' dir='ltr'><strong><em>ἐξ</em></strong></span> <span class='ocrx_word' id='word_1_162' title='bbox 227 2274 329 2364; x_wconf 78' lang='grc' dir='ltr'><strong><em>ἀρχῆς</em></strong></span> <span class='ocrx_word' id='word_1_163' title='bbox 352 2277 513 2359; x_wconf 78' lang='grc' dir='ltr'><strong><em>εὐθείαις·</em></strong></span> <span class='ocrx_word' id='word_1_164' title='bbox 545 2278 693 2347; x_wconf 88' lang='grc' dir='ltr'><strong><em>δυνατὸν</em></strong></span> <span class='ocrx_word' id='word_1_165' title='bbox 716 2277 781 2366; x_wconf 84' lang='grc' dir='ltr'><strong><em>γάρ</em></strong></span> <span class='ocrx_word' id='word_1_166' title='bbox 806 2277 869 2345; x_wconf 85' lang='grc' dir='ltr'><strong><em>δύο</em></strong></span> <span class='ocrx_word' id='word_1_167' title='bbox 894 2277 993 2345; x_wconf 83' lang='grc' dir='ltr'><strong><em>δυσὶν</em></strong></span> <span class='ocrx_word' id='word_1_168' title='bbox 1017 2286 1091 2357; x_wconf 86' lang='grc' dir='ltr'><strong><em>ίσας</em></strong></span> <span class='ocrx_word' id='word_1_169' title='bbox 1108 2299 1143 2348; x_wconf 79' lang='lat'><strong><em>20</em></strong></span> 
     </span>
     <span class='ocr_line' id='line_1_22' title="bbox 77 2381 1089 2471; baseline 0 -21"><span class='ocrx_word' id='word_1_170' title='bbox 77 2382 309 2469; x_wconf 79' lang='grc' dir='ltr'><strong><em>συστήσασθαι</em></strong></span> <span class='ocrx_word' id='word_1_171' title='bbox 332 2381 374 2452; x_wconf 87' lang='grc' dir='ltr'><strong><em>οὐ</em></strong></span> <span class='ocrx_word' id='word_1_172' title='bbox 395 2383 436 2453; x_wconf 84' lang='grc' dir='ltr'><strong><em>τὰ</em></strong></span> <span class='ocrx_word' id='word_1_173' title='bbox 457 2383 541 2454; x_wconf 84' lang='grc' dir='ltr'><strong><em>αὐτά</em></strong></span> <span class='ocrx_word' id='word_1_174' title='bbox 560 2391 695 2471; x_wconf 82' lang='grc' dir='ltr'><strong><em>πέρατα,</em></strong></span> <span class='ocrx_word' id='word_1_175' title='bbox 719 2383 791 2453; x_wconf 92' lang='grc' dir='ltr'><strong><em>ἀλλ’</em></strong></span> <span class='ocrx_word' id='word_1_176' title='bbox 812 2386 907 2471; x_wconf 83' lang='grc' dir='ltr'><strong><em>ἕτερα</em></strong></span> <span class='ocrx_word' id='word_1_177' title='bbox 926 2384 1089 2470; x_wconf 87' lang='grc' dir='ltr'><strong><em>έχούσαις,</em></strong></span> 
     </span>
     <span class='ocr_line' id='line_1_23' title="bbox 77 2482 1089 2578; baseline -0.001 -21"><span class='ocrx_word' id='word_1_178' title='bbox 77 2482 153 2557; x_wconf 81' lang='grc' dir='ltr'><strong><em>οἷον</em></strong></span> <span class='ocrx_word' id='word_1_179' title='bbox 172 2491 224 2558; x_wconf 77' lang='grc' dir='ltr'><strong><em>ἐπὶ</em></strong></span> <span class='ocrx_word' id='word_1_180' title='bbox 241 2494 302 2557; x_wconf 84' lang='grc' dir='ltr'><strong><em>τοῦ</em></strong></span> <span class='ocrx_word' id='word_1_181' title='bbox 315 2489 540 2576; x_wconf 77' lang='grc' dir='ltr'><strong><em>τετραγώνου,</em></strong></span> <span class='ocrx_word' id='word_1_182' title='bbox 559 2496 590 2559; x_wconf 88' lang='grc' dir='ltr'><strong><em>εί</em></strong></span> <span class='ocrx_word' id='word_1_183' title='bbox 602 2490 786 2578; x_wconf 81' lang='grc' dir='ltr'><strong><em>ποιήσομεν</em></strong></span> <span class='ocrx_word' id='word_1_184' title='bbox 801 2489 864 2558; x_wconf 83' lang='grc' dir='ltr'><strong><em>δύο</em></strong></span> <span class='ocrx_word' id='word_1_185' title='bbox 881 2491 1089 2577; x_wconf 86' lang='grc' dir='ltr'><strong><em>διαμέτρους,</em></strong></span> 
     </span>
     <span class='ocr_line' id='line_1_24' title="bbox 78 2592 1090 2684; baseline -0.004 -20"><span class='ocrx_word' id='word_1_186' title='bbox 78 2597 129 2664; x_wconf 76' lang='grc' dir='ltr'><strong><em>ἐπὶ</em></strong></span> <span class='ocrx_word' id='word_1_187' title='bbox 147 2600 224 2682; x_wconf 87' lang='grc' dir='ltr'><strong><em>μιάς</em></strong></span> <span class='ocrx_word' id='word_1_188' title='bbox 241 2599 309 2664; x_wconf 82' lang='grc' dir='ltr'><strong><em>των</em></strong></span> <span class='ocrx_word' id='word_1_189' title='bbox 328 2601 484 2684; x_wconf 80' lang='grc' dir='ltr'><strong><em>πλευράν</em></strong></span> <span class='ocrx_word' id='word_1_190' title='bbox 502 2603 635 2666; x_wconf 80' lang='grc' dir='ltr'><strong><em>ἔσονται</em></strong></span> <span class='ocrx_word' id='word_1_191' title='bbox 654 2599 717 2665; x_wconf 84' lang='grc' dir='ltr'><strong><em>δύο</em></strong></span> <span class='ocrx_word' id='word_1_192' title='bbox 739 2599 839 2665; x_wconf 84' lang='grc' dir='ltr'><strong><em>δυσὶν</em></strong></span> <span class='ocrx_word' id='word_1_193' title='bbox 860 2604 940 2679; x_wconf 84' lang='grc' dir='ltr'><strong><em>ίσαι,</em></strong></span> <span class='ocrx_word' id='word_1_194' title='bbox 963 2592 1090 2678; x_wconf 87' lang='grc' dir='ltr'><strong><em>πλευρά</em></strong></span> 
     </span>
     <span class='ocr_line' id='line_1_25' title="bbox 75 2700 1090 2793; baseline -0.004 -25"><span class='ocrx_word' id='word_1_195' title='bbox 75 2701 133 2768; x_wconf 81' lang='grc' dir='ltr'><strong><em>καὶ</em></strong></span> <span class='ocrx_word' id='word_1_196' title='bbox 155 2702 330 2788; x_wconf 91' lang='grc' dir='ltr'><strong><em>διάμετρος</em></strong></span> <span class='ocrx_word' id='word_1_197' title='bbox 351 2706 391 2791; x_wconf 75' lang='grc' dir='ltr'><strong><em>τῇ</em></strong></span> <span class='ocrx_word' id='word_1_198' title='bbox 410 2704 610 2793; x_wconf 80' lang='grc' dir='ltr'><strong><em>παραλλήλῳ</em></strong></span> <span class='ocrx_word' id='word_1_199' title='bbox 627 2707 754 2792; x_wconf 79' lang='grc' dir='ltr'><strong><em>πλευρᾷ</em></strong></span> <span class='ocrx_word' id='word_1_200' title='bbox 772 2703 828 2770; x_wconf 83' lang='grc' dir='ltr'><strong><em>καὶ</em></strong></span> <span class='ocrx_word' id='word_1_201' title='bbox 846 2704 887 2787; x_wconf 77' lang='grc' dir='ltr'><strong><em>τη</em></strong></span> <span class='ocrx_word' id='word_1_202' title='bbox 906 2700 1001 2789; x_wconf 82' lang='grc' dir='ltr'><strong><em>ἑτέρᾳ</em></strong></span> <span class='ocrx_word' id='word_1_203' title='bbox 1020 2703 1090 2765; x_wconf 89' lang='grc' dir='ltr'><strong><em>δια-</em></strong></span> 
     </span>
     <span class='ocr_line' id='line_1_26' title="bbox 76 2801 1143 2898; baseline -0.002 -22"><span class='ocrx_word' id='word_1_204' title='bbox 76 2809 201 2898; x_wconf 89' lang='grc' dir='ltr'><strong><em>μέτρφ,</em></strong></span> <span class='ocrx_word' id='word_1_205' title='bbox 228 2804 301 2875; x_wconf 86' lang='grc' dir='ltr'><strong><em>ἀλλ’</em></strong></span> <span class='ocrx_word' id='word_1_206' title='bbox 328 2805 403 2895; x_wconf 82' lang='grc' dir='ltr'><strong><em>οὐχὶ</em></strong></span> <span class='ocrx_word' id='word_1_207' title='bbox 431 2807 549 2877; x_wconf 79' lang='grc' dir='ltr'><strong><em>καὶτὰ</em></strong></span> <span class='ocrx_word' id='word_1_208' title='bbox 573 2807 658 2877; x_wconf 81' lang='grc' dir='ltr'><strong><em>αὐτὰ</em></strong></span> <span class='ocrx_word' id='word_1_209' title='bbox 680 2812 805 2892; x_wconf 85' lang='grc' dir='ltr'><strong><em>πέρατα</em></strong></span> <span class='ocrx_word' id='word_1_210' title='bbox 829 2809 976 2886; x_wconf 79' lang='grc' dir='ltr'><strong><em>ἕξουσιν·</em></strong></span> <span class='ocrx_word' id='word_1_211' title='bbox 1013 2801 1091 2871; x_wconf 85' lang='grc' dir='ltr'><strong><em>οὐτε</em></strong></span> <span class='ocrx_word' id='word_1_212' title='bbox 1109 2825 1143 2874; x_wconf 75' lang='lat'><strong><em>25</em></strong></span> 
     </span>
     <span class='ocr_line' id='line_1_27' title="bbox 75 2909 1090 3001; baseline -0.006 -20"><span class='ocrx_word' id='word_1_213' title='bbox 75 2911 142 3001; x_wconf 88' lang='grc' dir='ltr'><strong><em>γάρ</em></strong></span> <span class='ocrx_word' id='word_1_214' title='bbox 166 2915 204 2980; x_wconf 85' lang='grc' dir='ltr'><strong><em>αλ</em></strong></span> <span class='ocrx_word' id='word_1_215' title='bbox 224 2911 429 3000; x_wconf 91' lang='grc' dir='ltr'><strong><em>παράλληλοι</em></strong></span> <span class='ocrx_word' id='word_1_216' title='bbox 453 2913 529 2982; x_wconf 83' lang='grc' dir='ltr'><strong><em>οὐτε</em></strong></span> <span class='ocrx_word' id='word_1_217' title='bbox 552 2918 590 2982; x_wconf 89' lang='grc' dir='ltr'><strong><em>αί</em></strong></span> <span class='ocrx_word' id='word_1_218' title='bbox 611 2918 783 3000; x_wconf 85' lang='grc' dir='ltr'><strong><em>διάμετροι</em></strong></span> <span class='ocrx_word' id='word_1_219' title='bbox 806 2938 846 2979; x_wconf 93' lang='grc' dir='ltr'><strong><em>τα</em></strong></span> <span class='ocrx_word' id='word_1_220' title='bbox 866 2909 949 2977; x_wconf 86' lang='grc' dir='ltr'><strong><em>αὐτά</em></strong></span> <span class='ocrx_word' id='word_1_221' title='bbox 967 2910 1090 2996; x_wconf 87' lang='grc' dir='ltr'><strong><em>πέρατα</em></strong></span> 
     </span>
     <span class='ocr_line' id='line_1_28' title="bbox 75 3011 1090 3105; baseline -0.006 -16"><span class='ocrx_word' id='word_1_222' title='bbox 75 3021 211 3103; x_wconf 79' lang='grc' dir='ltr'><strong><em>ἕξουσιν</em></strong></span> <span class='ocrx_word' id='word_1_223' title='bbox 226 3015 392 3105; x_wconf 80' lang='grc' dir='ltr'><strong><em>ἀλλήλαις.</em></strong></span> <span class='ocrx_word' id='word_1_224' title='bbox 428 3019 558 3089; x_wconf 85' lang='grc' dir='ltr'><strong><em>τούτων</em></strong></span> <span class='ocrx_word' id='word_1_225' title='bbox 578 3011 641 3087; x_wconf 84' lang='grc' dir='ltr'><strong><em>οὐν</em></strong></span> <span class='ocrx_word' id='word_1_226' title='bbox 660 3018 798 3086; x_wconf 89' lang='grc' dir='ltr'><strong><em>πάντων</em></strong></span> <span class='ocrx_word' id='word_1_227' title='bbox 817 3020 885 3085; x_wconf 81' lang='grc' dir='ltr'><strong><em>τάν</em></strong></span> <span class='ocrx_word' id='word_1_228' title='bbox 906 3019 1090 3101; x_wconf 81' lang='grc' dir='ltr'><strong><em>διορισμάν</em></strong></span> 
     </span>
    </p>
   </div>
   <div class='ocr_carea' id='block_1_3' title="bbox 149 3206 1088 3285">
    <p class='ocr_par' dir='ltr' id='par_1_3' title="bbox 149 3206 1088 3285">
     <span class='ocr_line' id='line_1_29' title="bbox 149 3206 1088 3285; baseline -0.002 -18"><span class='ocrx_word' id='word_1_229' title='bbox 149 3220 174 3270; x_wconf 90' lang='grc'><strong><em>4,</em></strong></span> <span class='ocrx_word' id='word_1_230' title='bbox 199 3215 452 3285; x_wconf 86' lang='grc' dir='ltr'><strong><em>συμπεραίνουσιν]</em></strong></span> <span class='ocrx_word' id='word_1_231' title='bbox 473 3215 506 3282; x_wconf 88' lang='grc' dir='ltr'><strong><em>Ρ,</em></strong></span> <span class='ocrx_word' id='word_1_232' title='bbox 531 3209 745 3284; x_wconf 86' lang='grc' dir='ltr'><strong><em>συμπεράσμασι</em></strong></span> <span class='ocrx_word' id='word_1_233' title='bbox 765 3212 816 3269; x_wconf 89' lang='lat' dir='ltr'><strong><em>Vf.</em></strong></span> <span class='ocrx_word' id='word_1_234' title='bbox 894 3219 918 3266; x_wconf 84' lang='grc'><strong><em>7.</em></strong></span> <span class='ocrx_word' id='word_1_235' title='bbox 942 3206 1088 3284; x_wconf 86' lang='grc' dir='ltr'><strong><em>προτάσει]</em></strong></span> 
     </span>
    </p>
   </div>
   <div class='ocr_carea' id='block_1_4' title="bbox 75 3304 1105 3536">
    <p class='ocr_par' dir='ltr' id='par_1_4' title="bbox 75 3304 1105 3536">
     <span class='ocr_line' id='line_1_30' title="bbox 75 3304 1090 3391; baseline -0.004 -16"><span class='ocrx_word' id='word_1_236' title='bbox 75 3335 165 3389; x_wconf 76' lang='lat' dir='ltr'><strong>comp.</strong></span> <span class='ocrx_word' id='word_1_237' title='bbox 184 3319 220 3388; x_wconf 95' lang='lat' dir='ltr'><strong><em>P,</em></strong></span> <span class='ocrx_word' id='word_1_238' title='bbox 238 3304 301 3391; x_wconf 65' lang='grc' dir='ltr'><strong><em>τρία</em></strong></span> <span class='ocrx_word' id='word_1_239' title='bbox 322 3320 369 3374; x_wconf 87' lang='lat' dir='ltr'><strong><em>Vf.</em></strong></span> <span class='ocrx_word' id='word_1_240' title='bbox 425 3326 450 3374; x_wconf 83' lang='lat'><strong><em>8.</em></strong></span> <span class='ocrx_word' id='word_1_241' title='bbox 470 3316 663 3389; x_wconf 82' lang='grc' dir='ltr'><strong><em>συστήσασθαι</em></strong></span> <span class='ocrx_word' id='word_1_242' title='bbox 681 3319 715 3388; x_wconf 92' lang='lat' dir='ltr'><strong><em>V,</em></strong></span> <span class='ocrx_word' id='word_1_243' title='bbox 736 3321 784 3374; x_wconf 85' lang='lat' dir='ltr'><strong><em>sed</em></strong></span> <span class='ocrx_word' id='word_1_244' title='bbox 803 3337 872 3376; x_wconf 83' lang='lat' dir='ltr'>corr.</span> <span class='ocrx_word' id='word_1_245' title='bbox 936 3317 1009 3389; x_wconf 72' lang='grc' dir='ltr'><strong><em>ίσας]</em></strong></span> <span class='ocrx_word' id='word_1_246' title='bbox 1029 3319 1090 3381; x_wconf 82' lang='grc' dir='ltr'><strong><em>ίσας</em></strong></span> 
     </span>
     <span class='ocr_line' id='line_1_31' title="bbox 75 3386 1105 3462; baseline 0.001 -19"><span class='ocrx_word' id='word_1_247' title='bbox 75 3391 228 3458; x_wconf 84' lang='grc' dir='ltr'><strong><em>δείκνυμεν</em></strong></span> <span class='ocrx_word' id='word_1_248' title='bbox 248 3389 304 3445; x_wconf 80' lang='lat' dir='ltr'><strong>del.</strong></span> <span class='ocrx_word' id='word_1_249' title='bbox 321 3390 356 3459; x_wconf 90' lang='lat' dir='ltr'><strong><em>V,</em></strong></span> <span class='ocrx_word' id='word_1_250' title='bbox 376 3407 429 3445; x_wconf 89' lang='lat' dir='ltr'><strong><em>om.</em></strong></span> <span class='ocrx_word' id='word_1_251' title='bbox 448 3392 479 3444; x_wconf 90' lang='lat' dir='ltr'><strong><em>P.</em></strong></span> <span class='ocrx_word' id='word_1_252' title='bbox 543 3398 568 3446; x_wconf 83' lang='lat'><strong><em>9.</em></strong></span> <span class='ocrx_word' id='word_1_253' title='bbox 587 3390 717 3446; x_wconf 85' lang='grc' dir='ltr'><strong><em>θαυστόν</em></strong></span> <span class='ocrx_word' id='word_1_254' title='bbox 735 3389 784 3445; x_wconf 85' lang='lat' dir='ltr'><strong><em>Vf.</em></strong></span> <span class='ocrx_word' id='word_1_255' title='bbox 850 3398 893 3449; x_wconf 90' lang='lat'><strong><em>10.</em></strong></span> <span class='ocrx_word' id='word_1_256' title='bbox 912 3386 1105 3462; x_wconf 59' lang='lat' dir='ltr'><strong><em>&amp;ququth</em></strong></span> 
     </span>
     <span class='ocr_line' id='line_1_32' title="bbox 75 3455 816 3536; baseline 0.012 -23"><span class='ocrx_word' id='word_1_257' title='bbox 75 3455 226 3529; x_wconf 89' lang='grc' dir='ltr'><strong><em>ἀμφότερα</em></strong></span> <span class='ocrx_word' id='word_1_258' title='bbox 245 3460 295 3515; x_wconf 83' lang='lat' dir='ltr'><strong><em>Vf.</em></strong></span> <span class='ocrx_word' id='word_1_259' title='bbox 369 3467 410 3516; x_wconf 84' lang='grc'><strong><em>17.</em></strong></span> <span class='ocrx_word' id='word_1_260' title='bbox 430 3461 521 3535; x_wconf 84' lang='grc' dir='ltr'><strong><em>δυεῖν]</em></strong></span> <span class='ocrx_word' id='word_1_261' title='bbox 541 3479 632 3535; x_wconf 86' lang='lat' dir='ltr'><strong>comp.</strong></span> <span class='ocrx_word' id='word_1_262' title='bbox 650 3463 687 3536; x_wconf 80' lang='lat' dir='ltr'><strong><em>V,</em></strong></span> <span class='ocrx_word' id='word_1_263' title='bbox 706 3464 775 3521; x_wconf 84' lang='grc' dir='ltr'><strong><em>δυσί</em></strong></span> <span class='ocrx_word' id='word_1_264' title='bbox 792 3463 816 3522; x_wconf 64' lang='grc' dir='ltr'><strong><em>ἲ.</em></strong></span> 
     </span>
    </p>
   </div>
   <div class='ocr_carea' id='block_1_5' title="bbox 0 0 1192 3796">
    <p class='ocr_par' dir='ltr' id='par_1_5' title="bbox 0 0 1192 3796">
     <span class='ocr_line' id='line_1_33' title="bbox 0 0 1192 3796; baseline 0 0"><span class='ocrx_word' id='word_1_265' title='bbox 0 0 1192 3796; x_wconf 95' lang='lat' dir='ltr'><strong><em> </em></strong></span> 
     </span>
    </p>
   </div>
  </div>
 </body>
</html>
