2362 3796
237 144 394 196 scflom
412 146 451 195 m
469 145 745 197 Ετυυυωυοαυω
761 146 903 198 mmm
915 147 937 198 1.
1026 140 1090 207 167

75 283 174 370 βάσις
196 281 217 372 ἡ
241 290 308 352 ΒΓ
330 284 428 371 βάσει
450 288 489 372 τῇ
513 292 582 351 ΕΛ
609 281 630 370 ἢ
659 283 820 353 ἐλάσσων.
866 282 928 352 οὐκ
950 289 1019 353 ἔστι
1044 285 1091 355 δέ.

76 392 139 458 οὐκ
160 389 226 479 ἄρα
245 397 300 477 ἰση
320 392 410 459 ἐστὶν
429 387 450 478 ἢ
470 388 622 458 ἐλάσσων
641 387 661 476 ἡ
677 395 781 456 ΒΑΓ
798 395 906 477 γωνία
924 394 964 480 τῇ
979 399 1091 459 ΕΔΖ.

73 501 194 583 μείζων
217 495 291 584 ἄρα.

420 694 477 759 Ad
499 715 605 779 prop.
627 692 747 758 XXVI.

144 817 197 881 96.
230 817 345 882 Θαλοῦ
362 815 496 902 εὕρεμα.
1127 835 1145 884 5

148 917 193 987 Τὸ
216 922 269 997 σις’
291 919 453 1007 θεώρημα
475 921 569 999 τέλος
593 920 660 987 ἐστὶ
678 923 739 988 τοῦ
759 917 894 1006 πρώτου
911 918 1091 1007 τμήματος,

74 1025 96 1094 ὅ
120 1027 190 1094 έστι
212 1025 287 1113 περὶ
310 1029 470 1113 γενέσεως
488 1027 544 1094 καί
564 1024 715 1112 ἰσότητος
733 1026 789 1093 καί
808 1023 1004 1111 άνισότητος
1022 1028 1092 1092 τών

74 1132 258 1218 τριγώνων.
305 1132 468 1218 λαμβάνει
496 1132 534 1200 δὲ
561 1129 580 1200 ὁ
609 1129 821 1218 στοιχειωτης
848 1134 885 1199 έν
912 1130 1020 1223 τοότςο
1043 1133 1090 1223 τῷ

73 1235 270 1323 θεωρήματι
293 1237 357 1306 δύο
379 1241 535 1326 τρίγωνα
551 1247 625 1318 ἰσας
649 1243 767 1324 ἔχοντα
790 1234 849 1316 τάς
871 1241 994 1322 γωνίας
1016 1249 1090 1316 ταῖς

74 1347 216 1428 γωνίαις
233 1343 289 1410 καί
307 1341 365 1424 τάς
382 1342 526 1430 πλευράς
543 1357 616 1423 ταῖς
629 1351 787 1431 πλευραῖς
800 1342 856 1410 καὶ
870 1340 1089 1410 άποδείκνυσι
1109 1365 1144 1415 10

73 1447 184 1517 πάντα
207 1457 263 1516 ἰσα
287 1447 344 1516 διά
372 1453 431 1535 τῆς
458 1454 505 1530 εἰς
531 1434 703 1518 ἀδύνατον
731 1446 924 1535 ἀπαγωγῆς,
957 1439 1006 1515 ώυ
1032 1449 1089 1516 καί

74 1552 154 1634 τοὺς
190 1552 435 1640 συλλογισμοὺς
472 1557 508 1622 έν
545 1553 664 1644 πρώτῳ
702 1553 844 1640 σχήματι
879 1554 935 1620 καὶ
968 1558 1009 1640 τῇ
1042 1557 1090 1632 εἰς

74 1657 247 1729 άδάνατον
261 1656 423 1749 ἀπαγωγῇ
437 1657 533 1746 ἡμεῖς
547 1661 739 1745 ἐξεθέμεδα.
762 1659 875 1745 μέχρις
890 1650 953 1725 οὖν
966 1657 1090 1726 τούτου

74 1763 93 1835 ό
118 1764 330 1854 στοιχειωτης
352 1766 411 1845 τάς
428 1792 463 1835 τε
487 1764 662 1843 συστάσεις
680 1774 747 1831 τῶν
764 1762 939 1850 τριγώνων
958 1761 1090 1842 καὶτὰς

73 1879 265 1960 συγκρίσεις
288 1873 420 1953 ἐξέθετο
444 1869 587 1939 κατὰτὸ
613 1878 689 1937 ἰσον
712 1870 767 1936 καί
791 1870 929 1952 άνισον,
952 1868 1008 1935 καὶ
1031 1872 1087 1935 δια
1109 1893 1143 1942 15

73 1978 136 2064 μὲν
163 1983 222 2065 τῆς
250 1978 440 2057 συστάσεως
469 1975 533 2064 τὴν
566 1973 687 2046 οὐσίαν
720 1971 832 2042 αὐτῶν
861 1975 1088 2061 παραδέδωκε,

73 2083 131 2152 διὰ
155 2083 193 2151 δὲ
214 2088 274 2170 τῆς
302 2082 455 2169 ἰσότητος
481 2081 544 2167 την
572 2082 760 2169 ἑτερότητα·
802 2079 865 2148 δύο
892 2079 958 2168 γὰρ
985 2083 1089 2148 ταῦτα

72 2174 151 2274 περὶ
178 2188 240 2275 τὴν
265 2189 410 2277 ὕπαρξιν
437 2187 475 2258 τὸ
503 2185 629 2258 ταύτὸν
660 2188 716 2255 καί
748 2185 785 2255 τὸ
819 2187 934 2275 ἕτερον
965 2187 1021 2254 καί
1051 2189 1089 2255 ἐν

75 2305 197 2372 ποσοῖς
221 2295 276 2361 καί
308 2298 344 2364 έν
377 2308 487 2374 ποιοῖς
517 2294 600 2362 κατὰ
632 2293 695 2381 τὴν
727 2293 878 2381 ἰδιότητα
908 2295 977 2361 τών
1006 2317 1088 2362 υπο-

74 2399 249 2485 κειμένων.
284 2404 453 2469 δείκνυται
473 2393 536 2468 οὖν
556 2401 591 2468 ἐκ
605 2399 734 2468 τούτων
750 2397 794 2480 ὡς
809 2399 949 2468 εἰκόνων
967 2399 1088 2486 πάντα,
1107 2425 1143 2475 20

73 2502 129 2573 ότι
151 2504 207 2572 καί
229 2506 368 2575 ἕκαστον
392 2509 497 2598 ἑαυτῷ
521 2504 645 2574 ταύτόν
668 2508 737 2574 έστι
759 2507 815 2573 καί
835 2507 957 2574 ἑαυτοῦ
975 2509 1088 2594 ἕτερον

74 2608 132 2679 διδ
156 2609 194 2680 τὸ
218 2613 256 2680 έν
280 2609 371 2704 αὐτῷ
399 2617 546 2700 πλῆθος,
578 2614 634 2680 καὶ
662 2612 770 2680 πάντα
797 2610 901 2681 ταύτά
932 2611 1090 2698 ἀλληλοις

72 2716 132 2785 καί
159 2717 253 2804 ἕτερα
280 2717 449 2805 ἀλλήλων·
490 2718 545 2786 καί
573 2717 638 2805 γάρ
668 2716 721 2803 ἐφ’
749 2714 824 2795 ἑνὸς
852 2715 993 2784 ἑκάστου
1019 2720 1088 2783 τών

72 2820 249 2912 τριγώνων
272 2823 409 2913 εὕρηται
437 2822 474 2892 τὸ
503 2832 579 2893 ἰσου
607 2824 662 2891 καί
690 2821 812 2891 άνισον
839 2821 894 2888 καὶ
923 2821 976 2888 ἐπὶ
1002 2826 1090 2889 πλει-

71 2931 166 2999 όνων
189 2929 272 3010 ἑνός.
1107 2951 1143 3001 25

144 3141 362 3212 Qwfflm

148 3345 172 3394 1.
192 3338 237 3411 δέ]
256 3340 310 3394 lac.
331 3342 346 3391 5
366 3338 421 3393 litt.
440 3337 479 3405 V,
504 3353 573 3392 corr.
594 3351 628 3389 ex
647 3330 704 3404 άρα
723 3333 754 3389 F.
836 3338 861 3389 8.
880 3328 1032 3406 λαμβάνων
1050 3353 1088 3391 m.

110 3405 1106 3481 9ffimmfflmmfflwmmfflmeffl

69 3497 185 3536 mm

1011 3659 1030 3701 ἱ
