2362 3796
113 134 178 198 336
262 136 418 189 sonom
435 138 474 188 m
491 136 766 189 σιυωεαοοωσυ
783 135 922 187 mun
934 135 982 187 τε.

113 278 239 364 μήκους
257 283 334 363 ἔχον
352 281 421 344 τὼν
439 277 514 364 περὶ
531 275 594 363 τὴν
613 273 725 362 ὀρθὴν
743 281 871 362 γωνίαν
889 279 1045 358 πλευρῶν
1064 273 1126 361 τὴν

113 389 193 470 μίαν
220 388 340 471 τριὼν,
371 381 433 469 τὴν
462 381 499 450 δέ
527 380 642 470 ἓτέραν
666 374 699 450 β’
737 387 828 452 ἔσται
855 381 875 469 ἡ
899 380 1127 450 ὑποτείνουσα

113 490 175 576 τὴν
204 487 315 574 ὀρθὴν
342 495 470 575 γωνίαν
497 488 603 556 πέντε.
654 488 723 555 ἐπεὶ
751 487 815 575 γὰρ
844 485 1060 573 ὀρθογώνιον
1089 487 1127 556 τὸ

112 601 290 683 τρίγωνον,
312 593 350 663 τὸ
374 592 440 662 άπὸ
458 599 516 681 τῆς
534 591 776 681 ὑποτεινούσης
795 603 871 662 ἴσον
888 607 960 673 τοῖς
977 590 1043 663 άπὸ
1057 597 1128 662 τὼυ

79 727 94 774 σ
113 705 339 789 περιεχουσῶν
361 700 423 786 την
447 699 559 786 ὀρθὴν
578 706 705 785 γωνίαν
724 704 878 787 πλευρῶν
894 700 1127 788 τετραγώνοις.

114 808 173 876 ἐὰν
196 812 280 894 γοῦν
299 806 442 886 κάθετος
460 805 525 874 άπὸ
545 810 603 892 τῆς
617 805 725 893 ὀρθῆς
738 811 862 892 γωνίας
877 807 929 874 έπὶ
942 805 1005 894 τὴν
1024 806 1128 893 βάσιν

114 911 219 1003 ἀχθῇ,
250 927 342 1000 τεμεῖ
371 913 434 1001 τὴν
460 912 562 999 βάσιν
590 921 638 992 είς
666 937 701 980 τε
734 915 771 981 ἓν
799 910 984 1001 ὀλόκληρον
1012 914 1069 981 καὶ
1093 913 1127 981 δ’

114 1020 242 1104 πέμπτα
264 1020 319 1087 καὶ
342 1023 389 1099 είς
410 1024 486 1107 τρία
509 1015 677 1104 ὁλόκληρα
699 1018 755 1086 καὶ
778 1021 816 1086 ἓν
838 1019 998 1106 πέμπτον,
1025 1020 1083 1086 καὶ
1106 1016 1127 1106 ἡ

114 1127 257 1205 κάθετος
280 1131 371 1193 ἔσται
398 1128 554 1211 πέμπτων
582 1124 725 1193 ὀὼὀεκα·
762 1124 850 1194 οὑτω
881 1123 946 1211 γάρ
978 1124 1061 1192 κατὰ
1090 1124 1128 1193 τὸ

64 1254 97 1303 10
114 1230 262 1316 πόρισμα
286 1229 504 1317 εὑρεθήσεται
530 1231 592 1317 μὲν
615 1229 636 1317 ἡ
659 1229 743 1317 πρὸς
765 1235 811 1323 τῷ
834 1231 978 1317 τμήματι
999 1231 1128 1320 πλευρά

115 1336 197 1422 μέση
221 1333 391 1422 άνάλογον
414 1337 469 1404 καὶ
488 1334 509 1422 ἡ
528 1334 672 1415 κάθετος
689 1339 773 1423 μέση
793 1336 962 1422 ἀνάλογον
980 1341 1048 1406 τῶν
1062 1338 1128 1406 δύο

114 1440 302 1528 τμημάτων.
349 1439 408 1509 έόιν
430 1441 493 1528 γὰρ
518 1440 688 1531 άναλύσης
710 1441 773 1529 τὴν
795 1441 1042 1512 ὑποτείνουσαν
1064 1443 1128 1530 τὴν

115 1547 225 1636 ὀρθὴν
243 1553 371 1634 γωνίαν
390 1546 465 1635 ἤτοι
477 1545 548 1615 τὰὲ
571 1552 618 1628 είς
631 1550 771 1635 πέμπτα,
794 1553 921 1634 γίνεται
935 1555 972 1618 τῖε
990 1550 1128 1636 πέμπτα.

116 1652 274 1735 ὡσαύτως
305 1656 360 1723 καὶ
389 1653 447 1734 τὰς
478 1656 554 1741 περὶ
580 1653 642 1740 τὴν
671 1651 784 1741 ὀρθὴν
811 1661 939 1741 γωνίαν
970 1656 1130 1743 πλευράς·

65 1784 97 1832 15
116 1767 243 1847 γίνεται
262 1759 283 1847 ἡ
303 1760 364 1847 μὲν
383 1766 413 1829 ι“ε
430 1762 597 1847 πέμπτων,
620 1757 641 1847 ἡ
662 1760 700 1829 δὲ
718 1768 823 1828 εἴκοσι
841 1762 1006 1847 πέμπτων.
1037 1767 1130 1830 ἔσται

117 1859 180 1935 οὖν
203 1865 224 1954 ἡ
246 1867 308 1953 μέν
328 1864 551 1936 ὑποτείνουσα
568 1865 630 1952 τὴν
649 1864 760 1953 ὀρθὴν
778 1873 907 1952 γωνίαν
926 1868 1129 1936 είκοσιπέντε

116 1974 272 2059 πέμπτων
296 1965 381 2041 οὖσα
407 1971 489 2059 πρὸς
512 1973 573 2058 μέν
600 1997 662 2057 την
686 1968 802 2060 ετέραν
829 1976 897 2040 τῶν
920 1978 1128 2061 πλευρῶν
1101 2000 1130 2042 ιε

116 2080 271 2164 πέμπτων
295 2071 403 2146 οὖσαν
427 2081 519 2145 έπιόί
504 2083 641 2164 ίτριτος,
664 2080 720 2146 καὶ
743 2077 827 2208 αὕτη
850 2078 933 2167 πρὸς
955 2078 993 2148 τὸ
1016 2107 1130 2168 τμημα

116 2183 153 2250 τὸ
186 2181 269 2268 πρὸς
296 2180 380 2271 αύτη
412 2184 569 2269 πέμπτων
596 2180 674 2252 β
655 2212 697 2253 ον
730 2182 888 2264 ὡσαύτως
919 2186 1131 2272 έπιόίτριτος,

64 2312 99 2361 20
116 2287 201 2374 πρὸς
218 2290 331 2373 μέντοι
349 2287 411 2374 τὴν
430 2289 547 2377 ετέραν
564 2292 711 2379 πλευράν
730 2299 835 2358 εἴκοσι
849 2292 1005 2377 πέμπτων
1021 2284 1130 2360 οὖσαν

115 2392 137 2476 ἡ
160 2391 384 2460 ὑποτείνουσα
413 2399 504 2462 ἔσται
532 2398 753 2485 έπιτέταρτος,
785 2397 840 2464 καὶ
869 2394 952 2482 αὕτη
980 2396 1065 2485 πρὸς
1091 2395 1129 2464 τὸ

65 2497 68 2502 ’
116 2497 199 2586 πρὸς
213 2496 296 2586 αὐτη
315 2526 426 2587 τμημα
445 2507 478 2573 a}
495 2502 651 2589 πέμπτων
670 2498 711 2570 ὀν
730 2505 790 2570 τὸν
809 2501 915 2570 αύτόν
932 2503 996 2584 ἕξει
1014 2502 1130 2589 λόγον.

117 2609 208 2672 ἔσται
232 2603 334 2672 &W
293 2631 399 2686 ουτως
420 2607 515 2675 καὶ
499 2635 520 2693 η
543 2607 686 2736 κάθετος
708 2614 743 2694 ιβ
765 2609 922 2694 πέμπτων
941 2599 1026 2676 οὖσα
1045 2609 1129 2736 μέση

117 2709 287 2798 ἀνάλογον
306 2717 373 2780 τὼυ
393 2713 454 2782 δύο
474 2713 667 2840 τμημάτων·
692 2710 732 2781 ὃν
750 2741 814 2802 γαρ
834 2714 937 2800 λόγου
956 2719 1022 2801 ἔχει
1041 2739 1081 2781 τα
1096 2719 1128 2786 ῖς

64 2841 97 2889 25
117 2817 200 2902 πρὸς
217 2821 257 2886 τὰ
276 2825 321 2905 ιβ,
344 2818 404 2887 τὸν
424 2818 528 2887 αὐτὸν
546 2819 650 2906 λόγου
670 2819 862 2906 ἔχεικαὶ
827 2849 867 2888 τα
883 2826 918 2906 ιβ
935 2820 1019 2908 πρὸς
1035 2823 1127 2887 τὰθ

116 2921 273 3004 ὡσαύτως
296 2925 333 2992 δέ
355 2925 411 2993 καὶ
434 2921 478 2992 άν
502 2928 847 3011 ὀιπλασιασθήσονται
870 2929 932 2993 τοῦ
950 2952 965 2993 ε
967 2926 1128 3012 ίρημέυου

117 3029 331 3158 ὀρθογωνίου
362 3031 530 3117 τριγοόυου
558 3035 595 3098 αί
619 3037 774 3118 πλευραί,
796 3029 1046 3164 εὑρεθησονται
1073 3032 1128 3099 καὶ

115 3160 156 3202 τα
180 3136 331 3223 τμήματα
355 3137 513 3205 διπλάσια
534 3141 603 3206 τὼν
623 3139 885 3224 προειρημένων,
909 3135 1068 3219 ὡσαύτως
1091 3137 1128 3205 δὲ

116 3240 210 3308 μαλ’
194 3269 215 3327 η
237 3242 392 3322 κάθετος
415 3250 506 3310 ἔσται
528 3244 592 3330 γὰρ
615 3242 654 3310 τὸ
677 3242 738 3329 μέν
761 3248 798 3312 ἓν
816 3248 885 3312 των
903 3243 1129 3331 τμημάτωνθ

188 3408 213 3456 9.
232 3399 286 3471 γάρ
271 3400 526 3474 0]n0nliquetV‚
539 3399 607 3457 τόέ.
668 3408 708 3458 18.
724 3403 790 3474 καί]
805 3418 956 3473 suprascr
966 3402 1000 3457 V.
1061 3403 1129 3458 Post

113 3466 188 3540 αὕτη
207 3480 219 3526 1
240 3473 296 3528 litt.
317 3473 370 3528 del.
391 3471 424 3527 V.
498 3477 541 3526 21
561 3470 653 3544 ἔσται]
672 3477 705 3529 ut
722 3473 887 3540 uideturV,
907 3467 1002 3527 ἐστιλ.
