2362 3796
240 139 400 193 scaom
416 140 457 191 IN
474 139 749 191 ELEMENTORUM
766 140 905 190 LIBRUM
919 140 941 193 Ι.
1032 137 1093 201 147

74 284 307 365 προκείμενον.
354 281 495 365 ἐζητεῖτο
523 276 585 365 μὲν
612 278 693 366 γάρ,
721 283 752 345 εί
779 277 842 345 δύο
871 277 1016 347 εὐθειῶν
1045 305 1092 347 τε·

76 395 239 472 μνονσῶν
263 381 409 471 ἀλλήλας
436 388 474 452 αί
497 383 579 453 κατὰ
602 383 757 472 κορυφήν
780 389 899 469 γωνίαι
923 394 993 452 ῖσαι
1017 391 1092 471 είσί,

73 491 185 580 τούτῳ
209 487 247 558 δὲ
271 492 476 581 δεικνυμένφ
499 491 796 558 συναποδέδεικται
819 491 856 558 τὸ
875 492 930 558 καὶ
949 490 1007 570 τὰς
1026 494 1093 559 τέτ-

74 623 182 684 ταρας
204 602 329 682 γωνίας
351 595 439 666 εἶναι
461 599 617 685 τέτρασιν
640 594 760 683 ὀρθαῖς
784 604 865 675 ίσας.
911 602 1002 665 ἔστιν
1030 590 1093 664 οὖν

74 701 114 772 τδ
138 702 287 792 πόρισμα
308 705 468 792 θεώρημα
491 701 549 770 διὰ
578 701 683 771 ἀλλον
710 701 944 788 προβλήματος
966 698 986 787 ή
1011 711 1094 770 θεω·
1130 727 1147 774 σ

76 809 226 895 ρήματος
257 806 457 892 ἀποδείξεως
491 807 770 895 ἀπραγματεύτως
807 805 1093 895 ἀναφαινόμενον.

75 919 147 983 τῶν
175 914 214 983 δέ
239 914 454 1003 πορισμάτων
481 913 522 982 τὰ
550 915 612 1001 μέν
640 918 709 982 έστι
737 914 954 1000 γεωμετρικά,
987 912 1027 980 τά
1057 913 1094 981 δδ

76 1017 291 1107 ἀριθμητικοί.
335 1019 374 1089 τό
402 1019 464 1108 μὲν
491 1018 557 1107 γὰρ
585 1025 805 1108 προκείμενον
827 1019 990 1108 θεῶρημα
1013 1046 1094 1105 γεω-

52 1125 232 1215 μετρικόν
260 1129 345 1213 ἐστι,
377 1126 414 1195 τό
449 1127 488 1194 δὲ
521 1127 574 1194 ἐπὶ
607 1128 693 1195 τέλει
723 1137 785 1195 τοῦ
819 1128 978 1214 δευτέρου
1008 1136 1092 1195 θεω-

73 1233 221 1323 ρήματος
242 1236 305 1301 τοῦ
329 1232 357 1314 ζ’
381 1238 517 1318 βιβλίου
539 1236 607 1301 τῶν
631 1229 871 1319 ἀριθμητικῶν.
918 1238 1028 1301 ἔπειτα
1055 1232 1092 1300 δὲ
1113 1255 1145 1304 10

70 1338 157 1408 κατδι
179 1338 220 1407 τά
244 1338 483 1428 προηγούμενα
508 1336 685 1425 ζητήματα·
713 1338 753 1406 τὰ
777 1339 838 1426 μὲν
862 1337 925 1426 γὰρ
949 1338 1092 1427 προβλή-

72 1465 178 1532 μασιν
198 1448 320 1531 έπεται,
343 1443 384 1513 τά
404 1444 442 1512 δέ
460 1442 665 1531 θεωρήμασι.
701 1450 800 1514 τοῦτο
820 1445 858 1513 δὲ
875 1444 1093 1533 θεωρήματός

77 1555 163 1637 ἐστι,
190 1549 228 1619 τὸ
258 1550 296 1619 δὲ
324 1554 362 1619 έν
389 1556 435 1642 τῶ
460 1552 604 1641 δευτέρῳ
628 1556 746 1640 βιβλίῳ
770 1557 925 1637 κείμενον
947 1550 1091 1636 προβλή-

76 1681 190 1743 ματος.
237 1663 351 1744 τρίτον
381 1654 412 1723 δ’
440 1648 484 1722 αὖ
511 1653 569 1734 τὰς
597 1658 726 1735 δείξεις·
767 1654 806 1721 τδι
842 1655 903 1741 μὲν
930 1654 993 1741 γὰρ
1021 1668 1093 1734 ταῖς

76 1765 255 1843 δεικτικαῖς
273 1760 421 1849 ἐφόδοις,
440 1759 481 1828 τά
501 1761 538 1829 δὲ
556 1774 629 1839 ταῖς
648 1766 695 1839 είς
714 1758 885 1827 ἀδύνατον
899 1760 1092 1845 ἀπαγωγαῖς
1112 1782 1144 1832 15

74 1868 427 1953 συγνιατασκευάζεται,
450 1865 488 1934 τὸ
513 1866 574 1952 μὲν
597 1871 818 1952 προκείμενον
840 1868 879 1951 τή
904 1862 953 1930 ἐπ’
976 1862 1092 1955 εὐθείᾳ

76 1976 192 2061 δείξει,
221 1971 260 2042 τό
289 1973 327 2041 δὲ
354 1976 399 2064 τῷ
423 1971 542 2063 πρώτω
566 1976 627 2039 τοῦ
650 1976 765 2058 τρίτου
789 1975 924 2056 βιβλίου
948 1989 1092 2039 συναπο·

73 2083 296 2167 δεδειγμένου
328 2088 368 2167 τῇ
402 2083 449 2159 είς
476 2075 647 2145 ἀδύνατον
676 2076 836 2165 ἀπαγωγῇ
865 2075 1091 2162 συνανεφάνη.

73 2189 250 2271 πολλαχῶς
270 2183 308 2251 δὲ
324 2184 380 2251 καὶ
394 2183 503 2264 ἄλλως
516 2182 556 2252 τά
571 2189 757 2271 πορίσματα
772 2188 916 2269 διαιρεῖν
931 2182 1091 2251 δυνατόν·

75 2289 150 2359 ἀλλ’
176 2288 258 2377 ήμῖν
280 2316 318 2376 γε
345 2287 478 2378 ἀρκέσει
506 2290 561 2357 καὶ
588 2301 692 2357 ταῦτα
720 2289 803 2376 πρὸς
827 2287 865 2357 τὸ
888 2289 1006 2376 παρόν.
1053 2292 1089 2358 έν
1110 2314 1144 2362 20

75 2395 183 2485 τούτῳ
207 2394 244 2465 δὲ
267 2400 313 2487 τῷ
337 2403 518 2483 πορίσματι
540 2392 605 2464 κάν
628 2404 876 2483 πληθυνθῶσιν
905 2397 940 2464 ἐν
969 2399 1013 2485 τῷ
1040 2396 1091 2463 ἑνὶ

76 2507 201 2594 σημείῳ
234 2504 272 2569 αἱ
301 2499 434 2570 εὐθεῖαι
462 2506 530 2568 τῶν
561 2506 656 2570 δυεῖν
682 2503 738 2569 καὶ
772 2501 817 2568 δι’
843 2501 919 2582 ἑνὸς
952 2508 1091 2589 σημείου

74 2610 241 2695 τέμνωσιν
264 2605 410 2695 ἀλλήλας
433 2609 454 2694 ή
476 2622 564 2695 τρεῖς
586 2605 607 2693 ή
627 2611 776 2695 τέτταρες
795 2604 815 2693 ή
836 2606 1032 2691 ὁποσοιοῦν,
1056 2609 1093 2672 αί

75 2714 255 2801 γενόμεναι
290 2719 412 2800 γωνίαι
449 2720 552 2782 πᾶσαι
589 2716 742 2800 τέτρασιν
773 2711 893 2796 ὀρθαῖς
923 2720 992 2777 ίσαι
1025 2713 1090 2776 δεί-

75 2844 227 2888 κνυνται.
269 2826 430 2908 μερίζεται
453 2821 518 2907 γὰρ
542 2820 579 2888 τὸ
602 2825 669 2886 τῶν
692 2817 863 2900 τεσσάρων
887 2818 1020 2901 γωνιῶν
1045 2818 1091 2894 είς
1109 2838 1143 2888 25

74 2924 116 2993 τδι
132 2929 205 3010 είδη
220 2929 288 2993 τῶν
302 2926 491 3014 σχημάτων,
511 2927 567 2993 καὶ
583 2923 645 2993 δύο
661 2920 722 3010 μὲν
737 2921 883 2989 εὐθειῶν
896 2923 1090 3006 τεμνουσῶν

72 3029 223 3118 ἀλλήλας
245 3037 380 3101 ἔσονται
403 3036 440 3099 αἱ
461 3037 583 3117 γωνίαι
605 3032 773 3115 τέτρασιν,
804 3027 953 3094 τουτέστι
981 3049 1091 3110 τετρα-

70 3138 198 3225 γῶνον,
217 3143 321 3223 τριῶν
342 3137 379 3205 δέ
395 3136 541 3204 εὐθειῶν
559 3139 754 3222 τεμνουσῶν
771 3139 902 3201 έσονται
918 3134 955 3198 αί
970 3136 1090 3218 γωνίαι

148 3391 189 3438 11.
214 3380 305 3453 κατά]
330 3383 379 3452 καί
397 3380 432 3437 τό
451 3381 480 3436 Ρ.
554 3388 595 3437 λ1.
620 3380 669 3453 δέ]
696 3379 727 3438 δὲ
747 3383 785 3456 τῷ
805 3377 837 3443 δή
862 3380 892 3434 Ρ,
964 3384 1009 3437 22,
1033 3381 1091 3437 τῶ,

72 3477 155 3528 δυεῖν
175 3473 242 3541 καί]
262 3471 374 3539 scripsi3
393 3468 428 3524 τὰ
449 3467 480 3525 έν
500 3473 597 3526 δυεῖνῖ
615 3471 646 3528 P.
720 3478 768 3532 λλ,
785 3454 1124 3597 ςὲςραςςυχξαῂἔίᾆ

897 3568 940 3620 λθ
1029 3574 1046 3585 ·’
