2362 3796
401 889 469 991 ἰη
496 918 634 990 librum
662 917 757 990 vlu.

470 1074 527 1138 Ad
549 1096 654 1159 prop.
676 1073 719 1138 H.

133 1177 184 1266 Ι’1.
217 1193 353 1281 Ίσιέον,
381 1193 442 1282 ὅτι,
467 1195 610 1281 ὁπηνίκα
634 1196 774 1281 λέγομεν
797 1192 966 1281 ἀριθμοὺς
989 1193 1101 1284 εὑρεῖν

85 1306 167 1390 φέρε
191 1308 296 1373 εἰπεῖν
321 1295 343 1370 6
366 1303 439 1388 ἑξῆς
463 1299 633 1387 ἀνάλογον
657 1303 694 1369 ἐν
717 1304 762 1393 τῷ
783 1303 919 1370 δοθέντι
938 1301 1039 1391 λόγῳ,
1063 1301 1101 1370 τὸ

86 1409 268 1496 λεγόμενον
302 1409 358 1477 διὰ
391 1412 450 1495 τῆς
481 1406 674 1496 προτάσεως
705 1407 861 1476 τοιοῦτόν
895 1411 977 1475 ε’σνι·
1013 1413 1101 1486 τίνες

86 1514 173 1582 είσίν
197 1518 232 1583 oc
251 1516 406 1602 τέσσαρες
430 1512 582 1604 ἀριθμοί,
607 1517 727 1593 οἵτινες
744 1512 827 1581 κατὰ
845 1514 1020 1601 συνέχειαν
1038 1511 1100 1599 τὴν
1137 1537 1153 1585 5

87 1619 193 1707 αὐτὴν
234 1620 317 1709 πρὸς
354 1619 520 1708 ἀλλήλους
556 1620 719 1688 δύνανται
756 1618 873 1701 σοι’ζειν
911 1621 1100 1706 συνέχειαν,

87 1729 208 1806 οἵτινες
225 1727 281 1792 καὶ
301 1726 470 1813 ἐλάχιστοί
482 1730 546 1796 είσι
560 1730 628 1795 τῶν
642 1725 701 1794 τὸν
717 1722 820 1794 αὐτὸν
835 1725 938 1813 λόγον
954 1727 1100 1813 ἐχόντων

86 1829 210 1919 αὐτοῖς,
230 1834 397 1920 ἐλάχιστοι
412 1833 460 1917 δέ,
479 1831 540 1921 οὐχ
555 1831 606 1901 ὅτι
621 1831 663 1901 οὐ
678 1833 840 1902 δύνανται
855 1833 1100 1919 ἕλαχιστότεροι

85 1937 197 2007 αὐτῶν
231 1937 416 2027 εὑρεθῆναι
448 1937 507 2007 τὸν
540 1937 644 2006 αὐτὸν
677 1937 780 2026 λόχον
813 1943 943 2026 ἔχοντες
972 1937 1100 2017 αὐτοῖς·

83 2050 183 2114 τοῦτο
211 2046 274 2132 γὰρ
303 2043 429 2126 ψεῦδός
456 2047 560 2114 ἐστιν·
598 2043 671 2113 ἀλλ’
699 2043 750 2114 ὅτι
779 2045 852 2132 ἑξῆς
878 2047 1035 2133 τέσσαρες
1063 2047 1100 2112 έν
1121 2067 1153 2116 10

83 2156 129 2241 τῷ
154 2148 243 2241 αὐτῷ
268 2149 357 2242 λόγῳ
382 2151 625 2242 έλαχισσότεροι
648 2149 687 2220 oi
710 2151 873 2220 δύνανται
892 2150 988 2219 αλλοι
1008 2148 1099 2238 εὑρε-

84 2265 264 2342 θῆναιο
247 2249 321 2324 οἷον
353 2257 509 2345 τέσσαρες
542 2259 616 2353 έξῇς
647 2255 818 2344 ανάλοχόν
846 2254 976 2325 είσιν’
960 2284 978 2325 ο
1012 2254 1099 2325 ὀκτὼ

15 2379 18 2384 ’
84 2359 183 2428 μαλ’
168 2389 186 2429 ο
215 2368 250 2448 ιβ
280 2363 379 2431 καί
364 2391 382 2432 ο
406 2367 442 2451 ἶν’
471 2364 527 2431 καὶ
556 2357 635 2445 bug
666 2366 702 2432 ἐν
735 2363 876 2494 ἡμιολίῳ
904 2361 1010 2455 λόγῳ,
1044 2365 1100 2431 καλ

83 2466 212 2535 τούτων
240 2470 327 2536 εἰσίν
355 2468 452 2537 αλλοι
480 2468 767 2556 έλαχιστότεμοι’
751 2495 787 2536 εν
820 2467 960 2599 ἡμιολίῳ
991 2470 1099 2598 λόχμ,

83 2576 238 2661 τέσσαρες
272 2574 310 2642 66
343 2573 515 2662 ουδαμως,
553 2573 626 2642 ἀλλ’
662 2578 697 2642 oc
732 2572 837 2653 εὐθὺς
873 2574 941 2662 μετ’
976 2573 1099 2655 αὐτοὺς
1120 2597 1153 2648 15

85 2678 250 2765 ε’λαχιστοι
282 2681 364 2748 κατὰ
398 2682 574 2768 συνέχειαν
606 2677 756 2766 ἡμιόλιοι
787 2694 875 2766 τρεῖς
907 2685 995 2748 είσιν
1024 2675 1099 2749 οἷον

84 2776 229 2851 666
211 2807 229 2856 ς
253 2777 331 2873 66,
355 2785 458 2855 παλιν
482 2790 518 2853 oc
538 2790 606 2854 τῶν
625 2779 695 2854 6
675 2805 694 2857 ς
716 2778 743 2854 6
766 2787 1011 2874 έλαχισνόνεροι
1035 2785 1098 2854 δύο

84 2893 158 2978 εἰσί
182 2903 269 2975 τρεῖς
292 2837 331 2959 66
353 2888 519 2980 οὐδαμῶς,
545 2886 658 2960 olov‘
644 2918 662 2959 ο
685 2920 707 2979 χ
730 2892 786 2961 καί
810 2885 882 2980 66.
922 2896 1015 2959 ἔστιν
1036 2885 1099 2960 οὖν

82 2994 121 3064 τὸ
141 2944 321 3082 λεγόμενον
340 2995 378 3065 τὸ
398 2995 565 3086 ἆριθμονς
583 2995 695 3083 εὑρεῖν
714 2999 787 3085 ἑξῆς
806 2997 976 3085 ἀνάλογον
993 2999 1099 3084 ἐλαχί-

84 3122 184 3182 στους
203 3102 345 3190 δυνάμει
362 3107 531 3171 τοιοῦτον·
556 3106 610 3171 δεῖ
622 3102 733 3192 εὑρεῖν
747 3106 908 3192 τέσσαρας
927 3101 1098 3190 ἀνάλογον
1117 3127 1152 3175 20

156 3235 179 3281 1.
199 3227 263 3296 V⁸q
282 3228 326 3296 (οδ
343 3224 493 3298 θεοιλιέρου
512 3248 563 3283 του
550 3228 736 3301 ααβασίλα).

156 3341 181 3388 9.
197 3333 320 3422 ἔχοντες]
338 3334 448 3423 scripsi,
463 3329 585 3422 ἐχόντων
599 3333 657 3404 Vq.
714 3340 757 3394 18
777 3337 858 3406 26]q,
876 3333 996 3391 6e'uocV.
1054 3340 1102 3386 26

84 3401 178 3474 εὑοειν
197 3401 340 3475 ἀνάλογον
359 3400 501 3476 αρνθμούς
519 3401 714 3478 τέσσαραςἿ
912 3485 973 3538 w
