2362 3796
230 133 389 187 scHOLIA
406 134 446 184 IN
463 133 739 185 ELEMENTORUM
755 133 931 187 LIBRUMI.
1043 131 1085 196 75

69 275 126 343 καὶ
149 273 367 361 θεωρήματα,
395 272 436 340 τὰ
464 273 525 360 μὲν
548 270 608 352 τάς
630 273 775 358 γενέσεις
797 275 992 361 περιέχοντα
1014 279 1082 342 τῶν

56 379 259 468 σχημάτων,
282 379 323 447 τὰ
348 378 385 447 δὲ
407 376 448 446 τά
470 374 550 447 καθ’
573 375 658 446 αὑτὰ
682 379 911 466 συμβεβηκότα
933 379 1084 461 ἑκάστοις

72 483 280 554 δεικνύοντα.
335 491 393 552 καί
423 504 528 571 φασιν
558 486 626 551 πᾶν
658 483 835 570 πρόβλημα
872 487 1084 573 ἐπιδέχεσθαι

17 583 18 586 “
71 601 140 659 τῶν
154 590 454 678 κατηγορουμένων
469 600 528 675 τῆς
542 591 579 658 έν
593 587 685 681 αύτῷ
699 587 782 675 ύλης
797 588 880 658 αύτό
894 615 929 658 τε
944 592 1084 659 ἕκαστον

73 696 186 765 καὶτὸ
206 693 447 782 ἀντικείμενον.
482 697 568 782 λέγω
588 696 626 764 δέ
639 697 727 782 ὕλην
745 695 808 782 μὲν
822 693 905 765 αύτδ
920 694 957 764 τό
976 699 1085 784 γένος,
1122 721 1138 770 5

71 803 146 888 περὶ
170 794 213 870 οὗ
235 800 256 889 ἡ
277 801 417 889 ζήτησις,
441 797 517 870 οἷον
534 808 702 891 τρίγωνον
720 798 741 888 ἢ
758 802 983 890 τετράγωνον,
1006 803 1086 890 σύμ-

71 934 188 995 πτωμα
208 908 245 976 δὲ
262 906 300 976 τό
314 905 394 975 καθ’
411 905 493 976 αὑτό
509 909 728 996 συμβεβηκός,
748 917 824 977 ίσον
839 907 960 978 άνισον
974 908 1085 996 ’τομὴν

70 1016 170 1084 θέσιν
197 1010 219 1102 ἢ
247 1012 331 1083 άλλο
357 1035 390 1081 τι
418 1017 584 1082 τοιοῦτον.
631 1015 714 1083 όταν
744 1015 806 1102 μὲν
835 1009 898 1084 ούν
928 1020 1085 1106 προτείνῃ

68 1147 120 1202 τις
142 1125 296 1209 ποιῆσαι,
326 1120 503 1207 πρόβλημα
526 1122 667 1207 λέγεται·
705 1120 786 1190 ὅταν
811 1122 849 1191 δὲ
871 1120 909 1191 τό
934 1121 975 1191 όν
998 1132 1085 1191 θεω-

69 1232 180 1315 ρῆσαι,
199 1227 376 1315 θεώρημα·
399 1226 455 1294 καὶ
474 1227 561 1307 ὅλως
578 1227 618 1295 τὰ
639 1227 700 1314 μὲν
713 1230 918 1316 θεωρήματα
931 1227 1084 1298 καθόλου
1104 1251 1138 1302 10

69 1337 150 1420 ἐστί,
172 1332 213 1402 τδι
237 1332 275 1402 δὲ
297 1336 514 1421 προβλήματα
537 1331 600 1401 ούκ
623 1339 701 1402 ἔστι.

135 1443 282 1509 τοσαύτα
304 1439 361 1506 καὶ
383 1440 458 1527 περὶ
482 1439 619 1508 τούτων.
656 1444 717 1508 τοῦ
741 1440 778 1508 δὲ
796 1441 932 1526 πρώτου
950 1447 1085 1529 βιβλίου

70 1543 88 1614 ό
113 1545 238 1623 σκοπός
261 1547 330 1612 ἐστι
353 1544 413 1622 τὰς
435 1543 539 1631 ἀρχὰς
564 1550 778 1630 παραδοῦναι
804 1551 863 1632 τῆς
889 1552 958 1614 τῶν
986 1544 1085 1615 εύθυ-

70 1651 235 1736 γράμμων
262 1654 420 1735 θεωρίας.
470 1654 500 1716 εί
526 1648 590 1736 γὰρ
618 1650 674 1716 καὶ
702 1652 803 1734 φύσει
835 1652 1036 1739 τελειότερος
1066 1652 1084 1720 ὁ

72 1754 209 1838 κύκλος,
242 1749 316 1820 ἀλλ’
342 1749 425 1838 ἡμῖν
446 1767 522 1834 τοῖς
554 1751 779 1839 ἀτελεστέροις
809 1759 937 1842 μᾶλλον
965 1754 1084 1845 ἡπερλ
1104 1779 1138 1828 16

72 1858 204 1928 τούτων
219 1855 359 1946 ἁρμόσει
374 1863 516 1942 θεωρία·
538 1873 609 1939 τοῖς
623 1863 799 1945 αἰσθητοῖς
813 1865 919 1928 οίκεῖα
932 1859 973 1929 τό
987 1859 1088 1930 εύθύ-

71 1993 218 2053 γραμμα,
241 1977 312 2044 τοῖς
334 1965 372 2034 δὲ
394 1978 530 2051 νοητοῖς
549 1962 567 2034 ὁ
586 1964 719 2049 κύκλος,
742 1965 797 2033 καί
816 1964 882 2035 άπὸ
901 1972 970 2036 τῶν
989 1967 1088 2037 εύθυ

71 2071 237 2160 γράμμων
259 2069 280 2158 ἡ
303 2073 432 2159 γένεσις
454 2071 537 2140 κατὰ
562 2070 729 2140 Πλάτωνα
753 2085 824 2153 τοῖς
846 2074 979 2162 τέτρασι
1002 2094 1087 2143 στοι-

33 2192 37 2197 ’
72 2166 184 2263 χείοις.
202 2181 377 2266 διαιρεῖται
392 2179 429 2248 δὲ
442 2178 480 2247 τὸ
491 2184 625 2264 βιβλίον
634 2183 745 2265 τριχῆ·
758 2178 796 2248 τὸ
807 2180 869 2267 μὲν
878 2179 942 2268 γάρ
951 2186 1085 2270 πρῶτον

72 2280 135 2368 τὴν
153 2286 221 2351 τόν
238 2286 412 2372 τριγώνων
426 2282 577 2369 ίδιότητα
592 2284 773 2370 ἐμφανίζει,
791 2282 828 2353 τό
845 2285 1003 2372 δεύτερον
1015 2292 1084 2357 τιόν
1104 2313 1138 2360 20

71 2389 439 2478 παραλληλογράμμων,
458 2385 496 2456 τό
515 2395 630 2474 τρίτον
647 2389 709 2476 τὴν
727 2398 910 2461 κοινωνίαν
929 2392 1049 2465 αὐτῶν.

139 2496 291 2583 Σημεῖόν
315 2500 384 2565 ἐστι
408 2485 450 2563 οὗ
473 2496 572 2582 μέρος
595 2492 711 2564 ούθέν.

137 2599 203 2670 άπὸ
227 2607 295 2671 τῶν
319 2601 497 2668 συνθέτων
520 2600 573 2667 ἐπὶ
591 2602 630 2667 τό
650 2597 879 2687 ἁπλούστερον
899 2601 1084 2690 άναδεδρά-

72 2732 186 2792 μηκεν,
209 2705 275 2775 ἀπὸ
299 2706 360 2793 μὲν
384 2709 446 2775 τοῦ
463 2710 558 2793 τριχῆ
579 2709 758 2774 διαστατοῦ
778 2708 830 2774 ἐπὶ
848 2707 887 2775 τό
908 2713 995 2795 διχῆ,
1019 2706 1084 2777 ἀπὸ

73 2811 111 2879 δὲ
134 2811 256 2881 τούτου
279 2814 331 2880 ἐπὶ
353 2810 392 2880 τό
417 2808 470 2897 ἐφ’
487 2812 536 2897 έν,
558 2808 618 2896 ἀφ’
636 2803 677 2879 οὗ
701 2817 748 2891 είς
770 2814 807 2880 τὸ
832 2812 940 2899 πάσης
963 2815 1083 2900 διαιρέ-
1103 2839 1137 2888 25

73 2935 158 2997 σεως
170 2922 363 3003 καθαρεῦον
381 2915 586 3002 ἀναδραμὼν
600 2915 662 3003 τὴν
676 2914 783 3004 ἀρχὴν
797 2931 952 2985 ποιεῖται·
972 2919 1085 3007 ἐπειδὴ

73 3023 111 3091 δὲ
123 3021 163 3091 τὰ
177 3025 302 3110 πέρατα
315 3027 419 3092 ταῦτα
432 3026 603 3108 πολλαχοῦ
618 3022 674 3090 διὰ
687 3022 749 3109 τὴν
763 3019 932 3108 ἁπλότητα
945 3028 1004 3109 της
1017 3030 1085 3093 τῶν

72 3130 247 3198 συνθέτων
261 3126 475 3208 ὑποστάσεως
489 3133 584 3196 δοκεῖ
599 3127 775 3214 τιμιώτερα
794 3126 892 3214 εἶναι,
915 3136 1084 3221 πολλαχοῦ

73 3236 110 3305 δὲ
133 3236 380 3324 συμβεβηκόσιν
404 3240 555 3321 ἔ[οι]κεν,
578 3236 663 3320 λέγω
687 3233 759 3321 μέν,
784 3233 835 3302 ὅτι
858 3233 899 3302 τά
922 3238 1008 3305 άυλα
1030 3240 1086 3307 καὶ

146 3403 169 3452 1.
193 3395 379 3467 περιέχοντα]
398 3395 455 3462 bis,
475 3395 523 3448 sed
542 3411 612 3449 corr.
695 3398 737 3446 12.
756 3392 812 3462 Mg.
832 3394 882 3448 τοῦ
902 3397 922 3448 ἂ
941 3391 1085 3468 βιβλίουό

74 3463 187 3528 σκοπός.
265 3473 306 3523 19.
326 3466 383 3536 Mg.
404 3459 448 3521 ότι
466 3465 544 3535 τριχῆ
564 3467 718 3533 διαιρεῖται
736 3461 767 3518 τό
787 3465 805 3517 ἀ
826 3466 942 3536 βιβλίον.
