2362 3796
91 175 157 240 262
231 176 387 228 SCHOLIA
405 176 443 227 IN
461 173 737 226 ELEMENTORUM
755 171 894 225 LIBRUM
907 171 956 223 III.

92 319 264 404 δέχεσθαι,
287 319 399 408 πολλῷ
424 313 582 401 μειζόνως
604 311 641 380 τό
667 318 889 400 προκείμενον
913 309 1107 398 ἐκφεύξεται

91 427 154 510 τὴν
176 427 237 490 τοῦ
261 420 495 509 προβλήματος
519 423 720 504 ἐπωνυμίαν.

160 533 210 597 11.
244 530 362 596 Μέσον
386 527 454 595 ἐστὶ
477 530 578 595 τοῦτο
601 529 670 593 τῶν
694 526 939 612 προβλημάτων
961 525 1109 592 καὶτῶν

90 634 334 723 θεωρημάτων·
378 631 466 701 καθὸ
500 632 561 719 μὲν
597 630 661 719 γάρ
700 635 836 719 ζητήσαι
872 629 1109 718 προβάλλεται,

56 743 232 826 σποιήσαί
251 764 321 819 πως
343 745 521 824 προτείνει,
544 737 633 806 καθὸ
654 736 691 805 δὲ
711 734 773 805 οὐκ
792 742 838 817 είς
856 741 1005 825 ποίησιν,
1029 735 1107 806 ἀλλ’

90 851 137 926 είς
161 845 306 934 εὕρεσιν,
329 844 410 914 κατά
434 850 534 914 τοῦτο
559 843 720 932 θεάρημα
742 848 919 932 προτείνει.

474 1044 530 1108 Ad
554 1065 660 1128 prop.
683 1043 726 1108 ΙΙ.

162 1169 211 1233 12.
253 1168 298 1232 El
328 1164 490 1251 λάβοιμεν
522 1163 585 1250 τὴν
612 1172 683 1232 ΑΛ
714 1167 754 1254 τή
782 1171 849 1232 AB
882 1162 931 1232 ἐπ’
961 1161 1105 1247 εὐθείας,

93 1270 163 1339 ἐπεὶ
187 1271 222 1337 ἐκ
245 1275 307 1337 τοῦ
329 1271 480 1357 κέντρου,
505 1269 680 1358 διάμετρος
702 1275 794 1338 ἔσται
816 1274 878 1340 τοῦ
900 1270 1035 1338 κύκλου.
1077 1273 1108 1337 εί

40 1395 73 1444 10
94 1377 131 1445 δὲ
159 1377 214 1444 καὶ
242 1375 304 1462 τήν
327 1383 394 1444 ΔΖ
421 1375 582 1463 λάβοιμεν
609 1376 693 1463 πρὸς
721 1373 828 1464 ὀρθὰς
854 1381 895 1467 τῇ
919 1383 1000 1463 ΑΒ,
1032 1384 1109 1444 ίσον

91 1486 202 1570 τμήμα
226 1488 316 1551 ἔσται
339 1487 401 1551 τοῦ
423 1482 550 1551 κύκλου
574 1484 630 1550 καὶ
658 1481 779 1570 ὅμοιον
806 1483 845 1551 τό
868 1490 934 1551 ΑΖ
960 1485 1006 1575 τῷ
1032 1488 1109 1550 ΖΒ·

93 1592 130 1658 ἐν
154 1589 192 1658 δὲ
214 1601 284 1669 τοϊς
307 1587 436 1676 ὁμοίοις
456 1588 601 1676 τμήμασι
619 1593 680 1657 τοῦ
699 1587 826 1658 κύκλου
844 1592 882 1656 αί
897 1595 1018 1675 γωνίαι
1038 1595 1110 1656 ίσαι

93 1693 255 1782 ἀλλήλαις
274 1699 372 1763 είσίν·
402 1699 433 1762 εί
449 1693 514 1782 γάρ
539 1692 639 1781 ὅμοια
660 1694 812 1782 τμήματα
834 1694 961 1763 κύκλου
983 1693 1049 1762 είσὶ
1067 1692 1109 1762 τά

94 1801 257 1888 δεχόμενα
279 1807 405 1888 γωνίας
428 1809 518 1886 ίσας,
547 1801 604 1867 καὶ
630 1797 862 1888 ἀντιστρόφως
885 1805 1011 1886 γωνίας
1034 1807 1110 1880 ίσας

42 1925 74 1974 15
94 1910 247 1994 δέχονται
279 1907 320 1975 τά
348 1912 417 1976 τῶν
445 1907 577 1975 κύκλων
606 1905 705 1993 ὅμοια
733 1905 892 1993 τμήματα.
938 1910 969 1973 εί
996 1905 1034 1974 δὲ
1063 1905 1109 1993 μή

93 2012 254 2099 λάβοιμεν
274 2011 324 2081 ἐπ’
342 2010 477 2092 εὐθείας
494 2011 558 2101 τήν
576 2021 648 2081 ΑΔ
670 2017 709 2101 τή
728 2019 806 2098 ΔΒ,
830 2018 996 2099 τρίγωνον
1016 2017 1110 2081 ἔσται

93 2116 131 2186 τό
155 2126 294 2187 ΔΑΕΒ
319 2121 496 2199 ἰσοσκελές·
520 2117 540 2206 ή
565 2120 626 2206 μὲν
649 2121 714 2207 γάρ
734 2127 805 2187 ΔΑ
826 2119 882 2187 καὶ
905 2116 925 2205 ή
946 2125 1013 2187 ΛΒ
1038 2127 1110 2187 ίσαι

94 2222 265 2310 άλλήλαις·
290 2226 325 2293 ἐκ
343 2235 405 2294 τοῦ
427 2226 569 2309 κε’ντρου
591 2224 665 2314 γάρ.
702 2223 723 2313 ἡ
748 2225 786 2293 δὲ
804 2232 904 2293 ΑΕΒ
927 2221 972 2306 ὡς
990 2221 1110 2294 εὐθεῖα

94 2328 265 2397 ὑπόκειται
287 2336 347 2398 καί
366 2333 434 2400 ἐστι
457 2331 554 2418 βάσις
576 2336 637 2400 τοῦ
661 2332 744 2401 ὅλου
765 2339 903 2401 ΔΑΕΒ
927 2330 1109 2420 τριγώνου·

40 2455 74 2504 2ο
94 2437 131 2501 αί
155 2434 239 2522 πρὸς
265 2441 304 2526 τή
332 2437 428 2523 βάσει
456 2436 522 2525 άρα
552 2444 687 2523 γωνίαι,
720 2435 827 2525 ήγουν
855 2465 876 2524 η
900 2441 983 2523 πρὸς
1005 2442 1052 2531 τῷ
1078 2449 1111 2506 Α

93 2540 148 2607 καὶ
172 2539 192 2627 ή
215 2565 299 2630 προς
320 2554 366 2634 τῷ
390 2550 525 2629 Β,,ί’σαι
548 2542 707 2631 άλλήλαις
730 2547 826 2612 είσίν.

471 2741 527 2804 Ad
552 2763 655 2825 prop.
678 2740 737 2806 III.

163 2864 212 2929 13.
241 2858 297 2928 Ἐκ
314 2860 437 2928 τούτου
454 2865 515 2928 τοῦ
534 2860 752 2948 θεωρήματος
772 2866 940 2930 δείκνυται
959 2865 997 2931 τὸ
1017 2862 1111 2935 άντι-

95 2966 257 3053 στρόφιον
280 2969 342 3034 τοῦ
365 2963 449 3054 ὅρου
471 2970 532 3034 τοῦ
551 2966 686 3035 κύκλου.
723 2966 781 3036 ἐάν
800 2994 865 3054 γαρ
885 2967 1051 3054 σχήματος
1069 2975 1111 3060 τῇ

93 3095 308 3104 *-

166 3150 207 3199 11.
226 3163 251 3211 r;
272 3143 320 3199 cfr.
339 3161 365 3211 p.
386 3149 446 3209 261,
467 3148 501 3198 14
516 3162 555 3212 sq
631 3149 672 3199 12.
691 3143 731 3200 οἳ
807 3151 849 3199 13
869 3143 1016 3202 PBFvat

93 3252 307 3262 -—-.—..

167 3299 434 3373 ΙέκφεόξηταιΡ.
520 3310 546 3358 9.
562 3301 614 3389 ἐκ]
635 3320 725 3373 comp.
744 3304 907 3359 dubiumb.
994 3311 1039 3361 20.
1059 3308 1113 3380 τῷ]

91 3374 303 3461 nonliquotb
394 3379 436 3429 21.
460 3375 517 3460 τῷ]
536 3370 615 3429 w'b.
706 3381 749 3430 23.
773 3371 892 3462 τούτου]
914 3392 969 3430 om
988 3365 1113 3435 Pdet

68 3444 253 3589 §dadai
281 3439 352 3516 ὅρον
381 3449 433 3502 τοῦ
461 3429 585 3518 κύκλου]
611 3447 661 3501 τοῦ
691 3441 841 3502 κόκλον”
825 3466 894 3517 ορου
922 3446 1028 3515 ΡΜ,
1058 3452 1113 3508 τοῦ
