2362 3796
220 162 376 216 scnom
393 165 433 216 m
450 165 724 217 ειειιεαεοευει
744 164 883 216 MERUM
898 165 919 216 1.
1007 161 1073 226 219

56 303 114 373 καὶ
136 301 268 382 στάσεις
293 303 349 371 καὶ
372 302 565 390 παραβολάς
591 305 829 390 παραδέδωκεν
856 302 1070 391 ἐφαψάμενος

56 408 114 478 καὶ
136 412 199 478 τοῦ
220 409 414 496 παραδόξου
441 409 547 479 τόπου
570 415 638 478 τῶν
661 409 891 498 θεωρημάτων
919 410 975 478 καὶ
1002 414 1072 479 τῶν

56 520 207 585 τοπικῶν
229 513 343 584 αὐτῶν
365 516 595 603 θεωρημάτων
619 519 742 597 ἱκανῶς
760 513 848 603 ἡμᾶς
866 516 1072 602 ἀναμνήσας,

56 632 128 692 τῶν
145 647 181 691 τε
197 625 393 691 καθολικῶν
409 624 466 691 καὶ
483 633 550 692 τῶν
569 623 624 692 ἐπὶ
641 625 764 710 μέρους
780 623 842 711 τήν
864 628 1072 708 στοιχείωσιν

57 728 202 816 ἐκφῆναι
234 729 433 815 δυναμένων
464 729 520 797 καὶ
547 732 616 797 τῶν
644 727 847 816 άδιορίστων
873 728 930 796 καὶ
959 733 1071 815 διωρι-
1109 755 1125 804 5

57 830 191 922 σμένων
209 834 455 922 προβλημάτων
472 833 536 922 τήν
556 834 726 923 διαφοράν
741 834 973 922 ἐνδειξάμενος
991 832 1073 902 ὅλον

57 939 96 1009 τὸ
113 940 148 1008 α’
162 946 297 1027 βιβλίον
311 945 359 1020 είς
377 943 437 1008 ἕνα
456 939 584 1009 σκοπὸν
602 940 764 1028 άνήνεγκε
782 941 845 1028 τήν
865 946 1074 1028 στοιχείωσιν

57 1048 116 1134 τής
138 1046 214 1131 περὶ
231 1049 301 1114 τῶν
318 1043 561 1115 άπλουστάτων
581 1043 831 1135 εὐθυγράμμων
849 1052 997 1132 θεωρίας
1014 1046 1074 1126 τάς

57 1177 94 1220 τε
120 1150 295 1233 συστάσεις
324 1149 437 1221 αὐτῶν
465 1152 610 1240 ἐξευρών
637 1154 692 1219 καὶ
719 1153 760 1219 τά
788 1149 868 1220 καθ’
895 1150 979 1220 αὑτα
1010 1150 1073 1220 ὑπ-

56 1257 206 1346 άρχοντα
230 1256 345 1338 αὐτοῖς
367 1255 651 1346 άνασκεψάμενος.
1095 1283 1128 1332 10

129 1367 202 1433 158.
232 1361 334 1452 Ὀρθή
352 1363 418 1452 γάρ
437 1367 527 1433 ἐστιν
546 1363 566 1451 ή
585 1363 651 1433 ὑπὸ
668 1373 737 1432 ΔΑ
743 1370 776 1432 Γ
788 1390 818 1451 p.
840 1368 912 1453 114,
931 1369 988 1450 25]
1009 1363 1074 1433 άπὸ

56 1469 124 1558 γάρ
146 1479 208 1538 τοῦ
231 1480 263 1537 Α
287 1475 427 1558 σημείου
448 1474 488 1560 τή
512 1479 582 1539 ΑΓ
606 1469 724 1561 εὐθείᾳ
747 1469 831 1559 πρὸς
854 1469 961 1558 ὀρθάς
983 1470 1074 1558 ήχθη

58 1603 81 1662 η
105 1584 184 1646 ΛΔ.

128 1685 200 1752 159.
229 1681 453 1770 Ἀντιστρέφει
476 1682 538 1770 μὲν
560 1687 660 1750 τοῦτο
684 1686 729 1771 τῷ
757 1681 822 1769 πρὸ
851 1680 956 1750 αὐτοῦ
978 1682 1070 1771 {mm-

57 1788 181 1877 ρήματι
199 1789 255 1856 καὶ
274 1787 356 1857 ὅλον
373 1787 457 1875 πρὸς
476 1789 557 1857 ὅλου
578 1785 798 1875 ἀντιστρέφει.
837 1791 868 1854 εί
885 1789 949 1875 γάρ
970 1785 1074 1876 ὀρθο-
1094 1810 1127 1860 15

57 1894 202 1983 γῶνιον,
225 1921 263 1963 το
286 1893 353 1963 άπὸ
376 1899 435 1980 τής
458 1891 701 1979 ὑποτεινούσης
724 1902 800 1961 ίσον
823 1906 894 1973 τοῖς
917 1891 982 1961 άπὸ
1006 1903 1074 1963 τῶν

58 2005 197 2088 λοιπῶν,
214 2001 270 2069 καὶ
284 2005 316 2068 εί
328 2004 366 2069 τδ
383 1999 448 2069 άπδ
462 2000 584 2086 ταύτης
598 2007 674 2068 ίσον
688 2013 760 2079 τοῖς
773 1997 836 2073 άπδ
852 2003 921 2067 τῶν
935 2004 1075 2086 λοιπῶν,

60 2105 276 2194 ὀρθογῶνιόν
309 2109 378 2175 ἐστι
407 2105 446 2175 τὸ
476 2112 643 2194 τρίγωνον
671 2104 783 2193 ὀρθήν
811 2111 888 2192 ἔχον
916 2108 978 2191 τήν
1007 2102 1073 2173 ὑπὸ

59 2216 130 2281 τῶν
151 2216 278 2280 λοιπῶν
301 2214 549 2300 περιεχομένην.
595 2213 651 2280 καὶ
679 2211 699 2300 ή
729 2212 791 2299 μὲν
819 2209 989 2292 ἀπόδειξις
1012 2215 1074 2279 τοῦ

62 2321 276 2403 στοιχειωτοῶ
299 2317 438 2407 φανερά.
1093 2341 1127 2391 20

132 2421 178 2491 Τὸ
202 2421 263 2510 μὲν
287 2416 350 2492 οὖν
373 2429 507 2513 πρῶτον
530 2430 662 2511 βιβλίον
686 2423 763 2511 άγρι
785 2424 916 2493 τούτων
945 2422 963 2494 ὁ
989 2444 1074 2493 στοι-

59 2528 198 2618 χειωτής
225 2529 486 2618 συνεπλήρωσεν
515 2530 621 2599 πολλά
650 2530 711 2618 μὲν
741 2529 974 2619 άντιστροφῶν
1000 2534 1074 2617 είδη

59 2633 246 2720 παραδούς·
266 2635 401 2724 καὶγὰρ
418 2633 478 2704 ὅλα
492 2636 651 2716 πολλάκις
670 2635 892 2722 άντέστρεψεν
911 2641 994 2721 πρὸς
1013 2635 1075 2704 ὅλα

61 2741 118 2808 καὶ
143 2738 204 2807 ὅλα
227 2739 311 2826 πρὸς
334 2742 415 2829 μέρη
438 2743 495 2810 καὶ
517 2744 599 2829 μέρη
624 2741 708 2829 πρὸς
726 2742 809 2828 μέρη
833 2739 1075 2828 θεωρημάτων·

63 2843 192 2930 πολλήν
215 2844 253 2912 δὲ
270 2854 439 2915 ποικιλίαν
457 2847 703 2935 προβλημάτων
721 2846 912 2932 ἐπινοήσας·
937 2846 993 2912 καὶ
1011 2843 1075 2933 γάρ
1095 2865 1130 2914 κε

63 2949 210 3021 εὐθειῶν
237 2951 341 3037 τομάς
365 2953 421 3019 καὶ
443 2957 577 3039 γωνιῶν
605 2953 660 3019 καὶ
683 2952 796 3030 θέσεις
822 2950 878 3018 καὶ
902 2949 1077 3031 συστάσεις

62 3057 119 3125 καὶ
143 3054 337 3145 παραβολάς
359 3060 608 3146 παραδέδωκεν·
641 3054 854 3144 ἐφαψάμενος
878 3055 915 3124 δὲ
937 3057 994 3123 καὶ
1015 3060 1076 3123 τοτ’

61 3162 257 3248 παραδόξου
280 3165 464 3251 λεγομένου
486 3166 591 3233 τόπου
613 3168 682 3232 τῶν
705 3161 914 3250 μαθημάτων
936 3162 1077 3230 καὶτῶν

136 3347 195 3396 158.
213 3341 241 3396 b.
316 3346 376 3396 159.
395 3341 425 3395 Ρ.

62 3453 277 3462 ——.-.

137 3505 179 3556 16.
197 3499 268 3570 τοῖς]
290 3499 340 3566 τῆς
356 3497 387 3552 Ρ.
466 3504 508 3556 17.
527 3500 600 3574 τοῖς]
619 3520 664 3557 τοι
682 3498 717 3558 Ρ.
792 3504 843 3557 ³2⁴5.
861 3466 1113 3590 &vkmn‘
