2362 3796
240 153 397 207 scnom
413 155 453 206 m
470 154 745 207 οιεκονυοουω
762 156 902 224 mmm
915 155 937 210 1.
1026 152 1088 216 171

73 294 224 384 σάμενος
250 295 445 382 θεωρήματι
471 297 530 382 τῆς
559 322 594 363 τε
620 293 750 365 τούτων
777 297 833 363 καὶ
864 300 925 382 τῆς
953 298 1091 364 ἐκείνων

74 400 328 489 στοιχειάσεως,
351 397 370 468 3
395 403 490 468 δοκεῖ
509 398 571 487 μὲν
590 399 774 487 σύμπτωμά
796 426 830 468 τι
852 410 996 490 θεωρεῖν
1018 415 1092 482 ταῖς

70 507 304 598 παραλλήλοις
325 503 488 595 ὑπάρχον,
511 508 723 595 παραδίδωσι
746 505 784 574 δέ
803 508 937 594 γένεσιν
954 507 1091 595 πράτην

71 615 443 704 παραλληλογράμμων.
487 624 645 681 τοιοῦτον
667 611 733 702 γάρ
757 615 826 681 ἐστι
848 613 886 681 τὸ
910 615 1023 700 λε’γον·
1057 617 1094 680 αί

71 720 138 802 τάς
161 729 235 802 ίσας
248 746 292 813 Ἱτε
314 720 370 787 καὶ
392 719 625 808 παραλλήλους
652 720 705 787 ἐπὶ
732 717 773 789 τά
802 716 887 788 αὐτά
914 721 997 809 μέρη
1027 722 1091 788 ἐπι·
1129 751 1145 800 5

76 827 301 915 ζετηινύουσαι
323 826 380 894 καὶ
403 823 501 893 αὐταί
524 833 594 893 ῖσαι
618 852 654 894 τε
681 825 737 893 καὶ
764 825 978 913 παράλληλοί
996 830 1092 895 είσιν.

75 937 117 1004 ἐν
143 932 208 1021 γάρ
235 931 342 1022 τούτῳ
370 941 547 1019 θεωρεῖται
574 934 635 1018 μέν
662 959 694 999 τι
720 946 793 1012 ταῖς
821 940 909 1012 ίσαις
930 933 987 1000 καὶ
1010 957 1092 1020 παρ-

76 1040 237 1127 αλλήλοις
251 1037 469 1125 συμβεβηκός,
489 1041 525 1107 ἐκ
542 1037 579 1106 δέ
593 1043 651 1125 τῆς
665 1039 855 1120 ἐπιζεύξεως
868 1039 1092 1127 ἀναφαίνεται

73 1144 117 1216 τδ
140 1143 490 1234 παραλληλόγραμμον
512 1142 550 1212 τὸ
576 1154 649 1225 ίσας
673 1149 751 1232 ἔχον
774 1147 830 1214 καὶ
857 1146 1092 1234 παραλλήλους

75 1252 136 1334 τάς
155 1254 355 1321 ἀπεναντίον
373 1252 526 1337 κειμένας
543 1253 696 1337 πλευράς.
731 1258 807 1341 τρία
824 1254 864 1320 δέ
884 1257 948 1321 είσι
970 1279 1091 1343 χαρακ-
1112 1281 1146 1331 10

74 1359 249 1448 τηριστικά
278 1362 347 1427 τῶν
378 1357 600 1446 παραλλήλων
627 1356 683 1425 καὶ
716 1355 980 1447 ἀντιστρέφοντα
1008 1358 1092 1449 πρὸς

75 1463 193 1552 αὐτάς,
208 1463 250 1533 οὐ
264 1461 425 1552 μόνοντὰ
440 1468 462 1546 {²
476 1463 556 1550 ἅμα,
571 1461 654 1531 ἀλλά
668 1465 724 1532 καὶ
736 1466 875 1533 ἕκαστον
890 1463 1091 1553 ἀποληφθὲν

75 1575 147 1640 τῶν
169 1574 312 1656 λοιπῶν,
336 1562 385 1639 ὧν
408 1573 445 1638 τὸ
470 1571 531 1656 μέν
555 1572 646 1638 ἐστιν
669 1567 805 1650 εὐθείας
826 1572 1012 1657 τεμνούσης
1034 1598 1092 1651 τας

75 1676 311 1767 παραλλήλους
339 1684 413 1755 ίσοις
440 1673 529 1744 εἶναι
556 1702 615 1754 τας
645 1675 801 1761 ἐναλλάξ,
835 1678 873 1743 τὸ
908 1675 945 1744 δέ
977 1677 1091 1765 ἕτερον

79 1780 215 1865 εὐθείας
244 1781 430 1870 τεμνούσης
461 1784 520 1860 τὰς
551 1781 784 1869 παραλλήλους
815 1789 888 1860 ίσας
916 1779 1002 1848 εἶναι
1033 1781 1092 1862 τάς
1111 1809 1145 1860 15

79 1888 175 1971 ἐντὸς
201 1888 265 1958 δύο
296 1887 432 1973 ὀρθαῖς,
464 1890 502 1955 τὸ
533 1886 571 1954 δέ
598 1884 718 1955 λοιπὸν
746 1884 881 1965 εὐθείας
907 1886 1093 1973 τεμνούσης

77 1996 136 2079 τάς
158 1994 393 2084 παραλλήλους
420 2004 498 2081 ῖσην
526 1992 614 2062 εἶναι
640 1991 702 2080 τὴν
730 1995 824 2072 ἐκτὸς
845 1994 890 2082 τῇ
919 1992 1015 2072 ἐντὸς
1036 1994 1091 2061 καὶ

77 2101 295 2172 ἀπεναντίον·
333 2103 472 2169 ἕκαστον
494 2099 558 2187 γὰρ
584 2103 653 2168 τάν
681 2099 934 2186 συμπτωμάτων
961 2099 1092 2168 τούτων

80 2208 202 2278 ίκανὸν
216 2207 417 2296 ἀποδειχθὲν
436 2209 669 2293 παραλλήλους
687 2203 860 2293 ἀποφῆναι
875 2204 933 2286 τάς
947 2203 1092 2288 εὐθείας.

83 2319 138 2384 δεῖ
154 2313 192 2383 δέ
209 2314 316 2383 πάντα
334 2312 375 2382 τά
390 2313 540 2401 σχήματα
554 2312 837 2400 καταγραφόμενα
850 2313 907 2380 καὶ
921 2313 1090 2402 νοούμενα
1109 2341 1144 2390 20

80 2424 119 2492 ἐν
143 2421 194 2489 ἑνὶ
217 2422 360 2509 ἐπιπέδῳ
384 2418 484 2488 εἶναι·
512 2424 544 2487 εί
560 2418 624 2505 γάρ
643 2418 688 2505 μή
713 2422 750 2487 ἐν
773 2425 819 2507 τῷ
839 2417 928 2512 αὐτῷ
948 2423 1091 2512 ἐπιπέδῳ

78 2529 190 2597 πάντα
211 2530 375 2614 νοοῦμεν,
405 2522 507 2594 οὐδὲν
530 2524 651 2593 κωλύει
678 2524 761 2594 ἀλλο
789 2527 1092 2610 κατασκευάζοντας

79 2633 161 2703 ἀλλο
185 2630 346 2722 εύρέσθαι
370 2631 666 2719 ἀποδεικνύμενον.

146 2741 240 2819 τέλος
261 2743 323 2807 τού
345 2738 480 2826 πρώτου
501 2738 680 2824 τμήματος,
704 2735 723 2804 3
747 2738 816 2805 ἐστι
838 2739 913 2823 περὶ
932 2740 1093 2824 γενέσεως

79 2847 137 2915 καὶ
159 2846 312 2933 ἰσότητος
333 2845 390 2912 καὶ
408 2841 604 2929 ἀνισότητος
621 2845 689 2909 τάν
708 2844 889 2928 τριγάνων.
927 2841 1012 2931 ἀρχή
1030 2848 1092 2912 τού
1110 2869 1145 2919 25

78 2952 116 3043 {if
137 2952 318 3040 τμήματος,
341 2948 361 3019 3
385 2953 453 3019 ἐστι
475 2950 550 3036 περὶ
573 2947 793 3036 τετραγώνων
817 2949 1002 3035 σχημάτων.

145 3063 199 3128 99.
239 3055 378 3143 Ἰστέον,
411 3055 463 3125 ὅτι
494 3057 532 3124 τὸ
560 3058 695 3144 πρῶτον
722 3058 832 3142 τμήμα
864 3059 925 3123 τοῦ
958 3060 1093 3142 βιβλίου

76 3162 231 3236 ἐνταῦθά
255 3166 353 3231 ἐστιν.

150 3314 194 3366 99.
212 3306 243 3363 F.

152 3439 195 3487 12.
214 3427 400 3499 ἀποληφθὲν]
423 3446 453 3497 η,
478 3423 660 3494 ἀπολειφθέν
678 3425 711 3482 V.
800 3433 842 3484 17.
860 3429 916 3503 τήή
932 3448 970 3501 (η,
987 3429 1040 3500 τήν
1058 3430 1101 3486 V.

115 3509 160 3559 23.
179 3499 329 3572 εύρέσθαι]
349 3519 379 3570 η,
399 3494 560 3571 εύρηθῆναι
578 3497 614 3556 V.
