2362 3796
87 125 154 190 488
243 126 400 181 seflom
417 126 457 178 IN
474 126 749 179 mmmm
765 127 905 179 LIBRUM
917 128 952 182 X.

89 292 128 336 το
152 268 326 355 μερισθέν,
351 263 395 347 ὡς
418 266 471 335 ἐπὶ
488 276 555 334 των
573 265 767 354 παρόντων·
796 264 837 335 τά
854 264 920 353 γάρ
937 271 984 337 ιἰδ
1000 281 1077 350 τοῖς
1092 275 1113 342 ξ

89 374 293 459 μερισθέντα
317 371 383 441 άνδι
405 371 578 457 τεσσάρων
601 372 789 460 εἰλήφασιν.
830 378 900 442 ἔστι
919 373 959 443 δὲ
982 373 1022 445 τὸ
1047 376 1112 464 μὲν

90 485 161 548 ΑΓ
179 483 237 566 ιἰδ,
263 478 302 548 τὸ
327 478 364 548 δέ
387 488 458 547 ΑΔ
484 479 696 568 τετράγωνον
722 479 761 548 τὸ
783 478 850 549 άπὸ
871 485 931 569 τῆς
954 490 1023 551 ΑΒ
1052 489 1113 571 τῆς

91 587 253 667 έξάποδος
275 590 325 658 λξ.
372 590 476 673 δῆλον
506 587 563 673 δή,
591 584 643 654 ότι
666 587 721 655 καλ
745 585 828 673 βητά
855 588 912 656 καὶ
935 590 1112 677 σύμμετρά

57 694 163 763 σέστι
191 691 230 760 τά
255 701 326 760 ΑΔ
352 693 408 760 καὶ
431 698 504 761 ΑΓ.
550 691 602 760 ὅτι
635 692 673 761 δέ
705 694 762 761 καὶ
790 690 835 772 ὡς
860 691 899 762 τὸ
923 702 996 762 ΔΑ
1024 697 1113 784 πρὸς

91 802 129 866 τὸ
145 807 176 865 Α
182 803 220 884 Γ,
245 796 352 879 οὕτως
369 796 390 884 ἡ
407 806 473 867 ΑΒ
493 796 578 887 πρὸς
594 797 657 885 τὴν
672 805 744 884 ΒΓ,
765 802 883 885 δῆλον·
907 802 945 869 έν
963 798 1112 893 ἡμιολίῳ

91 904 156 991 γάρ
179 908 244 972 είσι
267 902 366 993 λόγῳ.

163 1014 234 1080 143.
262 1007 391 1091 ’Ἁλλως
414 1014 462 1090 εἰς
483 1009 521 1079 τὸ
544 1012 578 1079 ν’
601 1010 771 1099 θεώρημα.

148 1114 261 1185 Ἔστω
289 1115 327 1185 τὸ
356 1118 459 1203 ῥητὸν
486 1116 835 1205 παραλληλόγραμμον
862 1117 1027 1204 μονάδων
1054 1124 1114 1208 μᾶ,

41 1244 75 1292 10
93 1225 149 1291 καὶ
178 1221 198 1309 ἡ
224 1221 306 1310 ῥητὴ
334 1222 478 1309 πλευρά,
505 1222 585 1309 παρ’
610 1217 654 1310 ἣν
683 1220 811 1311 ὀφείλει
834 1229 1116 1314 παραβληθῆναι,

93 1335 176 1398 ἔστω
196 1342 310 1415 μοῖριι
329 1331 405 1415 {aa
419 1334 453 1416 μ,
477 1327 559 1417 άπερ
578 1329 644 1398 είσλ
660 1329 787 1418 πλευρά
805 1334 867 1398 τοῦ
884 1335 928 1416 λβ
945 1328 1117 1422 ἀριθμοῦ,

91 1434 175 1523 πρὸς
197 1431 241 1522 ἣν
264 1434 414 1523 πλευρὰν
436 1437 715 1523 παραβαλλόμενα
738 1435 777 1505 τά
801 1442 846 1524 μῆ
872 1449 965 1506 ποιεῖ
984 1437 1117 1520 πλάτος

92 1532 227 1628 ξηιδ,
260 1539 358 1610 άτινά
385 1545 450 1611 εἰσι
477 1539 560 1629 ῥητά
587 1553 628 1631 τῇ
651 1547 779 1633 πλευρᾷ
802 1546 842 1632 τῇ
866 1540 952 1632 οόση
973 1554 993 1612 ἓ
1017 1548 1116 1634 μδμ

96 1651 351 1735 ἐκβαλλομένων
373 1652 442 1717 τάν
464 1647 632 1718 πλειόνων
655 1645 721 1718 άπὸ
743 1660 813 1718 τῶν
836 1651 1033 1719 ἐλαττόνων.

43 1773 76 1823 15
164 1760 237 1825 144.
273 1753 361 1838 Παρ’
388 1750 433 1841 ἣν
459 1753 657 1840 παράκειται
678 1779 710 1842 p.
733 1757 791 1843 58,
814 1759 872 1839 21]
901 1753 938 1823 τὸ
962 1755 1041 1843 παρ’
1068 1755 1116 1843 ἢν

94 1861 291 1949 παράκειται
314 1859 390 1929 άντὶ
412 1865 473 1931 τοῦ
496 1858 573 1949 μεθ’
597 1851 637 1947 ἧς
659 1869 853 1949 συμπληροῖ
871 1858 910 1929 τὸ
932 1867 1074 1947 χωρίον.

165 1972 237 2037 145.
270 1966 388 2056 Ῥητὸν
415 1966 482 2052 άρα
510 1967 578 2036 ἐστὶ
605 1965 644 2036 τὸ
667 1975 739 2034 ΑΛ
765 1992 796 2054 p.
819 1970 876 2054 60,
899 1970 935 2051 6]
964 1965 1023 2035 διὰ
1052 1967 1118 2038 τὸν

95 2073 321 2161 ἀντίστροφον
344 2084 405 2142 τοῦ
429 2072 528 2161 ὅρου,
557 2071 609 2140 ὅτι
630 2074 687 2141 καλ
709 2072 747 2142 τὸ
769 2072 877 2163 τοότφ
902 2071 1004 2159 ῥητὸν
1030 2075 1117 2162 σάμ-

95 2180 216 2267 μετρόν
241 2183 338 2249 ἐστιν.

38 2303 75 2354 20
458 2271 515 2335 Ad
538 2293 642 2355 prop.
665 2271 754 2336 XXI.

165 2395 237 2458 146.
270 2392 339 2457 “On
367 2388 387 2476 ἡ
416 2392 499 2477 μέση
528 2396 587 2476 μία
611 2383 698 2458 οὖσα
719 2395 789 2460 τόν
812 2389 946 2477 άλόγων
969 2395 1007 2461 έν
1031 2421 1115 2480 γεω-

96 2499 232 2584 μετρικῇ
260 2504 438 2582 θεωρεῖται
466 2492 647 2585 άναλογία,
682 2499 787 2584 δῆλον
819 2512 909 2566 ποιεῖ
936 2502 1039 2568 τοῦτο
1073 2502 1114 2571 τὸ

95 2602 270 2689 θεώρημα·
308 2602 390 2688 μέση
419 2599 482 2690 γάρ
515 2599 686 2688 άνάλογόν
719 2605 788 2672 ἐστι
819 2601 901 2672 κατὰ
932 2604 996 2692 τὴν
1028 2633 1114 2692 γεω-

94 2707 252 2797 μετρικὴν
280 2706 465 2794 ἀναλογίαν
497 2713 566 2777 τῶν
599 2709 743 2797 δυνάμει
774 2710 882 2798 μόνον
910 2711 1114 2799 συμμέτρων

41 2833 77 2885 25
96 2818 207 2903 ῥητῶν
240 2813 261 2902 ἡ
289 2817 371 2901 μέση
402 2817 508 2900 ἐστίν,
540 2823 574 2884 εῖ
597 2842 635 2902 γε
666 2815 704 2885 τὸ
732 2813 799 2884 ὑπὸ
827 2819 938 2903 ῥητόν
965 2818 1113 2906 δυνάμει

95 2923 203 3007 μόνον
227 2925 424 3009 συμμέτρων
448 2920 575 3007 άλομόν
598 2925 681 3007 ἐστι,
704 2923 760 2990 καὶ
782 2920 804 3009 ἡ
828 2925 1000 3009 δυναμένη
1024 2923 1113 2997 αὐτό

95 3033 186 3097 ἐστιν
209 3026 230 3115 ἡ
255 3029 347 3115 μέση.
398 3033 428 3096 ει’
454 3032 519 3114 γὰρ
546 3026 584 3097 τὸ
612 3026 677 3097 ὑπὸ
706 3033 773 3097 τῶν
801 3027 914 3117 άκρων
938 3038 1015 3098 ἴσον
1040 3032 1114 3101 ἐστὶ

95 3138 139 3223 τῷ
164 3131 228 3202 άπὸ
252 3137 311 3220 τῆς
335 3134 446 3221 μέσης,
471 3136 508 3200 αί
527 3146 616 3221 τρεῖς
638 3132 810 3219 άνάλογόν
834 3138 928 3203 εἰσιν.

73 3318 76 3324 .
167 3281 226 3330 143.
247 3281 277 3343 q⁰
296 3277 338 3343 (r).
413 3280 473 3330 144.
492 3293 518 3343 q.
594 3280 652 3330 146.
672 3293 697 3343 q.
774 3273 1066 3349 146.Pv0(ua'V).

135 3403 208 3477 *10.
228 3393 277 3468 ἥν]
298 3393 362 3460 ἕνός
381 3417 407 3467 q.
475 3403 516 3453 18.
533 3395 741 3522 Joitppwpw
760 3418 786 3468 q.
855 3405 898 3454 21.
918 3395 961 3471 ἐν]
982 3395 1015 3455 ἐν
1028 3406 1063 3475 τῇ
1079 3404 1112 3461 P.

127 3474 169 3522 2’3.
190 3464 262 3541 ἐστι]
283 3467 372 3526 deleo.
445 3472 489 3524 28.
507 3469 561 3542 tp]
577 3487 610 3523 το
656 3511 662 3523 .
