2362 3796
202 136 359 197 SQHOLIA
375 138 415 189 IN
432 137 708 189 ELEMENTORUM
724 138 864 189 LIBRUM
878 139 910 192 V.
1002 135 1066 201 301

52 272 104 346 τόν
135 275 242 362 ἤγουν
268 274 435 362 ὑπάλογος
462 274 614 363 άριθμοῦ
637 303 730 356 τινος
757 276 838 363 μετά
866 282 924 364 τῆς
947 279 1069 346 ἑαυτοῦ

52 381 244 469 δυνάμεως,
276 380 337 469 ἀφ’
363 374 402 469 ἧς
424 381 705 512 παρωνόμασται,
736 381 798 449 τὸν
821 380 927 451 αὑτοῦ
949 390 1069 451 πολλα-

52 489 198 557 πλάσιον
222 486 390 574 άποτελεῖ,
418 486 535 568 ὁσάκις
562 484 607 556 άν
630 492 747 577 ληφθῇ
770 487 854 574 πρὸς
876 487 914 556 τὸ
939 491 1070 557 ἐκεῖνον

53 591 264 681 άποτελέσαι,
282 593 481 675 τοσαυτάκις
494 595 742 674 πολλαπλάσιος
756 596 893 692 λέγεται.
927 588 1002 663 οἷον
1018 594 1070 661 ἐπὶ

52 697 340 788 ὑποδείγματος*
326 728 344 769 ο
369 698 433 769 δύο
455 705 516 769 τοῦ
540 705 573 771 ἶς’
600 695 937 781 ὑποοκταπλάσιος
917 698 967 769 οδν
990 698 1070 768 ὑπο·
1107 722 1123 771 5

55 810 277 887 οκταπλάσιος
303 809 432 893 λέγεται
459 806 569 893 μόνον
597 803 618 894 6
643 805 879 892 ὀκταπλάσιος,
909 804 995 875 διότι
1020 807 1072 885 δίς

55 912 138 1000 μετὰ
169 923 230 999 τῆς
262 917 386 994 οἰκείας
418 912 593 1000 δυνάμεως
626 912 928 1000 συμπαραληφθεὶς
963 910 1072 998 ἤγουν

54 1021 124 1087 τῶν
141 1023 175 1104 6,
198 1015 258 1106 ἀφ’
279 1010 319 1106 ἧς
336 1019 626 1098 ὑποοκταπλάσιος
645 1017 842 1105 ὠνομάσθη,
865 1017 926 1086 τὸν
945 1024 979 1089 ἵε
997 1016 1070 1086 άπε-

55 1125 177 1194 τέλεσε.
223 1123 383 1204 ὡσαύτως
404 1125 461 1192 καὶ
484 1122 502 1192 6
527 1130 561 1195 ἴε
591 1127 721 1211 μᾶλλον
745 1124 920 1204 διπλάσιος
942 1127 1072 1210 λέγεται

55 1234 118 1300 τοῦ
141 1221 163 1317 6
189 1226 211 1316 ἣ
235 1234 297 1299 τοῦ
318 1236 357 1317 6,
384 1230 472 1299 διότι
500 1231 553 1310 δὶς
578 1229 641 1299 τὸν
670 1229 733 1298 δάο
761 1228 842 1317 μετὰ
869 1234 928 1317 τῆς
951 1230 1072 1299 ἑαυτοῦ
1092 1253 1126 1302 10

57 1336 234 1423 δυνάμεως
257 1336 563 1425 συμπεριλαμβάνει
584 1334 692 1424 ἤγουν
714 1338 795 1423 μετὰ
817 1341 879 1405 τοῦ
900 1342 932 1423 6.

123 1445 176 1512 49.
211 1449 286 1510 -Καί
306 1445 396 1512 ἐστιν
419 1440 465 1523 άς
486 1442 524 1511 τὸ
549 1451 577 1510 Ζ
604 1441 689 1528 πρὸς
713 1441 752 1511 τὸ
777 1451 821 1528 Ε,
849 1441 955 1523 οὕτως
982 1441 1073 1511 τό”Θ

56 1547 142 1634 πρὸς
158 1547 197 1616 τὸ
214 1557 252 1638 Ζ,
272 1560 408 1636 πρῶτον
425 1548 464 1617 τὸ
478 1556 515 1616 Η
531 1550 586 1617 καί
606 1548 766 1634 δεύτερον
784 1548 822 1616 τὸ
837 1556 869 1616 Ε
885 1549 941 1616 καλ
958 1554 1072 1636 τρίτον

55 1651 95 1723 τὸ
118 1662 147 1723 Θ
170 1653 254 1743 πρὸς
276 1657 435 1740 τέταρτον
456 1653 494 1723 τὸ
520 1662 556 1722 Ζ.

443 1852 499 1916 Ad
521 1874 627 1936 prop.
650 1851 690 1917 V.
1094 1864 1127 1914 15

126 1977 179 2046 50.
210 1972 246 2043 ‘0
268 1981 311 2061 λβ
333 1972 417 2058 νηὸς
435 1973 497 2042 τὸν
516 1979 549 2045 ἴς
568 1972 768 2052 διπλάσιος.
789 1965 906 2040 ἐάν
867 1998 930 2040 ονν
949 1969 1075 2059 άφέλης

58 2081 107 2168 άφ
108 2079 300 2168 ’ἑκατέρου
322 2107 363 2148 τα
348 2077 560 2166 “”’τέταρτα
535 2105 644 2165 ηγουν
662 2076 748 2146 ὀκτὼ
768 2077 808 2164 μδ
809 2106 830 2146 ν
847 2105 909 2147 του
893 2084 980 2164 λβ,
1003 2081 1074 2146 τέσ-

59 2208 148 2273 σαρα
172 2185 210 2254 δὲ
232 2195 295 2254 τοῦ
318 2188 447 2272 δεκαέξ,
473 2183 780 2271 καταλιμπάνονται
802 2188 845 2252 κδ
867 2186 923 2252 καί
947 2177 996 2271 ιβ,
1020 2185 1073 2252 καὶ

62 2291 200 2372 σάζεται
214 2282 317 2371 αυθις
329 2289 347 2359 6
362 2295 424 2360 τοῦ
438 2295 618 2358 διπλασίου
632 2288 734 2374 λόγος
748 2316 832 2356 κατα
817 2287 887 2358 τὸ
901 2290 1075 2377 πρότερον.

129 2399 182 2464 51.
226 2399 332 2465 Τοῦτο
355 2399 444 2485 λέγει
465 2394 487 2483 6
509 2396 685 2482 πρότασις,
710 2392 772 2480 ὅτι,
796 2395 856 2463 ἐάν
879 2422 910 2463 τι
934 2399 1077 2482 μέγεθος
1094 2413 1129 2462 20

64 2502 172 2582 ἰσάκις
193 2493 215 2591 ᾖ
234 2503 487 2572 πολλαπλάσιον
505 2503 671 2590 μεγέθους
688 2500 791 2586 τινάς,
814 2502 870 2568 καί
887 2499 1076 2588 ἀφαιρεθὲν

64 2606 309 2695 ἀφαιρεθέντος
341 2608 451 2690 ἰσάκις
485 2607 749 2678 πολλαπλάσιον·
790 2609 828 2675 τὸ
866 2607 930 2694 γάρ
968 2609 1077 2689 ἰσάκις

63 2717 312 2784 πολλαπλάσιον
335 2713 398 2784 οὐκ
421 2720 468 2796 εἰς
489 2715 530 2784 τά
556 2715 619 2783 δύο
643 2715 769 2802 μεγέθη
798 2712 887 2800 μόνα
910 2729 1076 2800 φανεῖται,

63 2818 149 2888 άλλά
167 2820 223 2886 καὶ
241 2825 288 2900 εἰς
306 2819 391 2889 άλλα
409 2821 473 2889 δύο
492 2847 531 2888 τα
551 2818 780 2908 ἀφαιρεθέντα
799 2821 916 2888 ἐκτῶν
934 2820 1077 2905 πριόνων

25 2920 28 2925 ’
62 2935 231 3013 μεγεθῶν·
254 2926 294 2993 τὰ
316 2924 383 3015 γάρ
407 2927 470 2995 δύο
489 2928 616 3014 μεγέθη
635 2928 696 2994 ἕνα
714 2926 817 3013 λόγον
836 2932 960 3014 ἔχουσι,
983 2926 1020 2995 τὸ
1041 2927 1077 2996 δὲ
1096 2944 1130 2993 25

135 3145 178 3194 49.
198 3139 237 3192 Ba
256 3138 303 3208 (ad
322 3139 417 3195 coroll.
438 3139 572 3208 Theonis,
595 3159 622 3194 u.
643 3138 670 3193 II
687 3159 715 3210 p.
736 3145 769 3194 1⁷
787 3141 846 3195 not.
866 3140 947 3208 crib).
1034 3147 1077 3195 60.

62 3209 163 3280 W&
237 3209 443 3278 &Afflw

64 3340 279 3349 --—-—.-———-

138 3411 179 3460 12.
195 3407 233 3493 Ζ]
254 3407 336 3461 scrib.
357 3410 393 3461 H.
461 3411 502 3460 13.
521 3405 569 3460 καλ
583 3403 666 3460 δεντε
669 3406 731 3475 ρον]
752 3404 833 3458 scrib.
848 3421 920 3468 προς
920 3397 1078 3474 δευτερον

101 3482 143 3530 19.
163 3495 202 3532 σω
195 3473 332 3548 ’ζ,εται]δ
351 3474 530 3542 αόξεταιῗ
487 3476 530 3532 V?
