2362 3796
122 130 189 194 200
276 129 433 183 SOHOLIA
451 131 490 182 IN
508 128 782 182 ELEMENTORUM
800 130 939 182 LIBRUM
952 130 974 182 1.

121 269 234 357 βάσεις
257 269 315 350 τάς
339 267 441 350 αὐτὰς
462 269 518 337 καὶ
545 267 730 355 ποιήσομεν
757 261 899 355 άλλαιῖ,
928 260 977 338 ών
1004 295 1044 337 τα
1075 269 1143 356 μὲν

123 376 186 444 δύο
217 380 366 464 παρῆκεν
397 374 414 443 ὁ
444 372 652 463 στοιχειωτής
678 373 718 442 τὰ
749 374 801 442 ἐπὶ
828 377 896 443 τών
927 383 1145 463 παραλληλο·

123 482 296 572 γράμμων,
319 480 360 550 τά
383 481 421 550 δὲ
445 481 507 550 δύο
532 485 636 562 ἔδειξε
658 477 698 547 τά
723 481 775 548 ἐπί
798 483 866 548 τῶν
889 481 1074 569 τριγώνων.

485 678 542 744 Ad
565 700 668 763 prop.
691 677 774 742 XLI.

85 821 102 869 ε
190 804 263 870 133.
296 801 365 868 Καὶ
388 797 425 869 τὸ
450 801 509 887 μα’
531 799 694 889 θεώρημα
717 800 856 868 τοπιιών
881 802 980 867 ἐστιν.
1026 801 1147 881 δείξας

122 905 192 976 δὲὸ
209 906 418 994 στοιχειωτὴς
431 906 533 994 χωρὶς
547 906 609 992 μὲν
622 906 662 973 τά
676 904 1015 994 παραλληλόγραμμα,
1035 906 1147 994 χωρὶς

122 1013 160 1082 δὲ
187 1012 228 1081 τὰ
255 1021 403 1102 τρίγωνα
432 1014 581 1081 ἐνταῦθα
609 1018 746 1099 μίγνυσι
773 1015 841 1081 τῶν
873 1010 1049 1100 τριγώνων
1081 1011 1143 1078 καὶ

124 1121 480 1208 παραλληλογράμμων
508 1117 681 1198 συστάσεις
708 1114 773 1186 ὑπὸ
796 1116 834 1186 τὸ
858 1113 940 1186 αὐτὸ
963 1115 1051 1199 ὕψος
1073 1142 1143 1184 ιιει-

122 1225 244 1311 μένων.
280 1222 394 1311 λαβὼν
413 1222 477 1313 γὰρ
497 1222 564 1310 ἅμα
583 1220 757 1312 ἀμφότερα
776 1232 914 1312 μίγνυσι
931 1225 987 1292 καὶ
1003 1233 1146 1312 θεωρεῖ,

70 1350 103 1398 10
124 1327 213 1409 ὅπως
236 1335 349 1417 ἔχουσι
367 1354 450 1418 προς
469 1328 604 1418 άλληλα.
637 1329 721 1399 ἀλλὰ
740 1332 841 1419 χωρὶς
859 1331 921 1419 μὲν
940 1329 1051 1400 ὄντων
1067 1341 1143 1400 τών

123 1435 478 1523 παραλληλογράμμων
509 1436 564 1503 καὶ
598 1437 698 1524 χωρὶς
729 1441 798 1505 τών
829 1436 1004 1525 τριγώνων
1033 1435 1052 1506 ὁ
1079 1440 1144 1523 τῆς

124 1540 275 1629 ἰσότητος
297 1538 497 1630 ἀνεφαίνετο
521 1544 632 1629 λόγος·
669 1542 865 1632 πάνταγὰρ
895 1553 951 1612 ίσα
979 1541 1147 1632 ἀλλήλοις

123 1646 162 1716 τὰ
191 1649 243 1716 ἐπὶ
270 1652 339 1717 τών
366 1646 478 1717 αὐτῶν
505 1649 639 1735 βάσεων
667 1649 723 1716 καί
751 1650 788 1717 ἐν
815 1663 888 1728 ταῖς
915 1645 1032 1729 αὐταῖς
1054 1647 1145 1719 ὄντα

123 1754 348 1844 παραλλήλοις
371 1763 435 1823 είτε
457 1761 604 1843 τρίγωνα
628 1763 691 1823 είτε
714 1755 1051 1844 παραλληλόγραμμα.
1089 1757 1147 1824 ἐν·

72 1879 104 1928 15
123 1865 235 1929 ταῦθα
268 1861 306 1929 δὲ
337 1859 356 1929 ὁ
388 1863 520 1948 πρώτος
547 1859 670 1948 τρόπος
701 1861 769 1929 ἐστὶ
797 1864 865 1929 τῶν
893 1861 1021 1929 ἀνίσων
1046 1858 1066 1928 ὁ
1094 1865 1143 1929 δι-

124 1966 276 2047 πλάσιος·
319 1965 357 2034 τὸ
392 1964 456 2053 γὰρ
489 1965 838 2054 παραλληλόγραμμον
870 1970 932 2035 τοῦ
967 1966 1146 2055 τριγώνου

125 2072 304 2140 διπλάσιον
332 2071 550 2140 άποδείιινυσι
576 2077 636 2159 τῆς
664 2070 767 2159 αὐτῆς
795 2073 898 2159 οὔσης
924 2071 1055 2159 βάσεως
1085 2074 1143 2142 καί

124 2175 235 2258 ὕψους
261 2181 322 2245 τοῦ
351 2176 465 2245 αὐτοῦ.
511 2179 638 2263 ίστίον,
666 2175 718 2246 ὅτι
746 2177 808 2247 δύο
836 2179 995 2248 πτώσεων
1023 2176 1145 2250 οὐσών

126 2285 162 2351 ἐν
181 2286 226 2374 τῷ
245 2281 450 2370 θεωρήματι,
470 2277 544 2351 οἷον
559 2288 617 2371 της
632 2281 734 2370 αὐτῆς
746 2283 876 2371 βάσεως
891 2285 994 2373 οὔσης
1008 2282 1146 2374 ἀμφοῖν

71 2408 106 2456 20
125 2393 170 2481 τῷ
194 2415 229 2457 τε
251 2389 584 2480 παραλληλογράμμῳ
608 2389 664 2457 καὶ
686 2394 732 2480 τῷ
754 2390 907 2483 τριγώνῳ
926 2387 1057 2478 ἀνάγκη
1078 2391 1146 2480 τήν

124 2492 280 2582 κορυφήν
309 2499 396 2581 ἔχειν
424 2492 461 2562 τὸ
490 2500 655 2583 τρίγωνον
684 2491 704 2583 ή
729 2494 824 2576 ἐντὸς
845 2501 908 2564 τοῦ
929 2504 1144 2586 παραλληλο·

123 2599 279 2689 γράμμου
311 2596 332 2687 ή
365 2599 472 2686 ἐκτός,
511 2597 528 2667 ὁ
567 2599 777 2688 στοιχειωτὴς
807 2606 847 2691 τῇ
884 2601 979 2693 ἑτέρη
1015 2603 1144 2673 πτώσει

124 2705 299 2795 ἐχρήσατο
321 2706 383 2793 τήν
402 2704 467 2793 γάρ
486 2709 548 2773 τοῦ
570 2706 738 2794 τριγώνου
760 2706 915 2796 κορυφήν
940 2708 1033 2790 ἐκτὸς
1056 2706 1142 2779 ὑπο-

123 2815 269 2900 θέμενος
282 2815 343 2880 τοῦ
361 2811 711 2899 παραλληλογράμμου
728 2810 766 2880 τὸ
785 2820 1006 2902 προκείμενον
1025 2820 1144 2900 ἔδειξε.

72 2942 107 2991 25
127 2918 190 2987 δύο
215 2918 252 2986 δὲ
275 2914 389 2986 οὐσών
412 2917 636 3005 παραλλήλων
659 2916 805 2987 εὐθειῶν
828 2917 956 3009 ἀνάγκη
984 2920 1047 3009 τὴν
1076 2923 1140 3011 μὲν

127 3031 260 3111 μείζονα
284 3021 386 3110 εἶναι,
414 3021 476 3110 τήν
500 3021 537 3090 δὲ
561 3023 736 3111 ἐλάττονα,
764 3028 821 3093 ἵνα
849 3029 1143 3116 ἐπιζευγνυμένων

126 3136 264 3215 συσταίη
297 3130 351 3197 καὶ
383 3135 566 3217 τρίγωνον,
600 3131 667 3198 ἐπεὶ
702 3138 785 3199 ίσων
814 3130 927 3202 οὐσῶν
954 3143 1024 3202 τών
1057 3159 1143 3220 παρ·

124 3259 337 3269 .-—..—.—

197 3313 255 3361 133.
275 3307 348 3377 τις
370 3307 389 3376 ).

124 3416 337 3425 ——-—---—--

96 3454 123 3594 Ι
184 3470 228 3520 18,
252 3463 323 3538 δύο]
342 3487 373 3522 -o
391 3465 422 3522 in
440 3483 495 3525 ras,
515 3465 551 3526 V.
