2362 3796
233 147 393 201 εοΗοιιε
410 149 448 200 m
466 148 741 201 ωιωωνκνονοιι
759 148 934 202 mmm
1023 144 1088 209 103

73 299 156 369 ἐσας.
185 285 288 369 αὐτὸς
307 288 345 356 δέ
364 291 416 356 ἐπὶ
437 290 498 356 τοῦ
517 290 739 375 ῥομβοειδοῦς
753 287 859 374 μόνον
873 291 973 356 τοῦτο
987 307 1088 373 προσ-

74 399 209 482 έδηκεν,
232 392 358 480 ἵναμὴ
382 392 439 462 διά
464 397 573 474 ψιλόν
596 391 678 461 αὐτὸ
703 393 897 482 παραστήσῃ
920 397 988 462 τῶν
1007 393 1089 463 άπο-

72 501 213 590 φάσεων
237 498 315 569 οὔτε
338 500 541 589 ἰσόπλευρον
560 498 637 568 οὕτε
656 496 873 585 ὀρθογώνιον
891 500 1004 568 εἰπάν.
1034 498 1087 586 ἐφ’

74 601 124 678 ὧν
148 609 213 694 γὰρ
237 605 434 689 ίδιαζόντων
453 603 646 692 ἀποροῦμεν
664 603 789 690 λόγων,
812 603 1004 691 χρήσασθαι
1021 618 1092 685 τοῖς

73 727 204 792 κοινοῖς
227 709 425 797 ἀναγκαῖον·
458 712 511 779 ὅτι
534 710 572 778 δέ
594 710 733 778 πάντων
756 709 826 777 ἐστὶ
849 714 948 779 τοῦτο
971 709 1091 779 κοινὸν
1127 732 1144 780 ο

73 825 144 889 τῶν
157 816 523 906 παραλληλογράμμων,
538 814 645 886 αὐτοῦ
659 817 856 897 δεικνύντος
865 814 1092 904 ἀκουσόμεθα.

74 933 187 996 ἔοικεν
215 925 253 993 δέ
282 925 338 993 καὶ
365 921 383 994 ὁ
412 924 538 1013 ῥόμβος
565 923 733 993 σαλενθὲν
761 921 849 992 εἶναι
880 922 1094 1011 τετράγωνον

74 1033 132 1101 καὶ
153 1030 193 1101 τό
215 1030 412 1120 βομβοειδές
433 1031 653 1116 κεκινημένον
680 1029 887 1117 ἑτερόμηκες·
925 1026 980 1098 διὸ
1009 1028 1092 1096 κατὰ

73 1137 134 1221 τάς
155 1137 301 1226 πλευράς
324 1135 367 1206 ού
391 1138 564 1223 διέστηκεν
582 1140 685 1205 ταῦτα
704 1138 851 1219 ἐκείνων,
876 1134 959 1204 κατὰ
978 1133 1017 1204 δέ
1035 1132 1093 1215 τὰς

70 1251 140 1316 τῶν
163 1249 300 1330 γωνιῶν
322 1241 534 1330 άμβλύτητας
559 1244 615 1311 καὶ
642 1242 802 1329 ὀξύτητας
828 1245 966 1313 ἐκείνων
990 1240 1092 1329 όρθο·
1112 1261 1146 1309 10

71 1358 207 1440 γωνίων
232 1349 352 1419 όντων.
399 1347 458 1416 ἐὰν
481 1347 546 1435 γὰρ
569 1348 695 1438 νοησης
715 1349 752 1418 τὸ
775 1349 988 1439 τετράγωνον
1012 1345 1033 1435 ἢ
1053 1346 1090 1417 τὸ

72 1458 267 1545 ἑτερόμηκες
288 1452 374 1522 κατά
397 1453 456 1532 τὰς
478 1451 680 1533 άπεναντίας
708 1461 834 1541 γωνίας
863 1456 1092 1542 διελκόμενον,

77 1561 228 1649 εὑρήσεις
242 1560 365 1638 ταύτας
384 1557 444 1645 μέν
464 1561 695 1645 συναγομένας
713 1561 768 1626 καὶ
783 1559 891 1640 ὀξείας
905 1560 1093 1646 γινομένας,

77 1668 136 1745 τὰς
154 1667 192 1733 δὲ
206 1663 325 1744 λοιπάς
339 1665 552 1750 διισταμένας
568 1665 624 1730 καὶ
639 1664 797 1748 ἀμβλείας
812 1662 1093 1751 άναφαινομένας.

76 1771 136 1840 καὶ
163 1776 271 1838 ἐοικεν
299 1766 420 1837 καὶτὸ
449 1766 558 1854 όνομα
583 1773 629 1860 τῷ
654 1770 768 1858 ῥόμβςο
790 1777 924 1835 κεῖσθαι
948 1766 1014 1836 άπὸ
1037 1773 1095 1855 τῆς
1116 1790 1148 1838 ιο

79 1877 256 1966 κινήσεως·
280 1875 336 1941 καὶ
355 1871 418 1961 γάρ
440 1872 480 1942 τὸ
499 1873 711 1962 τετράγωνον
729 1878 760 1942 εί
777 1872 933 1959 νούσειας
952 1875 1095 1961 ῥομβού-

74 2013 194 2075 μενον,
218 1986 378 2068 φανεῖταί
393 2001 446 2050 σοι
465 1979 549 2050 κατὰ
572 1978 630 2060 τὰς
648 1985 773 2066 γωνίας
791 1980 1095 2068 παρενηνεγμένον,

78 2091 192 2175 ὥσπερ
212 2087 255 2175 δὴ
274 2089 330 2156 καὶ
350 2086 367 2156 ὁ
384 2087 508 2168 κύκλος
526 2087 759 2176 ῥομβούμενος
772 2075 917 2168 ἔλλειψις
930 2092 1094 2174 φαίνεται.

82 2196 159 2280 περὶ
183 2194 221 2262 δέ
244 2192 348 2263 αὐτοῦ
370 2199 432 2263 τοῦ
453 2194 666 2280 τετραγιόνον
695 2194 865 2281 ζητήσειας
891 2192 951 2279 άν,
980 2190 1036 2262 διὰ
1062 2202 1097 2263 τί

77 2301 204 2387 ταύτην
228 2305 322 2388 ἐσχεν
340 2299 401 2388 τὴν
419 2307 660 2388 προσηγορίαν,
684 2301 740 2368 καὶ
759 2298 821 2388 οὐχ
840 2299 950 2389 ὥσπερ
968 2299 1006 2369 τὸ
1025 2308 1090 2389 τρί-
1111 2322 1147 2370 20

80 2434 194 2494 γωνον
215 2409 335 2475 κοινόν
357 2409 426 2476 ἐστι
447 2409 529 2474 πάσι
551 2407 608 2473 καὶ
630 2419 702 2485 τοῖς
723 2404 769 2493 μὴ
794 2411 985 2494 ίσογωνίοις
1009 2406 1093 2493 μηδὲ

78 2513 292 2602 ἐσοπλεόροις
313 2510 426 2582 καὶτὸ
446 2512 663 2599 πεντάγωνον
682 2509 851 2598 ὡσαύτως,
875 2515 962 2583 οὕτω
982 2500 1093 2582 καὶτὸ

77 2618 289 2706 τετράγωνον
321 2621 480 2706 λέγεσθαι
514 2620 655 2688 δύναται
685 2620 740 2687 καὶ
773 2618 855 2687 κατὰ
882 2625 951 2688 τῶν
981 2621 1095 2687 άλλων

76 2726 339 2813 τετραπλεύρων.
385 2723 487 2805 αὐτὸς
508 2736 594 2811 γοῦν
624 2723 642 2792 ὁ
665 2726 852 2812 γεωμέτρης
880 2727 930 2794 ἐπ’
958 2727 1096 2791 ἐκείνων

75 2837 281 2920 προστίθησι
311 2836 479 2920 τρηωνον
512 2826 763 2917 ἐσόπλευρον’
749 2858 770 2915 η
802 2831 1037 2914 πεντάγωνον,
1075 2829 1148 2900 325

81 2940 206 3006 ἐστινί
192 2937 394 3024 ἰσόπλευρον
412 2935 497 3004 uait
499 2935 678 3021 σογύνιον,
697 2933 952 3020 δςδνναμένων
967 2931 1096 3001 τούτων

72 3020 149 3114 καὶ
167 3071 211 3131 μη
244 3043 407 3112 τοιούτων
440 3039 535 3110 εἶναι.
601 3045 638 3108 τὸ
676 3041 714 3108 δέ
745 3039 955 3127 τετράγωνον
989 3039 1096 3125 ρηδέν

150 3280 175 3327 2.
194 3266 397 3341 παραστήσηισ.
471 3275 495 3324 5.
517 3263 617 3341 ότι]”
601 3288 657 3323 οτε.
731 3273 756 3322 8.
776 3265 980 3351 κεκινημένον]
1001 3265 1096 3340 ἐκείνη

75 3335 932 3427 115onofr.Proolusp.171‚18.11.voricmc‚vo-in
950 3357 1003 3394 εοε.
1018 3359 1055 3396 m.
1071 3348 1095 3396 1.

118 3381 583 3479 13.ταντα.14.δησταμένοις.
641 3415 683 3462 18
704 3380 834 3474 ἐλλίψεις.
889 3414 931 3465 27.
950 3407 1097 3523 τοιούτων]

76 3481 249 3540 mtov'vvmv.
