2332 3818
100 124 166 190 '132
352 126 536 180 APPENDIX
553 124 791 178 scnomonuu
808 125 856 178 IV.

86 271 145 358 ,τῷ
169 270 213 334 αδ
235 266 400 354 μονάδας·
422 267 595 336 ὑπόκειται
616 264 691 352 γάρ.
736 271 810 342 ίσος
831 262 899 350 ἄρα
921 262 1014 332 ἐστὶν
1035 260 1096 347 ὁζη

98 383 144 465 τῷ
167 395 221 441 κν·
259 377 295 443 οί
319 374 384 462 γὰρ
410 377 472 443 τοῦ
501 370 607 442 αὐτοῦ
635 369 745 450 ἰσάκις
770 369 1018 438 πολλαπλάσιοι
1044 376 1101 436 ἴσοι
1154 352 1156 375 ¹

99 477 258 567 ἀλλήλοις
276 485 371 549 είσίν.
404 485 474 548 ἔστι
493 479 530 547 δέ
547 479 604 546 καλ
622 475 641 547 6
660 486 709 564 ηδ
726 480 773 567 τῷ
790 477 831 557 νξ
849 484 936 558 ἴσος·
960 478 1103 563 ἑκάτερος

99 584 165 673 γὰρ
196 583 369 656 ὑπόκειται
400 584 466 654 ἀπὸ
498 589 561 654 τοῦ
592 588 635 672 γδ
666 581 883 670 τετράγωνος.
939 580 1017 664 ὅλος
1047 581 1104 669 ἄρα

64 691 181 773 οδκξ
209 690 278 783 ὅλῳ
299 696 347 783 τῷ
370 698 412 774 ζθ
439 699 512 771 ἴσος
538 692 639 759 ἐστίν.
683 694 754 757 ἔστι
781 687 820 756 δὲ
841 688 898 756 καὶ
919 692 967 780 τῳ
991 715 1006 756 ε
1034 685 1107 767 ὁκξ

101 805 182 877 ἴσος.
231 799 288 866 καὶ
320 796 339 867 6
368 804 409 880 ζθ
441 796 506 885 ἄρα
532 800 580 889 τῷ
607 823 624 864 ε
656 803 729 876 ἶσος
758 797 837 864 ἐστί.
886 800 947 862 καί
972 796 1062 863 ἐστιν
1091 790 1107 860 6

100 903 163 990 μὲν
181 911 223 986 ζθ
242 902 261 973 6
281 907 317 973 ἐκ
333 908 403 973 τών
421 908 476 989 αδ,
491 907 534 990 δβ
557 904 712 982 ἐπίπεδος
730 899 811 988 μετὰ
828 912 891 970 τοῦ
910 898 977 970 ἀπὸ
995 905 1057 969 τοῦ
1071 903 1109 984 δγ

99 1009 325 1098 τετραγώνου,
348 1007 366 1078 6
391 1010 463 1079 δδε
487 1007 505 1078 6
528 1007 593 1077 ἀπὸ
611 1011 673 1077 τοῦ
691 1013 734 1094 γβ
756 1009 975 1096 τετράγωνος.
1012 1004 1110 1093 ὁίίρα
1154 1066 1156 1071 .

101 1118 229 1184 ἐκτῶν
252 1120 306 1200 αδ,
326 1119 369 1202 δβ
394 1118 550 1194 ἐπίπεδος
572 1114 653 1201 μετὰ
675 1116 738 1182 τοῦ
761 1111 912 1182 ἀπὸτοῦ
935 1117 979 1199 δγ
1005 1138 1111 1202 τετρα·

49 1245 83 1296 10
101 1220 216 1307 γώνου
239 1229 311 1301 ίσος
334 1221 403 1289 έστλ
425 1224 472 1314 τῷ
495 1218 562 1289 ἀπὸ
583 1223 645 1288 τοτ’
670 1224 713 1305 γβ
735 1217 942 1308 τετραγώνῳ.

169 1325 230 1396 ἐὰν
253 1325 319 1412 ἄρα
342 1325 457 1413 ἄρτιος
477 1324 625 1413 ἀριθμὸς
653 1328 811 1414 διαιρεθῇ
837 1330 931 1413 δίχα,
961 1328 1113 1414 διαιρεθῇ

103 1433 141 1501 δέ
163 1433 220 1501 καὶ
242 1436 291 1512 είς
313 1431 452 1512 ἀνίσους
474 1430 654 1520 ἀριθμούς,
677 1429 695 1499 6
716 1433 752 1500 ἐκ
768 1435 838 1501 τών
856 1429 989 1501 ἀνίσων
1006 1435 1114 1520 μερῶν

103 1541 259 1619 ἐπίπεδος
286 1537 366 1625 μετὰ
394 1543 455 1607 τοῦ
478 1535 544 1607 ἀπὸ
572 1542 635 1607 τοῦ
657 1536 779 1624 μεταξὺ
805 1539 1021 1625 τετραγώνου
1045 1547 1117 1617 ίσος

104 1645 173 1714 ἐστὶ
195 1649 242 1731 τῷ
261 1642 326 1713 ἀπὸ
345 1649 408 1714 τοῦ
426 1643 563 1733 ἡμίσεος
580 1645 790 1736 τετραγώνῳ·
814 1641 897 1731 ὅπερ
916 1649 987 1713 ἔδει
1005 1645 1117 1726 δείξαι.

52 1847 84 1895 15
590 1819 631 1894 ς’.

169 1944 248 2016 Ἐὰν
272 1946 386 2036 ἄρτιος
407 1944 554 2033 ἀριθμὸς
581 1949 739 2035 διαιρεθῇ
767 1949 859 2032 δίχα,
887 1955 1062 2035 προστεθῇ
1085 1945 1121 2012 δέ

104 2080 155 2133 τις
178 2051 279 2146 αὐτῷ,
303 2052 321 2121 ὁ
346 2055 381 2121 ἐκ
403 2056 464 2121 τοῦ
484 2051 568 2121 ὅλου
585 2052 651 2122 σὺν
670 2057 715 2144 τῷ
734 2053 963 2143 προσκειμένῳ
983 2053 1118 2120 καὶτοῦ

105 2161 350 2247 προσκειμένου
364 2162 517 2240 ἐπίπεδος
536 2156 616 2246 μετὰ
630 2162 692 2227 τοῦ
706 2156 771 2226 ἀπὸ
785 2161 846 2225 τοῦ
859 2154 998 2244 ἡμίσεος
1011 2183 1117 2245 τετρα-

106 2264 221 2350 γώνου
248 2275 320 2345 ἴσος
348 2266 417 2333 ἐστὶ
443 2270 489 2356 τῷ
518 2263 585 2334 ἀπὸ
611 2268 672 2334 τοῦ
695 2265 916 2350 συγκειμένου
943 2268 979 2332 ἔκ
1000 2291 1038 2333 τε
1060 2271 1118 2333 τοῦ

53 2396 87 2444 20
106 2369 242 2457 ἡμίσεος
263 2370 320 2437 καὶ
343 2375 406 2438 τοῦ
427 2373 672 2459 προσκειμένου
694 2368 901 2461 τετραγώνῳ.

173 2474 287 2564 ίίρτιος
309 2474 373 2563 γὰρ
397 2474 544 2565 ἀριθμὸς
567 2475 585 2545 ὁ
605 2482 648 2562 αβ
672 2474 849 2565 διῃρήσθω
873 2481 952 2564 δίχα
976 2482 1025 2557 είς
1043 2475 1119 2555 τούς

106 2608 164 2668 αγ,
183 2587 227 2668 γβ
256 2580 439 2671 ἀριθμούς,
470 2583 527 2650 καὶ
558 2587 771 2671 προσκείσθω
804 2581 894 2675 αὐτῷ
928 2583 1042 2672 ἕτερός
1072 2608 1120 2660 τις

106 2687 253 2777 ἀριθμὸς
276 2687 366 2775 ὁβδ.
411 2692 512 2776 λέγω,
541 2687 593 2758 ὅτι
622 2686 640 2757 6
665 2691 702 2757 ἐκ
723 2693 792 2758 τών
816 2693 874 2775 αδ,
894 2692 937 2775 δβ
966 2692 1120 2767 ἐπίπεδος

106 2796 188 2884 μετὰ
215 2801 277 2865 τοῦ
301 2794 365 2864 ἀπὸ
393 2800 454 2865 τοῦ
477 2801 519 2882 γβ
546 2793 760 2883 τετραγώνου
788 2803 861 2873 ίσος
888 2795 957 2863 ἐστὶ
985 2800 1031 2887 τῳ
1056 2792 1121 2863 ἀπὸ

52 2927 88 2978 25
105 2907 168 2972 τοῦ
190 2907 234 2991 γδ
255 2900 460 2994 τετραγώνῳ.

175 3014 258 3077 ἔστω
281 3007 346 3094 γὰρ
370 3005 436 3076 ἀπὸ
460 3006 523 3094 μὲν
544 3011 606 3075 τοῦ
628 3010 672 3091 γδ
694 3004 902 3094 τετράγωνος
925 3002 943 3072 6
968 3001 1062 3092 ε,’έκ
1085 3005 1121 3074 δὲ

105 3120 175 3183 τών
199 3119 253 3200 αδ,
271 3119 314 3200 δβ
338 3116 491 3193 ἐπίπεδος
509 3109 527 3180 6
544 3118 592 3199 ζη,
615 3110 680 3180 ἀπὸ
705 3110 742 3180 δέ
764 3115 827 3179 τοῦ
845 3116 887 3197 γβ
911 3112 1123 3198 τετράγωνος

107 3218 125 3288 ὁ
155 3231 212 3308 ηθ.
264 3221 320 3288 καλ
348 3221 417 3288 ἐπεὶ
450 3217 467 3287 ὁ
497 3216 562 3286 ἀπὸ
590 3221 652 3287 τοῦ
675 3222 718 3303 γδ
751 3225 824 3298 ίσος
851 3217 920 3285 ἐστὶ
950 3231 1024 3297 τοῖς
1057 3217 1120 3286 ἀπὸ

100 3336 174 3406 τών
194 3334 252 3424 δβ,
267 3333 309 3423 βγ
335 3323 415 3422 μετὰ
433 3335 494 3397 τοῦ
513 3324 567 3406 δὶς
584 3327 619 3394 ἐκ
637 3328 706 3392 τών
725 3328 778 3409 δβ,
792 3328 847 3410 βγ,
871 3327 954 3391 ἔστω
972 3321 1042 3393 ἀπὸ
1062 3325 1123 3412 μέν

95 3450 332 3466 -.--

143 3578 149 3586 ἣ
176 3495 226 3548 20.
250 3482 394 3562 ἡμήσεος.
