2362 3796
201 162 357 216 scflomA
374 163 413 214 IN
431 161 706 214 ELEMENTORUM
723 165 863 216 LIBRUM
875 167 922 217 1x.
1005 162 1068 227 411

58 303 118 373 τὸν
142 306 273 372 ἐκείνου
297 302 488 388 διπλάσιον,
510 303 566 371 καὶ
589 301 641 371 ἀεὶ
664 307 776 389 τοῦτο,
799 305 855 373 καὶ
875 333 892 373 ο
912 303 1071 393 περισσὸς

57 410 118 480 τὸν
132 420 165 478 Α
183 408 348 497 μετρήσει.
382 407 433 477 ὅτι
453 410 491 478 δέ
508 410 564 478 καὶ
582 410 665 478 κατὰ
685 408 814 499 ἄρτιον,
839 415 957 499 δῆλον·
983 410 1070 480 οὕτω

61 518 126 607 γὰρ
156 515 344 586 ἀποτελέσει
370 512 431 586 τὸν
459 526 492 585 Α
520 515 636 605 ἄρτιον
665 515 747 585 ὄντα
775 516 831 586 διὰ
862 517 900 586 τὸ
929 517 984 604 κη’
1011 523 1072 586 τοῦ

60 623 173 694 αὐτοῦ.
211 628 242 693 εἰ
263 621 308 713 μὴ
331 620 395 711 γὰρ
418 620 501 693 κατὰ
525 621 653 711 ἄρτιον,
676 622 830 713 μετρήσει
848 627 970 693 τοῦτον
989 623 1071 692 κατὰ

59 730 234 820 περισσόν·
271 730 331 800 έὰν
360 731 397 799 δέ
423 728 580 820 περισσὸς
610 728 756 819 ἀριθμὸς
779 729 928 819 ἀριθμὸν
952 738 1071 799 πολλα·
1109 756 1125 805 5

58 838 245 920 τιλιισιάσας
258 841 338 928 ποιῇ
353 864 440 926 τινα,
460 835 478 906 δ
496 835 676 924 γενόμενος
689 836 845 926 περισσὸς
860 843 959 907 ἔσται.
988 838 1071 906 ὥστε

57 942 75 1013 ὁ
103 954 134 1012 A
157 950 248 1013 ἔσται
270 944 326 1012 καὶ
348 941 506 1032 περισσὸς
528 942 583 1010 καὶ
608 940 728 1030 ἄρτιος.

123 1056 175 1121 41.
213 1048 477 1137 Καταντήσομεν
492 1053 539 1129 εἰς
553 1046 663 1116 δυάδα
682 1051 874 1137 p.404‚1⁴5]
895 1054 942 1129 εἰς
961 1047 1071 1117 δυάδα

57 1163 192 1249 πρῶτον
210 1158 266 1226 καὶ
286 1154 392 1237 οὕτως
411 1161 458 1237 εἰς
472 1154 615 1244 μονάδα,
631 1152 717 1224 ἀλλὰ
733 1157 796 1245 πρὸ
811 1159 869 1243 τῆς
884 1155 1009 1238 δυάδος
1025 1161 1071 1237 εἰς

54 1267 204 1353 τετράδα.

394 1391 450 1456 Ad
473 1412 579 1474 prop.
602 1387 737 1455 xxxv,
808 1347 813 1352 ⁴
1091 1412 1124 1461 10

123 1520 175 1583 42.
215 1514 265 1583 Οὐ
289 1515 388 1602 λέγει,
415 1512 478 1599 ὅτι,
502 1510 543 1580 ὃν
566 1511 670 1599 λόγον
695 1509 713 1580 ὁ
738 1519 800 1579 ΕΖ
823 1509 905 1599 πρὸς
928 1509 987 1579 τὸν
1007 1519 1071 1579 ΛΖ

60 1619 127 1710 εἶχε
153 1621 208 1689 καὶ
237 1625 285 1688 ἔτι
314 1619 332 1689 δ
361 1628 427 1689 ΛΖ
458 1618 542 1709 πρὸς
571 1619 631 1688 τὸν
661 1625 728 1686 ΖΚ
757 1618 812 1686 καὶ
843 1616 861 1687 δ
890 1625 958 1687 ΖΚ
988 1615 1072 1704 πρὸς

59 1726 118 1797 τὸν
138 1735 210 1813 ΖΘ,
233 1728 289 1795 καὶ
313 1726 458 1795 διελόντι
481 1726 542 1795 τὸν
566 1724 671 1794 αὐτὸν
690 1725 794 1812 λόγον
813 1726 946 1807 ἕξουσιν
966 1721 983 1792 ὁ
1004 1731 1071 1792 ΕΛ

61 1833 144 1921 πρὸς
170 1831 230 1902 τὸν
252 1839 318 1900 ΛΖ
349 1835 405 1900 καὶ
434 1830 452 1902 ὁ
480 1840 551 1901 ΛΚ
580 1831 664 1921 πρὸς
690 1831 752 1901 τὸν
780 1838 845 1899 ΚΖ
877 1833 933 1899 καὶ
962 1829 979 1899 ὁ
1005 1837 1070 1900 ΚΘ

58 1939 143 2029 πρὸς
164 1938 224 2008 τὸν
249 1947 324 2007 ΖΘ·
360 1951 460 2007 τοῦτο
488 1939 551 2029 γὰρ
579 1938 704 2022 ψεῦδός
733 1942 831 2008 ἐστιν.
879 1936 896 2007 ὃ
920 1937 1069 2025 μὲνγὰρ
1093 1963 1123 2010 15

58 2051 119 2117 τοῦ
141 2055 204 2115 ΕΖ
233 2045 318 2131 πρὸς
339 2044 401 2114 τὸν
423 2052 488 2113 ΛΖ
517 2046 618 2131 λόγος
646 2043 768 2133 ὁμοίως
795 2045 851 2113 καὶ
881 2042 898 2113 ὁ
922 2047 983 2113 τοῦ
1006 2051 1070 2111 ΛΖ

56 2155 140 2240 πρὸς
153 2151 214 2222 τὸν
228 2160 263 2220 Κ
270 2159 298 2219 Θ
320 2152 375 2220 καὶ
392 2149 409 2220 ὁ
423 2155 486 2220 τοῦ
499 2159 534 2219 Κ
538 2160 566 2219 Θ
588 2149 671 2241 πρὸς
684 2150 744 2221 τὸν
759 2159 820 2219 ΘΖ
838 2152 1071 2240 τριπλασίονές

58 2265 159 2345 εἰσιν,
190 2262 252 2327 τοῦ
281 2259 318 2327 δέ
341 2266 406 2326 ΕΛ
433 2256 517 2345 πρὸς
543 2255 604 2327 τὸν
627 2264 692 2326 ΛΖ
719 2258 775 2326 καὶ
801 2262 862 2326 τοῦ
891 2264 963 2325 ΛΚ
988 2254 1071 2345 πρὸς

56 2364 118 2433 τὸν
137 2372 204 2432 ΚΖ
227 2365 282 2433 καὶ
304 2369 366 2433 τοῦ
384 2371 449 2432 ΚΖ
472 2363 555 2452 πρὸς
576 2362 638 2433 τὸν
661 2372 723 2432 ΘΖ
747 2369 969 2450 διπλασίονες,
994 2361 1067 2432 ἀλλ’

59 2469 120 2558 οὐχ
144 2469 189 2552 ὡς
211 2474 333 2541 έκεῖνοι
355 2470 550 2559 τριπλάσιοί
569 2474 664 2539 εἰσιν.
705 2468 779 2538 ἀλλ’
802 2467 820 2538 ὃ
844 2471 943 2556 λέγει,
967 2472 1069 2556 έστέν,
1089 2493 1123 2542 20

58 2575 125 2662 ὅτι,
153 2577 263 2666 ὥσπερ
287 2577 337 2647 ἐπ’
364 2576 502 2648 ἐκείνων
524 2575 606 2646 κατὰ
630 2574 667 2645 τὸ
692 2578 766 2663 έξῆς
789 2574 959 2663 ἀνάλογον
983 2569 1070 2662 ἦσαν

58 2681 199 2772 ἀριθμοὶ
221 2682 405 2772 ἡγούμενοι
427 2684 482 2752 καὶ
506 2682 678 2771 ἑπόμενοι,
708 2683 763 2750 καὶ
788 2709 832 2763 ως
855 2680 942 2769 εἶχεν
966 2681 984 2751 ὁ
1007 2690 1069 2751 ΕΖ

58 2788 141 2874 πρὸς
163 2789 223 2858 τὸν
238 2797 312 2876 ΖΛ,
336 2788 443 2870 οὕτως
464 2790 520 2858 ιιοιὶ
540 2793 575 2858 οέ
591 2789 703 2858 λοιποὶ
721 2786 806 2877 πρὸς
824 2815 903 2869 τονς
921 2788 1069 2875 λοιπούς,

60 2895 165 2976 οὕτως
183 2892 247 2964 κᾶν
268 2897 388 2985 διέλῃς,
411 2896 595 2982 γενήσεται,
614 2896 670 2964 καὶ
690 2893 807 2989 ὁποῖον
827 2891 870 2964 ἂν
889 2900 946 2985 ἔχῃ
966 2895 1069 2981 λόγον

58 3000 75 3070 ὁ
101 3011 166 3071 ΕΛ
194 3001 277 3092 πρὸς
299 3001 358 3071 τὸν
381 3009 463 3088 ΛΖ,
495 3001 555 3070 τὸν
588 2998 692 3071 αὐτὸν
725 3003 835 3084 ἕξουσι
867 3002 922 3070 καὶ
953 2999 971 3070 δ
999 3008 1072 3069 ΛΚ
1089 3024 1122 3072 25

56 3108 139 3193 πρὸς
161 3109 221 3177 τὸν
244 3116 312 3176 ΖΚ
333 3108 388 3177 καὶ
412 3106 430 3177 ὁ
454 3116 519 3176 ΚΘ
542 3106 625 3197 πρὸς
646 3109 708 3178 τὸν
732 3116 803 3178 ΘΖ.

128 3330 170 3379 41.
191 3322 305 3392 q(P²l).
377 3328 421 3378 42.
440 3322 505 3391 V⁸q
521 3322 606 3393 (P²l);
627 3323 662 3377 ad
681 3322 708 3376 11
726 3340 753 3392 p.
772 3327 833 3392 406,
854 3325 886 3375 18
898 3337 939 3389 sq.

126 3528 151 3576 3,
170 3515 346 3591 ἆτοτελέσει]
367 3537 405 3575 -ει
424 3537 439 3578 e
459 3535 531 3577 corr.
547 3517 586 3578 V.
