2362 3796
93 147 158 213 378
231 149 388 202 scflom
405 149 445 200 IN
462 147 736 211 ELEMIINTORUM
753 147 892 199 LIBRUM
905 147 965 202 VII

158 292 210 356 43.
250 285 296 355 Ἡ
317 292 379 356 τοῦ
407 290 454 356 ιδ’
480 287 698 376 θεωρήματος
726 289 825 368 δεῖξις
857 284 913 355 διὰ
944 290 1007 356 τοῦ
1039 285 1106 375 πρὸ

93 392 198 463 αὐτοῦ
222 397 321 463 ἐστιν.
366 392 449 484 κατά
471 393 509 463 τὸ
532 393 587 479 νβ’
610 398 676 462 τοῦ
696 393 735 462 ε’.

266 680 270 687 Ι
461 590 518 656 Ad
541 612 643 675 prop.
666 590 737 656 XV.

54 762 59 771 .
158 715 212 778 44.
252 715 359 778 Τοῦτο
383 714 428 803 τῷ
452 710 491 779 θ’
516 712 749 799 ἐμπεριέχεται.

38 804 72 895 ’ς
157 821 210 884 45.
248 815 316 884 Διά
339 815 376 885 τὸ
402 816 450 902 ιβ’
474 820 535 885 τοῦ
559 815 673 887 αὐτοῦ.
719 817 926 904 σημειωτέον.
946 818 992 907 δέ,
1016 816 1106 900 ὦςὸ

92 921 302 1009 στοιχειωτῆς
324 924 380 991 καὶ
402 920 464 1009 τὴν
487 921 621 1010 μονάδα
644 921 795 1010 ἀριθμὸν
819 923 984 1012 ὀνομάζει.

240 1197 242 1203 Ι
432 1078 509 1185 'Ad
531 1143 635 1204 prop.
658 1120 747 1186 XVI.

157 1243 210 1308 46.
247 1239 315 1307 Διὰ
337 1239 398 1308 τὸν
422 1237 504 1327 ὅρον
528 1239 588 1309 τὸν
611 1241 763 1327 λέγοντα·
786 1241 932 1329 ἀριθμὸς
951 1239 1102 1330 ἀριθμὸν

90 1344 390 1427 πολλαπλασιάζειν
418 1347 562 1431 λέγεται,
595 1346 691 1433 ὅταν,
721 1345 797 1415 ὅσαι
826 1348 913 1415 εἰσὶν
943 1349 979 1415 ε’ν
1009 1346 1101 1440 αὐτῷ

40 1476 72 1524 10
91 1449 250 1536 μονάδες,
280 1451 478 1531 τοσαυτάκις
505 1460 654 1541 συντεθῇ
684 1449 702 1521 ὁ
733 1452 1103 1541 πολλαπλασιαζόμενος

90 1556 147 1623 καὶ
168 1558 315 1644 γένηταί
327 1585 385 1638 τις.

437 1719 495 1785 Ad
517 1742 623 1806 prop.
647 1719 753 1787 XVII.
890 1786 900 1808 ⁶

158 1846 211 1909 47.
239 1840 355 1910 Ἔστιν
378 1841 455 1930 άρα,
479 1837 525 1919 ὦς
542 1838 563 1926 ἡ
583 1849 610 1908 Ζ
634 1840 739 1928 μονάς
762 1868 792 1928 p.
811 1845 886 1929 224,
906 1846 960 1928 14]
985 1847 1016 1910 εἰ
1036 1841 1103 1932 γάρ

92 1944 243 2034 ίσάκιςὴ
270 1954 296 2013 Ζ
323 1945 430 2033 μονὰς
456 1947 512 2013 καὶ
541 1943 558 2014 ὃ
582 1952 611 2013 Β
638 1945 786 2035 ἀριθμὸς
812 1946 892 2028 τοὺς
913 1957 960 2034 Α,
984 1957 1018 2015 Δ
1048 1976 1103 2036 με-

40 2067 72 2124 15
91 2057 219 2138 τροῦσι,
244 2050 262 2121 ὃ
287 2055 386 2138 μέρος
409 2052 500 2120 ἐστὶν
524 2049 545 2138 ἡ
566 2059 593 2118 Ζ
616 2050 720 2138 μονὰς
743 2056 804 2122 τοῦ
823 2063 855 2121 Α
877 2052 1040 2143 ἀριθμοῦ,
1064 2056 1102 2126 τὸ

91 2154 173 2225 αὐτὸ
196 2159 296 2246 μέρος
320 2157 388 2223 ἐστὶ
410 2158 466 2224 καὶ
490 2153 508 2224 ὁ
532 2166 560 2225 Β
584 2161 645 2227 τοῦ
669 2166 710 2227 Δ.

432 2336 489 2402 Ad
512 2359 614 2422 prop.
637 2335 758 2403 XVIII.

157 2459 210 2523 48.
237 2454 413 2524 Ἔστωσαν
437 2456 500 2525 δύο
525 2456 667 2544 ἀριθμοὶ
691 2453 709 2525 ὁ
734 2454 795 2543 μὲν
818 2468 850 2526 Α
870 2449 901 2543 (I,
925 2456 943 2526 ὁ
967 2459 1004 2527 δέ
1022 2469 1050 2528 Β
1070 2453 1103 2546 β,

93 2558 110 2628 ὁ
135 2561 173 2629 δὲ
196 2570 228 2630 Γ
246 2569 277 2649 μ’),
301 2564 357 2631 καὶ
379 2562 730 2642 πολλαπλασιάσαντες
754 2561 771 2632 ὁ
797 2554 818 2630 I
840 2564 895 2631 καὶ
920 2562 937 2632 ὁ
959 2559 1105 2653 βτὸνμῖ

37 2691 73 2739 20
91 2675 292 2737 ποιείτωσαν
313 2667 374 2738 τὸν
399 2663 437 2756 ιβ
455 2671 510 2737 καὶ
534 2674 562 2742 ξ.
1067 2672 1075 2681 ’

157 2780 210 2845 49.
251 2775 295 2844 Τὸ
325 2777 373 2862 ιη’
396 2775 558 2864 θεώρημα
585 2778 630 2866 τῷ
660 2772 724 2860 πρὸ
749 2772 854 2844 αὐτοῦ
876 2774 1102 2862 ἀντιστρέφει·

92 2877 138 2962 εἷς
170 2884 231 2970 μὲν
263 2881 328 2971 γὰρ
362 2882 424 2950 δύο
452 2879 728 2962 πολλαπλασιάζει
761 2883 842 2967 ἐκεῖ,
876 2880 939 2952 δύο
972 2883 1010 2951 δέ
1042 2884 1103 2951 ἕνα

91 2990 249 3058 ἐνταῦθα.

162 3138 204 3186 ιε.
224 3131 254 3184 Ρ.
327 3136 370 3186 44.
390 3130 420 3183 Ρ.
479 3106 588 3184 τινα
647 3127 828 3199 ιωιεᾳρ),
883 3135 927 3184 ιι.
946 3130 1009 3200 v⁸q
1024 3129 1103 3201 (lb).

127 3207 168 3257 ιε.
188 3202 342 3272 τερον).
415 3206 458 3256 ιο.
477 3199 507 3254 Ρ.
884 3227 889 3235 -

162 3333 187 3381 8.
206 3322 256 3380 τὸν
275 3323 405 3396 λέγοντα]
425 3341 479 3379 om.
494 3324 527 3380 V.
618 3318 743 3393 ἀριθμὸς
762 3317 906 3395 ἀριθμόν]
927 3324 1028 3406 postea
1046 3323 1105 3379 i‘ns.

90 3398 119 3450 in
138 3398 242 3479 lacunp
260 3396 294 3450 V.
368 3401 409 3450 11.
431 3394 550 3465 γένηταί
564 3394 617 3466 τις]
638 3397 800 3465 corruptum
817 3396 847 3450 in
866 3411 960 3450 οοεοιο
979 3393 1048 3463 quid
1067 3393 1102 3448 V.

50 3489 160 3578 ιτα
181 3479 280 3559 NJ&
301 3501 317 3542 e
336 3501 406 3544 corr.
426 3482 460 3541 V.
