2362 3796
72 129 146 186 cxii
359 130 628 184 PROLEGOMENA
647 132 798 185 camon.

73 270 205 327 editionis
223 270 267 326 ita
281 271 431 340 Gregorius
445 270 475 325 in
488 271 590 340 praeit
610 271 736 342 „primo“
750 272 843 341 inquit
859 273 985 340 „textum
1000 273 1084 329 Grae-

74 369 138 406 cum
152 352 227 420 quod
242 351 353 421 attinet,
366 354 399 407 ut
412 352 436 405 is
450 368 536 419 quam
550 351 794 407 emendatissimus
808 352 838 405 et
847 352 1083 422 castigatissimae

73 430 206 501 prodiret,
225 431 316 487 modis
331 430 461 486 omnibus
476 431 643 501 curarimus,
662 430 805 500 adhibitis,
819 432 904 501 prout
917 447 988 503 opus
1002 437 1084 503 esset,

73 510 102 564 in
122 509 269 566 consilium
288 529 353 567 mss.
373 511 517 566 codicibus
535 511 611 566 haud
633 509 732 582 paucis
749 510 874 566 melioris
891 513 990 580 notae,
1014 531 1085 581 quos

73 589 104 643 in
125 590 199 644 huuc
223 589 395 661 ipsissimum
417 607 499 645 usum
517 591 686 646 Academiae
708 590 818 662 pridem
836 591 949 661 legarat
965 609 1086 662 maguus

74 668 204 740 Savilius,
223 673 256 726 ut
274 671 304 725 et
322 669 558 740 castigationibus
577 672 638 725 eius
653 671 769 740 propria
782 686 868 725 manu
882 671 1033 741 adscriptis
1049 675 1086 728 ad

72 750 228 820 marginem
252 749 384 806 editionis
408 750 612 820 Hervagianae.
650 751 768 805 accessit
793 750 943 820 singularis
965 751 996 805 et
1013 770 1085 806 nun-

74 845 158 898 quam
176 830 246 885 satis
260 831 452 901 praedicanda
465 828 630 885 amicissimi
644 829 677 884 D.
692 828 804 884 Ioannis
820 829 950 885 Hndsoni
968 831 994 885 S.
1009 830 1039 884 T.
1055 832 1086 889 Ρ.

72 909 365 978 protobibliothecan'i
388 908 536 964 Bodleiaui
559 909 698 965 industria
720 908 750 963 in
774 910 948 979 expoliendis
972 909 1086 966 Graecis

74 987 153 1044 hisce
252 992 361 1045 textum
379 988 589 1058 Hervagianum
613 991 678 1044 ante
701 988 812 1060 paullo,
840 1007 925 1058 quam
950 990 982 1044 in
1003 993 1085 1060 typo-

73 1069 244 1137 graphorum
253 1086 353 1124 manus
363 1069 530 1138 traderetur,
540 1070 672 1123 accurate
681 1069 938 1140 interpungendum
947 1073 977 1125 et
986 1069 1087 1125 distin-

73 1148 216 1216 gnendum
236 1149 353 1218 curavit,
371 1148 474 1204 Latina
492 1164 556 1203 cum
571 1147 683 1202 Graecis
701 1165 753 1218 per
769 1151 870 1218 totum,
889 1149 919 1202 in
937 1148 1086 1205 elementis

73 1227 240 1295 praesertim
258 1245 292 1282 ac
306 1228 395 1297 Datis,
415 1245 524 1283 summa
541 1227 597 1282 fide
616 1227 745 1283 contulit.
773 1227 823 1283 ubi
841 1246 907 1284 aaa
921 1229 1086 1284 seinvicem

75 1303 265 1375 discrepantia
286 1308 571 1377 deprehenderentur,
598 1306 645 1361 vel
669 1307 754 1362 stiam
774 1309 912 1365 Graecum
930 1310 1022 1380 ipsum
1041 1327 1086 1364 su·

74 1386 202 1453 spectum
215 1386 374 1455 haberetur,
394 1386 514 1443 consulti
531 1387 610 1443 illico
629 1406 694 1442 mss.
713 1389 834 1459 codices,
853 1406 971 1458 quornm
989 1389 1085 1458 lectio,

74 1463 99 1517 si
119 1480 182 1518 cum
200 1465 308 1522 Latinis
333 1469 512 1537 congrueret,
540 1467 575 1522 ad
599 1467 755 1537 marginem
777 1467 921 1537 adscripta
944 1468 1085 1536 exstabat,

74 1542 119 1599 sin
136 1543 236 1613 minus,
255 1547 386 1616 apposita
404 1545 531 1614 stellula,
551 1547 585 1600 ut
603 1545 702 1602 exinde
721 1547 865 1602 iudicandi
883 1546 994 1602 occasio
1012 1546 1085 1600 mihi

74 1623 197 1695 daretur,
215 1628 279 1680 utra
297 1627 409 1681 demum
426 1626 512 1681 lectio
531 1626 716 1682 Geometricis
733 1624 889 1682 rationibus
906 1623 998 1695 magis
1016 1641 1083 1680 con-

72 1703 208 1760 veniret.“
226 1705 283 1760 iam
297 1707 363 1761 hinc
378 1707 504 1776 adparet,
517 1723 575 1761 non
585 1705 710 1762 codicem
727 1706 859 1777 aliquem,
873 1705 922 1760 sed
931 1703 1084 1761 editionem

73 1782 229 1854 principem
248 1785 383 1858 Hemagii
401 1786 615 1842 fundamentum
634 1803 695 1842 csse
714 1785 846 1842 editionis
863 1784 1036 1854 Oxoniensis,
1056 1790 1086 1842 et

74 1861 183 1918 codices
202 1864 242 1919 ibi
260 1867 373 1921 tantum
386 1864 529 1936 inspectos
543 1882 612 1936 esse,
630 1865 681 1919 ubi
693 1865 828 1920 Hudsono
842 1866 938 1934 aliqua
951 1867 987 1921 de
1001 1881 1087 1920 causa

74 1946 204 2012 suspecta
231 1947 303 2000 esset
331 1945 471 2014 scriptura
498 1944 630 2001 editionis
653 1943 739 2000 Basil.
768 1945 798 1999 et
823 1945 878 2001 hcc
906 1946 1087 2001 confirmatur

74 2022 317 2078 emendationibus
341 2024 625 2093 adnotationibusque
645 2022 773 2094 Gregorii
796 2024 982 2093 perlustratis.
1018 2042 1086 2079 nrm

74 2115 138 2154 cum
155 2101 322 2172 pierumque
342 2101 493 2158 editionem
507 2104 593 2158 Basil.
613 2104 755 2173 sequatur,
773 2104 821 2159 hic
838 2103 899 2160 illic
913 2103 944 2159 in
957 2104 1014 2158 imo
1028 2123 1085 2176 mg.

75 2179 206 2248 adnotat,
234 2182 285 2235 aut
309 2180 416 2250 aliquid
439 2199 454 2238 e
478 2184 558 2240 codd
577 2186 720 2253 receptum
747 2200 807 2238 esse
831 2185 920 2254 (uelut
938 2203 966 2255 p.
984 2189 1037 2240 228
1056 2185 1087 2240 in

73 2258 111 2326 X,
133 2265 166 2313 16
185 2259 228 2313 ed.
248 2263 351 2330 meae),
379 2264 429 2317 aut
451 2263 558 2333 aliquid
581 2265 612 2318 in
631 2265 710 2319 codd.
729 2294 763 2304 -
782 2281 848 2319 nam
866 2264 1032 2334 plerumque
1052 2265 1087 2318 de

74 2337 264 2408 compluribus
290 2339 390 2411 dicit*)
416 2374 448 2382 —
473 2343 607 2397 omissum
631 2360 692 2398 esse
714 2343 791 2398 recte
816 2342 911 2411 (uelut
932 2362 960 2412 p.
984 2348 1034 2397 175
1057 2343 1087 2396 in

76 2416 1087 2494 mapmmmmpwummpmmmm

73 2514 102 2566 p.
117 2502 168 2552 218
188 2498 217 2552 iu
231 2498 265 2569 X,
280 2506 304 2570 9,
325 2499 405 2570 alibi)
423 2502 470 2556 uel
483 2519 631 2572 perperam
646 2506 683 2574 (p.
699 2507 750 2558 305
770 2503 868 2572 „deest
880 2501 911 2556 iu
926 2502 985 2558 cod.
996 2505 1087 2569 ms.“),

73 2578 124 2632 aut
142 2578 255 2634 omniuo
279 2580 362 2634 aliter
385 2580 416 2634 iu
434 2581 514 2636 codd.
533 2581 592 2651 legi
614 2583 709 2652 (uelut
730 2601 758 2652 p.
778 2588 811 2638 ai
831 2582 862 2637 in
879 2581 913 2651 V,
932 2585 962 2648 43
985 2599 1013 2651 p.
1033 2586 1085 2634 221

73 2657 103 2712 in
117 2657 150 2726 X,
169 2665 215 2725 113
234 2659 370 2715 notabilis
390 2664 434 2717 est
450 2662 530 2716 iocus
548 2679 576 2731 p.
592 2667 643 2716 281
663 2662 711 2730 „in
725 2679 791 2719 mss.
810 2660 889 2717 ἔσται
907 2656 925 2731 ἡ
944 2665 994 2715 ΑΒ
1013 2659 1087 2716 κατὰ

73 2736 105 2792 τὸ
125 2733 196 2794 αὐτὸ
216 2739 311 2809 τμῆμα
329 2735 362 2795 τὸ
383 2744 410 2794 Γ
431 2740 567 2810 διαιρέσει
591 2743 771 2810 διαιρεθεῖσα
790 2740 863 2797 κατὰ
881 2740 913 2796 τὸ
934 2746 991 2811 Δ“,
1015 2759 1087 2810 quae

72 2817 130 2873 fere
149 2820 192 2873 est
210 2819 352 2888 scriptura
373 2820 508 2875 mendosa
532 2818 637 2876 codicis
654 2820 677 2874 P
696 2820 735 2874 111
753 2840 780 2891 p.
801 2826 861 2889 122,
881 2823 976 2890 8-2),
999 2821 1087 2877 inter-

74 2896 141 2950 dum
160 2897 195 2952 de
214 2915 263 2953 suo
283 2899 451 2969 scripturam
471 2899 538 2957 edit.
557 2900 642 2956 Basii.
662 2901 767 2969 mutat,
790 2900 870 2956 uelut
892 2919 919 2970 p.
939 2906 974 2957 82
992 2902 1050 2972 (IV,
1071 2907 1087 2955 ὅ

73 2977 194 3046 coroll.),
217 2996 244 3047 p.
267 2984 320 3033 220
339 2979 387 3047 (Χ,
408 2981 707 3051 10—11permutat);
734 2999 762 3050 p.
782 2986 833 3036 829
856 2980 919 3051 (XI,
941 2986 956 3034 1
976 2980 1038 3051 „hic
1057 2982 1088 3036 in

73 3071 123 3110 ora
145 3057 225 3114 codd.
249 3075 316 3113 mss.
341 3059 511 3114 adscribitur
536 3061 634 3116 πᾶσαν
661 3055 715 3130 γὰρ
743 3058 868 3115 δυνατὸν
892 3057 1012 3116 εὐθεῖαν
1037 3056 1084 3115 ἐπ’

74 3130 193 3198 εὐθείας
217 3132 388 3210 ἐκβαλεῖν“)
411 3138 482 3195 miro
505 3140 588 3195 modo
612 3156 676 3195 cum
699 3139 743 3196 ed.
766 3138 852 3196 Basil.
878 3139 1017 3196 consentit
1044 3145 1087 3210 (u.

73 3230 160 3282 supra
176 3235 203 3285 p.
224 3215 307 3288 ovi),
327 3219 376 3274 cir.
398 3220 483 3274 etiam
502 3238 529 3290 p.
549 3224 610 3274 837.

74 3323 288 3337 ’ὴ-

133 3372 168 3454 f)
190 3375 221 3429 P.
242 3382 291 3431 187
318 3377 444 3434 codicem
463 3376 649 3436 Bodleiauum
671 3378 812 3449 nominat,
835 3398 863 3450 p.
883 3384 934 3434 288
959 3378 1088 3437 codicem

74 3440 256 3504 Saurlianum.
