2362 3796
224 154 381 208 scnom
398 157 437 208 ΙΝ
454 155 728 209 ammom
745 156 884 209 mmm
896 158 930 208 x,
1018 152 1084 218 489

140 298 214 364 147.
247 292 373 383 Εὐρείν
393 294 456 364 δύο
474 294 575 382 ρητοῖς
589 295 732 382 δυνάμει
745 295 854 383 μόνον
869 295 1084 382 συμμέτρους.

72 407 234 473 ἐκκείσθω
258 400 340 489 ρἠτη
363 399 384 488 ἡ
408 411 441 470 A
467 402 523 470 καὶ
547 401 609 470 δύο
637 400 778 489 ἀριθμοὶ
807 405 842 470 οί
863 410 902 487 Β,
926 408 960 470 Γ
981 402 1085 489 λόγον

72 508 116 597 μὴ
141 515 281 597 ἔχοντες,
306 505 348 577 δν
369 507 576 596 τετράγωνος
599 506 682 597 πρὸς
703 506 931 595 τετράγωνον,
954 508 1009 575 καὶ
1033 535 1084 594 γε-

71 617 197 703 γονέτω
226 613 271 695 ὥς
300 611 319 683 ὁ
347 622 375 683 Β
402 611 485 699 τρδς
511 613 572 683 τὸν
600 621 643 701 Γ,
676 615 782 696 οὕτως
808 613 847 684 τὸ
874 610 939 682 ἀπὸ
967 616 1026 700 τῆς
1052 622 1085 681 A

71 721 156 811 τρδς
186 719 224 790 τδ
258 717 323 789 ἀπὸ
357 730 414 808 τῆς
442 728 484 788 Δ.
534 725 668 790 ἔσονται
701 719 743 808 δὴ
778 719 834 789 διὰ
866 718 906 788 τά
938 743 1084 810 κροακο-
1120 742 1137 792 σ

73 828 270 915 δεδειγμένα
293 828 331 894 αί
350 835 393 912 A,
416 835 450 894 Δ
478 827 575 913 ῥηταὶ
597 829 741 915 δυνάμει
763 826 871 915 μόνον
895 827 1085 914 σύμμετροι.

142 939 214 1003 148.
243 929 460 1002 Ἀναιτόδισαι
479 938 527 1013 είς
544 931 582 1002 τὸ
598 933 646 1002 ια’
660 935 823 1022 θεώρημα
836 932 966 1014 καὶτὰς
981 937 1085 1002 ἐκεῖσε

74 1045 258 1129 γραφείσας
275 1036 411 1120 εὐθείας
429 1040 484 1108 καὶ
499 1037 668 1127 άροθμούς
681 1043 750 1109 τῶν
764 1037 910 1110 εὐθειῶν
925 1042 962 1109 έν
976 1039 1083 1131 τούτφ

72 1151 119 1240 τῷ
137 1146 193 1216 κα’
212 1147 407 1235 θεωρήματι
430 1147 612 1233 μετένεγκε,
636 1151 667 1214 εί
688 1145 803 1232 βούλει
825 1151 949 1234 κυρίοις
972 1144 1083 1233 εὑρεῖν

73 1253 200 1339 άλογον
223 1250 364 1321 εὐθεῖαν
385 1251 588 1340 καλκυρίως
610 1251 737 1338 άλογον
759 1259 893 1342 χωρίον.
1104 1274 1137 1325 10

100 1445 105 1455 .
143 1362 215 1428 149.
248 1357 383 1444 Ἰστέον,
407 1356 459 1429 ὅτι
475 1359 497 1444 ἡ
516 1358 700 1439 έννεάοιους
716 1360 773 1427 καὶ
791 1356 812 1447 ἡ
831 1359 1014 1447 τετράπους
1030 1361 1086 1428 καὶ

74 1465 196 1553 άλογοί
215 1469 280 1534 είσι
302 1465 357 1533 καλ
381 1467 492 1553 ρηταί·
528 1456 551 1553 ᾖ
578 1464 640 1552 μέν
667 1465 731 1554 γὰρ
754 1466 851 1554 μήκει
874 1467 961 1535 εἰσὶν
985 1463 1085 1552 άσύμ-

74 1598 200 1662 μετροι,
222 1570 351 1658 άλογοι,
374 1562 397 1661 ᾖ
421 1571 458 1641 δὲ
481 1571 625 1659 δυνάμει
647 1571 841 1661 σύμμετροι,
865 1576 970 1660 ῥηταί.

143 1681 218 1749 150.
254 1683 452 1765 Δεκατριῶν
484 1674 598 1747 οὐσῶν
630 1674 765 1764 ἀλόγων
797 1684 856 1765 μία
887 1682 952 1748 νῦν
984 1702 1087 1765 παρα-

75 1788 207 1855 δίδοται
229 1782 250 1872 ἡ
273 1784 463 1871 καλουμένη
484 1783 572 1871 μόνη
591 1785 686 1871 μέση,
710 1787 744 1866 ἓξ
763 1788 801 1852 αί
816 1785 899 1853 κατολ
911 1784 1084 1853 σύνθεσιν
1104 1801 1137 1853 15

75 1894 112 1960 έν
143 1895 190 1983 τῷ
223 1891 367 1982 δευτέρῳ
399 1889 542 1977 τμήματι
574 1890 630 1958 καὶ
662 1891 696 1971 ἓξ
729 1892 767 1958 αί
794 1892 878 1959 κατὰ
903 1889 1084 1978 ἀφαίρεσιν

74 1998 179 2083 λόγου
196 1993 218 2077 ἐ
240 2000 277 2066 έν
295 2001 346 2088 τῷ>
359 1994 403 2082 γ’·
427 2000 474 2075 είς
491 2003 568 2084 τρία
585 1995 650 2083 γάρ
668 1998 817 2083 τμήματα
837 1995 992 2085 διῄρηται
1005 1997 1043 2066 τὸ
1060 1997 1085 2065 ι’

76 2109 218 2192 βιβλίον.
268 2103 351 2189 μέση
380 2100 417 2170 δὲ
444 2103 589 2187 λέγεται,
623 2101 710 2172 διότι
737 2103 771 2184 ἐξ
798 2099 979 2188 ἀναλογίας
1005 2110 1086 2189 λαμ-

74 2210 225 2297 βάνεται·
258 2210 341 2295 μέση
365 2208 430 2295 γάρ
454 2210 544 2276 ἐστιν
568 2206 738 2295 ἀνάλογον
760 2218 829 2278 τῶν
853 2208 915 2278 δύο
940 2207 1085 2279 εὐθειῶν

74 2319 143 2384 τάν
175 2317 402 2401 περιεχουσῶν
432 2312 495 2401 την
528 2312 638 2401 ὀρθὴν
669 2320 813 2400 γωνίαν,
846 2317 902 2383 καὶ
934 2315 993 2384 έδιν
1022 2308 1085 2385 οἷσι
1104 2335 1139 2386 20

74 2435 162 2508 τρεῖς
185 2418 317 2489 εὐθεῖαι
339 2417 520 2506 ἀνάλογον,
542 2419 580 2489 τὸ
600 2417 667 2490 ὐκδ
689 2424 758 2490 τῶν
780 2419 894 2511 άκροον
918 2430 995 2491 ίσον
1018 2424 1087 2492 ἐστὶ

74 2532 120 2619 τῷ
147 2524 213 2595 ἀτδ
240 2529 299 2613 τῆς
326 2527 435 2612 μέσης.
480 2525 602 2607 ταύτας
629 2529 670 2597 δέ
695 2547 800 2615 φησιν
827 2526 1085 2615 άγορεύ[εσθαι]

77 2634 139 2700 δύο
168 2629 303 2713 εὐθείας
330 2631 470 2719 δυνάμει
499 2632 608 2719 μόνον
635 2634 843 2722 συμμέτρους
871 2637 999 2721 δηλαδὴ
1029 2635 1085 2704 διὰ

74 2735 112 2805 τὸ
136 2737 219 2806 κατά
243 2741 346 2824 μῆκος
369 2736 471 2818 αὐτάς
493 2737 723 2827 ἀσυμμέτρους
744 2737 831 2808 εἶναι
850 2792 929 2810 .....
947 2739 1013 2826 γὰρ
1031 2742 1087 2808 καὶ

76 2849 142 2930 ἔχει
166 2841 292 2929 άλογον
314 2849 439 2931 χοιρίον
463 2843 719 2933 ἀναγράφεσθαι
739 2845 806 2915 ἀπὸ
825 2845 970 2915 εὐθειῶν
985 2842 1086 2932 ἀσυμ
1104 2864 1138 2916 25

75 2950 205 3034 μέτρων
227 2948 309 3016 κατὰ
333 2953 444 3035 μῆκος.

76 3239 127 3290 160
148 3170 207 3287 ιΒοι.
230 3161 305 3216 Ρνο.
416 3168 474 3217 148.
493 3161 555 3230 Vaq
574 3164 607 3232 (Ρ
621 3167 639 3232 ).
750 3170 808 3220 ιοο.
832 3163 896 3233 κιρ
914 3163 947 3234 (Ρ
960 3170 979 3234 γ.

75 3363 288 3372 ——-———---

100 3497 106 3511 '
149 3436 191 3484 12.
211 3425 419 3519 p‘malffltdv
437 3428 470 3482 V.
528 3434 570 3483 14.
589 3429 653 3500 μία]
672 3432 740 3500 μίαν
759 3430 789 3486 Β.
846 3430 1045 3498 παραδίδονται
1056 3430 1094 3480 Β.

74 3505 159 3570 λογον
178 3499 212 3572 5¹]
231 3517 283 3557 sor.
301 3504 416 3570 αλογοιλ
