2362 3796
71 124 163 179 XVIII
474 124 685 177 PRAEFATIO.

75 267 124 333 IV
145 291 176 353 p.
195 267 239 333 95
262 267 368 352 figura
391 268 426 331 in
447 265 507 351 XI,
532 267 572 333 31
599 267 710 331 eedem
734 270 785 331 est
809 287 846 331 ac
869 269 995 350 nostra,
1023 268 1091 332 nisi

163 373 249 458 quod
263 370 303 452 ‘Pl
321 373 355 437 in
375 395 436 438 ras.
451 376 501 437 est
519 375 551 437 ο1
568 393 628 455 pro
645 368 702 456 5³¹⁸)
722 372 855 456 ponilur
867 374 899 440 'D
916 368 953 458 (μ
967 371 1090 459 habel).

140 480 204 544 uel.
227 477 275 542 IV
309 500 381 562 app.
407 480 435 557 1,
465 479 485 542 6
518 477 617 541 eliam
649 477 683 541 in
706 477 738 542 V
772 476 917 541 addilum
949 481 1001 542 esi
1029 501 1090 563 pro

78 585 202 650 scholio
226 584 260 647 in
282 583 345 648 fine
369 584 443 648 libri
461 582 525 646 XII
548 604 647 647 manu
666 580 718 646 Vll.
751 583 790 646 de
808 581 856 646 IV
876 605 947 667 app.
970 586 998 667 1,
1018 585 1036 649 7
1061 607 1091 650 u.

73 691 160 754 infra
183 713 212 774 p.
232 690 295 756 657
320 693 386 755 nel.

110 797 126 860 Ι
149 821 179 882 p.
198 796 242 860 42
267 795 378 860 corell.
398 795 419 858 2
443 794 549 858 bisin
573 792 605 857 V
628 794 755 879 legitur,
780 795 880 860 semel
904 817 945 858 m.
967 796 984 859 1
1010 792 1090 882 (non

162 925 204 966 m.
219 900 256 988 2)
271 901 346 985 lale,
369 900 463 983 quale
477 899 512 963 in
525 900 613 963 nelis
629 898 710 978 dedi,
730 900 793 964 nisi
809 901 893 984 qued
907 900 1003 965 initio
1020 901 1088 965 add.

162 1004 310 1091 πόρισμα
331 1009 363 1070 el
378 1006 412 1071 in
426 1006 488 1070 fine
502 1005 576 1070 hab.
591 1000 780 1089 ποιήσονσῑ,
801 1006 904 1072 altere
924 1007 996 1071 loeo
1013 1029 1054 1071 m.
1070 1007 1089 1071 2

163 1117 200 1177 ul
223 1111 258 1177 P.
305 1111 401 1177 cerel.
425 1133 455 1194 p.
474 1111 517 1175 43
540 1114 607 1177 not.
632 1134 650 1175 e
674 1112 756 1176 m.2
780 1114 831 1175 est
854 1109 935 1195 (nen
958 1134 999 1176 m.
1022 1111 1067 1199 1).

75 1218 123 1284 IV
147 1242 178 1302 p.
200 1218 272 1301 172,
293 1218 335 1282 10
357 1219 472 1281 καί-
490 1218 531 1281 12
550 1218 735 1301 πυραμίδα]
760 1217 857 1281 etiam
878 1237 941 1302 mg.
955 1241 996 1282 m.
1015 1220 1030 1282 l
1052 1217 1090 1308 V,

103 1307 114 1315 ’
166 1324 221 1387 sed
245 1320 348 1387 πάλιν
369 1344 429 1408 pro
453 1319 519 1408 ἄρα
543 1328 576 1387 et
598 1328 627 1386 Θ
649 1323 706 1387 lin.
728 1323 766 1387 11
792 1345 808 1387 e
832 1321 967 1411 eorr.**)

76 1428 126 1494 IV
148 1453 179 1514 p.
206 1430 277 1511 176,
303 1431 343 1493 11
373 1449 437 1512 mg.
464 1453 515 1513 γρ.
542 1421 605 1493 κᾶν
641 1425 755 1514 ἕτερόν
782 1452 813 1493 τι
847 1429 955 1513 σχῆμα
985 1431 1043 1515 ἔχῃ
1071 1423 1091 1512 ἡ

166 1531 263 1618 βάσις
287 1536 350 1600 τοῦ
372 1536 554 1619 πρίσματος
578 1558 607 1619 q.

77 1640 126 1705 IV
150 1664 180 1724 p.
201 1641 275 1723 228,
295 1642 314 1705 6
338 1641 423 1705 idem
442 1637 588 1726 πόρισμα
608 1639 693 1725 quod
711 1640 738 1705 P
757 1643 856 1705 etiam
875 1641 906 1706 V
926 1661 990 1725 mg.
1005 1664 1049 1707 m.
1066 1642 1091 1705 1.

78 1745 127 1811 IV
150 1770 180 1831 p.
201 1746 275 1831 256,
298 1748 339 1812 14
359 1741 375 1811 6
391 1745 498 1821 ΞΟΠ
511 1785 549 1794 -
568 1749 607 1813 17
624 1745 698 1831 μέν]
715 1748 813 1811 eliam
828 1768 892 1832 mg.
903 1745 948 1809 V⁸
962 1743 1091 1831 (πενπα

166 1849 304 1930 πλασιος
329 1874 409 1919 corr.
434 1875 472 1917 ex
494 1849 658 1938 ιεπμαπλ,
683 1847 755 1916 ἀλλ’
776 1875 835 1935 pro
861 1847 969 1936 oillei).

77 1957 125 2023 IV
147 1983 178 2043 p.
198 1959 273 2044 296,
294 1960 336 2024 22
360 1956 461 2029 πάλιν
483 1996 520 2005 -
541 1982 571 2041 p.
593 1959 704 2043 298,1
730 1961 813 2039 ΕΚ]
838 1959 937 2023 eliam
956 1978 1021 2042 mg.
1039 1955 1092 2023 Vb.

77 2063 126 2128 III
150 2087 179 2147 p.
199 2065 250 2148 82,
273 2064 314 2128 16
340 2080 390 2147 οη.
406 2061 457 2128 ὅτι
475 2058 496 2145 ἡ
516 2065 552 2128 ἐκ
570 2057 721 2128 ἐνταῦθα
741 2059 816 2127 ἀντὶ
835 2065 893 2147 τῆς
908 2065 975 2128 τῇ
988 2075 1094 2129 κεῖται

167 2190 231 2253 mg.
254 2191 297 2232 m.
318 2169 338 2231 2
362 2169 398 2232 Β.

145 2272 199 2336 Ad
217 2272 275 2357 III,
297 2274 340 2338 24
359 2274 393 2336 in
408 2272 433 2336 P
451 2295 514 2358 mg.
530 2297 571 2339 m.
586 2296 646 2340 ree.
666 2268 705 2339 ἒν
723 2269 836 2351 ἄλλοις
856 2270 961 2351 οὕτως
975 2262 1093 2360 εὖρον·

78 2375 116 2443 πὸ
142 2375 179 2443 el
199 2381 260 2461 αεβ
283 2379 395 2462 τμῆμα
413 2372 467 2443 ἐπὶ
485 2373 522 2444 τὸ
543 2381 601 2462 y&
624 2376 668 2463 μὴ
688 2375 885 2464 ἐφαρμόσει,
909 2375 993 2445 ιἰλλὰ
1011 2378 1095 2466 παρ-

80 2481 211 2563 αλλάξει
236 2479 280 2561 ὡς
303 2480 340 2549 τὸ
361 2486 437 2568 μηδ,
460 2481 580 2562 κύκλος
603 2482 640 2550 δὲ
666 2482 790 2551 κύκλον
815 2481 855 2551 οὐ
878 2485 989 2570 τέμνει
1010 2485 1096 2554 κατὰ

79 2593 218 2654 πλείονα
238 2600 356 2673 σημεῖα
375 2583 396 2674 ἢ
416 2585 487 2655 δύο.
525 2584 609 2654 ἀλλὰ
628 2588 684 2655 καὶ
703 2590 815 2675 τέμνει
834 2586 852 2657 6
871 2593 936 2676 μηδ
958 2591 1019 2659 τὸν
1036 2594 1096 2678 μζδ

79 2690 162 2761 κατὰ
185 2699 325 2761 πλείονα
351 2706 470 2780 σημεῖα
496 2689 516 2780 ἢ
541 2693 604 2761 δύο
633 2693 672 2762 τὰ
702 2722 738 2781 γ,
761 2723 798 2781 η,
823 2699 855 2761 ὃ·
893 2693 974 2784 ὅπερ
1003 2694 1097 2766 ἐστὶν

80 2797 260 2867 ἀδύνατον.
296 2803 551 2867 additamentum
570 2807 648 2887 posi
662 2803 702 2889 V,
720 2805 742 2869 4
766 2803 858 2890 (Hp.
876 2801 1000 2891 16,19)
1022 2805 1097 2871 inP

80 2929 146 2972 non
166 2930 206 2971 m.
225 2930 297 2991 ree,
322 2907 378 2972 sed
397 2931 438 2972 m.
460 2911 476 2972 1
497 2931 556 2993 pre
577 2909 699 2976 seholio
720 2911 876 2994 scriplum
896 2914 954 2977 est.
987 2911 1028 2975 ad
1048 2910 1097 2976 ΙΠ

80 3035 110 3096 p.
135 3013 208 3096 338,
235 3014 274 3078 17
305 3013 435 3099 et340,
461 3015 501 3078 12
529 3017 613 3080 male
637 3016 735 3081 eileui
760 3039 832 3134 app.
856 3039 904 3081 nr.
928 3017 972 3082 24
996 3020 1029 3081 ε1
1055 3017 1097 3085 25

81 3138 141 3199 pro
159 3140 205 3183 nr.
226 3117 268 3183 25
288 3122 321 3182 et
340 3120 392 3184 26.
430 3124 481 3185 cel
483 3141 545 3204 era,
570 3142 652 3205 quae
675 3122 709 3184 in
732 3121 835 3205 ipsius
856 3123 963 3207 operis
982 3125 1098 3190 tenore

83 3224 220 3307 correxi,
246 3224 299 3289 hie
324 3247 389 3290 non
411 3229 564 3311 repetam.
611 3226 696 3310 qued
721 3231 873 3292 aecenlus
898 3227 1098 3315 spiritusque

83 3327 294 3341 κω*

154 3363 275 3430 *)Ηεεο
294 3362 418 3418 littere.
409 3383 440 3418 1n
458 3366 517 3420 eolo
536 3365 557 3418 P
577 3367 721 3420 seruatae
710 3352 793 3435 veel,
811 3368 838 3423 h.
854 3383 878 3424 e.
898 3386 940 3436 ου,
960 3385 983 3423 e.

136 3447 178 3517 **)
196 3447 238 3504 De
256 3449 454 3507 collationibus
469 3454 625 3508 ceterorum
639 3453 765 3511 codicum
779 3455 852 3512 mult
854 3472 869 3514 ο
883 3455 973 3514 reriue
987 3456 1097 3516 dubito.

1032 3615 1035 3619 ’
1124 3672 1131 3775 ι·
