2362 3796
389 110 660 163 PROLEGOMENA
679 111 831 165 CRITICA.
1004 108 1119 163 LXXIX

177 253 191 306 I
208 271 235 322 p.
251 257 276 321 8,
296 258 312 306 3
331 250 365 319 V,
384 251 398 304 1
415 268 444 320 p.
460 256 487 319 8,
506 255 539 305 17
558 251 579 304 F
600 250 654 304 soli
672 267 734 304 cum
752 249 818 305 aliis
835 250 961 306 fontibus
981 250 1119 319 antiquis·

102 331 184 386 simis
203 329 361 386 consentire
379 329 521 397 uidentur,
542 329 592 384 sed
611 328 642 383 hi
659 329 717 383 loci
733 333 793 385 tam
810 330 893 400 pauci
907 332 981 400 sunt,
1000 334 1033 386 nt
1045 330 1119 385 nihil

100 411 168 467 inde
187 408 319 467 concludi
336 407 437 478 possit.

172 489 275 545 Restat
289 491 385 544 autem
398 505 484 544 unum
498 504 588 558 genus
604 487 771 542 mendorum
789 489 976 557 antiquorum,
995 491 1071 559 qnod
1088 491 1119 545 et

98 569 187 626 latius
200 568 298 640 patuit
311 570 341 625 et
349 567 527 624 manifestius
542 566 660 637 coargui
673 569 778 637 potest,
792 567 1117 637 interpolationem

174 648 299 720 primum
315 666 366 720 per
384 665 415 706 so
433 665 533 719 parum
553 647 615 702 neri
633 647 726 702 simile
745 648 797 715 est,
815 645 963 701 Euclidem
981 645 1052 700 duas
1070 645 1117 702 de-

100 729 323 785 monstrationes
341 727 424 783 unius
441 726 645 797 propositionis
664 726 732 783 dare
751 725 886 793 uoluisse,
905 727 936 781 et
951 726 1023 780 haec
1037 724 1120 780 dubi-

97 811 172 866 tatio
186 810 375 877 confirmatur,
390 807 415 863 si
430 809 562 862 naturam
575 807 676 862 harum
686 807 959 862 demonstrationum
969 805 1120 860 alterarum

100 889 319 944 consideramus.
351 905 419 943 nam
435 886 512 942 inter
529 903 577 942 eas
596 890 671 958 sunt,
690 902 764 957 quae
777 885 935 942 certissime
950 886 986 939 ab
1000 883 1118 939 Euclide

98 969 244 1041 profectae
270 984 328 1023 non
356 983 419 1021 esse
449 967 637 1022 demonstrari
662 965 779 1038 possint.
820 966 901 1022 uelut
926 964 989 1034 quis
1013 963 1119 1037 credat,

99 1047 247 1103 Euclidem
264 1046 357 1117 ipsum
373 1046 629 1102 demonstrationes
642 1049 773 1117 receptas
787 1047 962 1116 improbasse
976 1047 1005 1099 et
1016 1045 1120 1112 postea

100 1143 188 1182 nouas
207 1126 351 1182 breuiores
370 1128 418 1181 uel
435 1124 529 1197 magis
547 1126 708 1196 perspicuas
727 1125 884 1195 addidisse,
908 1143 978 1194 quas
998 1123 1119 1192 receptis

99 1207 298 1278 praeferendas
313 1222 374 1261 esse
388 1205 494 1260 diserte
503 1205 691 1276 significaret?
715 1206 774 1261 sine
788 1206 883 1274 dnbio,
898 1205 922 1259 si
936 1205 977 1259 ita
991 1203 1118 1271 sentiret,

102 1301 149 1340 eas
171 1285 338 1355 recepisset,
361 1287 491 1354 receptas
516 1284 664 1341 omisisset.
701 1286 755 1342 hac
779 1285 814 1342 de
837 1302 923 1341 cansa
941 1284 1118 1340 damnandae

102 1365 355 1422 demonstrationes
373 1381 464 1420 nouae
484 1365 530 1435 VI,
545 1372 580 1420 20
597 1383 625 1435 p.
641 1371 694 1423 418
713 1362 828 1436 (ἑτέρως
846 1363 1117 1436 προχειρότερον

102 1447 257 1516 δείξομεν),
278 1444 313 1513 X,
332 1451 367 1500 90
390 1463 419 1515 p.
439 1449 492 1501 400
511 1443 759 1516 (συντομώτερον),
782 1444 843 1515 XII,
863 1451 896 1501 17
919 1463 946 1515 p.
967 1449 1019 1501 858
1038 1446 1117 1514 (προ-

101 1522 282 1596 χειρότερον).
318 1541 371 1579 nec
388 1524 482 1580 minus
501 1528 647 1594 suspectae
666 1528 732 1580 sunt
755 1526 1007 1581 demonstrationes
1026 1538 1117 1578 nouas

102 1604 207 1674 inipso
222 1607 356 1659 contextu
372 1621 424 1672 per
441 1598 459 1672 ἢ
480 1604 531 1658 καὶ
550 1600 647 1674 οὕτως,
666 1599 748 1674 decl
762 1600 859 1673 ἄλλως,
879 1603 986 1659 similia
998 1602 1117 1657 moleste

103 1685 239 1748 adnexae,
259 1681 356 1749 quales
375 1685 440 1735 sunt
458 1683 504 1746 ΙΙΙ,
524 1688 539 1737 ‘1
558 1701 585 1751 p.
604 1689 671 1749 323,
698 1682 747 1749 ΙΙΙ,
767 1688 783 1738 8
806 1701 834 1752 p.
853 1688 918 1750 323,
947 1682 996 1737 cfr.
1016 1681 1063 1749 III,
1082 1688 1115 1735 31

103 1780 131 1832 p.
151 1767 218 1827 332,
246 1761 285 1828 X,
308 1767 342 1814 32
365 1760 472 1813 lemma
493 1779 519 1828 p.
540 1766 604 1828 302,
632 1760 710 1828 XIII,
735 1765 768 1814 13
791 1779 819 1828 p.
839 1767 900 1816 378.
947 1760 1021 1815 aliae
1043 1777 1116 1814 nnnc

104 1840 275 1898 auctoritate
294 1839 399 1895 codicis
416 1835 448 1908 P,
466 1839 516 1893 ubi
534 1841 635 1909 postea
654 1839 684 1893 in
702 1857 759 1909 mg.
779 1839 893 1894 additae
913 1845 991 1906 sunt,
1010 1837 1118 1893 Thooni

101 1923 226 1977 tributae
254 1922 320 1975 sunt
346 1918 393 1972 uel
419 1917 516 1973 saltim
545 1933 579 1971 ex
606 1919 700 1973 uerbis
723 1917 849 1974 Euclidis
877 1916 966 1988 ipsius
994 1918 1119 1972 remotae

104 2001 149 2072 (Il,
161 2007 193 2066 4;
213 2001 273 2067 Vll,
288 2005 335 2066 313
355 1997 389 2066 X,
410 2003 433 2065 1,
445 2004 470 2066 6,
481 2004 505 2066 9,
525 2017 551 2053 u.
567 2015 652 2067 supra
669 2018 696 2069 p.
707 1997 841 2068 XLVIH).
874 1996 948 2052 aliae
966 2014 1070 2068 rursus,
1087 2000 1120 2052 ut

103 2083 137 2151 X,
157 2087 210 2136 105
230 2086 259 2135 et
278 2087 330 2135 103
355 2079 405 2147 (ΙΙΙ
424 2095 488 2148 app.
509 2082 655 2148 23-20),
683 2083 712 2135 et
734 2078 798 2134 loco
821 2082 851 2134 et
868 2077 1015 2133 uicinitats
1033 2078 1118 2134 inter·

102 2161 279 2232 polationnm
298 2159 511 2215 manifestarum
530 2162 698 2228 arguuntur,
717 2160 765 2217 cfr.
786 2161 821 2230 X,
840 2165 891 2214 113
909 2176 937 2227 p.
952 2165 1014 2213 402.
1046 2158 1116 2215 haec

102 2243 196 2297 omnia
220 2257 283 2294 cnm
307 2238 405 2309 spuria
428 2254 488 2294 esse
511 2240 633 2309 constet,
661 2256 769 2310 paucae
789 2239 889 2308 etiam,
917 2256 989 2308 quae
1008 2241 1117 2294 restant

102 2321 354 2376 demonstrationes
372 2321 480 2375 alterae
503 2335 554 2386 per
575 2336 604 2372 se
622 2319 728 2388 probae
751 2319 814 2390 (ΙΙΙ,
836 2324 851 2374 3
870 2338 897 2388 p.
917 2325 982 2386 323,
1008 2319 1061 2390 ΙΙΙ,
1081 2326 1115 2375 10

101 2418 128 2470 p.
147 2406 212 2468 eso,
241 2399 288 2469 vl,
308 2406 342 2454 30
360 2418 388 2470 p.
407 2405 472 2466 saa,
500 2397 547 2465 VI,
566 2404 599 2451 31
619 2416 647 2467 p.
666 2404 733 2468 424,
759 2400 807 2467 xl,
827 2404 861 2453 aa
880 2418 907 2469 p.
927 2403 1003 2470 ass),
1022 2402 1052 2454 in
1071 2417 1115 2455 su-

102 2480 257 2549 spicionem
275 2481 421 2534 uocantur.
457 2496 524 2534 nam
541 2476 625 2532 facile
643 2478 820 2548 intellegitur
842 2478 902 2535 fieri
920 2479 1061 2550 potuisse,
1083 2484 1116 2534 ut

101 2560 238 2630 magistro
253 2559 300 2614 uel
315 2559 415 2613 edItori
430 2559 516 2613 alicui
530 2558 587 2612 alia
603 2559 806 2614 demonstratio
820 2559 850 2614 in
863 2564 987 2615 mentem
997 2561 1115 2626 ueniret,

103 2655 174 2707 qnae
193 2639 220 2692 ei
239 2640 330 2708 magis
348 2639 484 2708 placeret,
502 2637 562 2691 sine
577 2639 637 2693 iure
656 2638 716 2694 sinc
729 2639 841 2708 iniuria,
859 2638 1032 2694 Euclidiana.
1065 2639 1114 2693 do-

101 2720 232 2774 cumento
252 2719 318 2772 sunt
336 2717 589 2773 demonstrationes
603 2735 695 2774 nouae
708 2736 764 2774 non
781 2720 810 2774 in
826 2721 956 2774 omnibns
971 2717 1115 2773 codicibus

101 2798 302 2868 interpolatae,
329 2800 410 2853 uelut
426 2797 479 2865 IX,
498 2804 532 2852 22
554 2816 582 2867 p.
603 2805 654 2854 433
677 2799 707 2852 in
726 2799 746 2852 F
771 2799 845 2866 solo,
872 2797 951 2864 XIII,
975 2802 990 2850 5
1014 2814 1043 2865 p.
1062 2802 1113 2852 332

102 2876 133 2929 in
146 2878 168 2930 P
182 2877 287 2947 (bq).*)
325 2879 410 2935 etiam
428 2894 500 2945 quas
519 2878 548 2930 in
568 2878 647 2931 codd.
662 2876 782 2932 aliorum
801 2893 917 2947 operum
935 2875 1115 2930 mathemati·

104 2971 198 3010 corum
217 2956 386 3012 Graecorum
404 2957 585 3012 inueniuntur
603 2957 855 3011 demonstrationes
874 2955 996 3021 alterae,
1015 2953 1039 3007 si
1058 2972 1114 3010 non

103 3048 197 3091 omnes
221 3038 303 3106 (nam
328 3038 358 3092 in
375 3036 536 3092 Archimed.
555 3037 590 3090 de
610 3037 671 3106 sph.
690 3038 720 3090 et
739 3035 791 3104 cyl.
811 3035 850 3103 ΙΙ,
870 3040 886 3089 3
909 3036 1032 3104 genuina
1054 3051 1113 3092 esse

172 3224 198 3291 ²⁸)
218 3221 300 3287 Quod
318 3221 461 3276 Knochius
480 3222 646 3277 Untersuoh.
660 3221 730 3275 iiber
748 3220 794 3275 dio
808 3219 965 3290 neuaufgef.
982 3220 1113 3278 Scholien

100 3294 150 3350 des
168 3293 296 3348 Prolrlns.
319 3291 525 3347 Herford1865
543 3310 570 3360 p.
586 3298 620 3347 37
640 3290 787 3360 significat,
806 3292 858 3344 has
875 3287 964 3354 ἄλλως
983 3293 1111 3347 eProelo

98 3367 247 3434 excerptas
262 3379 331 3430 esse,
347 3363 433 3427 errat3
452 3379 502 3417 nec
518 3362 549 3416 in
563 3364 624 3417 solo
638 3363 711 3416 libro
725 3363 739 3414 Ι
753 3359 861 3430 desunt,
875 3379 931 3431 quo
945 3364 1111 3433 argumento

97 3436 152 3492 niti
171 3436 292 3490 uidetur.
329 3432 412 3502 longe
430 3433 602 3500 antiquiores
621 3433 693 3487 sunt.
