2362 3796
83 129 128 194 50
455 129 658 182 εεοιεεεωω
677 123 724 184 ιε’.

83 269 186 337 πάλιν
218 268 256 338 τὸ
285 267 412 357 ήμισυ·,
442 276 570 357 γίνεται
596 269 783 358 τριάκοντα.
840 267 896 337 διδι
926 273 962 336 τί
991 268 1029 336 δὲ
1060 268 1100 338 τὸ

84 374 187 462 ήμισυ
214 381 392 463 ποιοὺμεν;
430 375 543 463 ἐπειδή
573 375 692 464 ἑκάστη
719 375 863 463 πλευρά,
891 384 956 444 είτε
983 367 1005 463 ή
1033 382 1100 464 τρί-

84 508 196 568 γωνον
219 479 239 569 ἢ
263 483 479 569 πεντάγωνον
502 480 523 570 ή
543 482 763 570 τετράγωνον,
787 480 832 562 ὡς
851 482 903 550 ἐπὶ
922 484 1039 568 κύβου,
1065 484 1101 550 ἐκ

85 590 244 675 δευτέρου
266 589 478 677 λαμβάνεται.
516 587 641 676 ὁμοίως
664 589 701 657 δὲ
724 593 764 677 τῇ
783 585 867 677 αὐτή
887 587 1024 677 μεθόδῳ
1044 589 1100 656 καλ

48 717 65 766 σ
84 696 136 762 ἐπλ
155 705 216 762 τοί
234 697 341 782 κύβου
358 698 414 765 καὶ
429 696 481 765 ἐπὶ
495 700 555 782 τής
567 699 755 782 πυραμίδος
768 696 823 762 καλ
837 698 899 763 τοῦ
916 692 1100 782 ὀκταέδρου

83 799 123 868 τὰ
148 797 232 869 αὐτὰ
257 802 398 889 ποιήσας
422 801 574 888 εὑρήσεις
595 799 655 882 τάς
678 800 830 888 πλευράς.

151 912 196 974 El
219 907 256 975 δὲ
279 913 482 993 βουληθείης
504 906 606 975 πάλιν
634 906 776 974 ἑκάστου
803 910 871 974 τάν
899 906 995 973 πέντε
1022 924 1100 993 σχη-

84 1012 197 1100 μάτων
226 1011 339 1099 εὑρεῖν
371 1014 429 1093 τὰς
461 1018 601 1100 γωνίας,
634 1012 736 1084 πάλιν
766 1010 807 1079 τά
841 1009 925 1080 αὑτά
955 1012 1099 1098 ποιήσας

84 1119 192 1204 μέριζε
219 1117 308 1205 παρὰ
336 1118 376 1186 τὰ
405 1121 544 1187 ἐπίπεδα
570 1116 611 1186 τά
639 1120 834 1206 περιέχοντα
862 1122 942 1205 μίαν
969 1123 1099 1203 γωνίαν

31 1222 66 1298 1ο
84 1233 145 1290 τοῦ
165 1234 311 1311 στερεοῦ,
334 1219 420 1309 οἷον,
444 1224 557 1310 ἐπειδή
576 1223 639 1311 τήν
657 1229 719 1292 τοὺ
734 1224 951 1311 εἰκοσαέδρου
969 1230 1099 1309 γωνίαν

84 1330 274 1416 περιέχουσι
296 1331 393 1397 πέντε
415 1336 572 1418 τρίγωνα,
596 1330 704 1417 μέριζε
726 1328 816 1417 παρὰ
838 1327 879 1397 τά
902 1331 1013 1397 πέντε·
1049 1336 1097 1415 γί-

84 1460 201 1501 νονται
230 1433 359 1502 δω’δεκα
386 1442 507 1522 γωνίαι
534 1440 595 1504 τοὺ
624 1437 850 1524 εἰκοσαέδρου,
896 1436 948 1504 ἐπὶ
976 1435 1014 1503 δὲ
1035 1447 1097 1504 τοῦ

84 1541 318 1627 δωδεκαέδρου
339 1548 416 1630 τρία
438 1543 638 1629 πεντάγωνα
660 1543 851 1630 περιέχουσι
872 1540 934 1629 τὴν
954 1547 1099 1628 γωνίαν·

84 1649 222 1735 μέρισον
245 1646 335 1735 παρά
357 1646 397 1716 τὰ
420 1656 510 1737 τρία,
531 1650 586 1718 καὶ
611 1651 693 1730 ἕξεις
716 1657 822 1717 είκοσι
844 1653 969 1735 γωνίας
992 1645 1097 1725 οὑσας

31 1777 65 1826 15
83 1758 145 1821 τοῦ
173 1756 415 1842 δωδεκαέδρου.
468 1753 591 1844 ὁμοίως
624 1755 661 1824 δὲ
693 1756 749 1823 καὶ
782 1755 835 1823 ἐπὶ
865 1757 935 1822 τῶν
966 1758 1096 1822 λοιπάν

84 1858 237 1948 εὑρήσεις
259 1860 317 1941 τδις
340 1867 473 1948 γωνίας.

148 1963 328 2053 Ἐζητήθη,
364 1971 434 2046 πως
466 1965 519 2052 ἐφ’
550 1966 691 2034 ἑκάστου
723 1970 792 2034 τάν
823 1968 920 2034 πέντε
951 1969 1095 2051 στερεῶν

83 2071 261 2158 σχημάτων
285 2070 359 2150 ἑνὸς
384 2072 541 2139 ἐπιπέδου
563 2074 631 2138 τῶν
658 2071 881 2160 περιεχόντων
909 2068 1095 2139 ὑποιουοὺν

84 2179 247 2256 δοθέντος
269 2173 456 2263 εὑρίσκεται
478 2177 534 2244 καλ
558 2174 579 2263 ή
602 2183 718 2264 κλίσις,
743 2181 780 2247 έν
803 2170 825 2268 ᾖ
848 2179 992 2245 κέκλιται
1014 2175 1098 2264 πρὸς

30 2307 65 2355 ‘20
84 2281 211 2367 άλληλα
233 2278 273 2346 τά
293 2282 487 2368 περιέχοντα
507 2285 644 2350 ἐπίπεδα
663 2285 803 2352 ἕκαστον
822 2294 891 2351 των
910 2282 1095 2371 σχημάτων.

83 2384 104 2472 ή
124 2386 162 2452 δὲ
181 2385 322 2471 εὕρεσις,
342 2383 388 2466 ὡς
398 2386 568 2476 Ἰσίδωρος
582 2386 599 2457 ὁ
615 2387 771 2478 ήμέτερος
784 2387 980 2476 ὑφηγήσατο
995 2390 1096 2474 μέγας

84 2489 296 2577 διδάσκαλος,
321 2497 386 2580 ἔχει
409 2492 469 2562 τὸν
492 2497 617 2583 τρόπον
639 2507 774 2564 τοῦτον’
799 2493 849 2562 ὅτι
872 2494 934 2579 μὲν
958 2493 1011 2559 ἐπὶ
1033 2499 1095 2562 τοὺ

82 2595 190 2683 κύβου
221 2595 292 2664 κατ’
329 2595 440 2686 ὀρθήν
473 2602 633 2688 τέμνουσι
668 2605 796 2687 γωνίαν
828 2596 867 2664 τὰ
901 2599 1095 2683 περιέχοντα

83 2701 188 2772 αὑτὸν
208 2705 344 2772 ἐπίπεδα
364 2703 502 2793 άλληλα,
522 2707 681 2794 φανερόν.
715 2704 767 2772 ἐπὶ
785 2702 823 2770 δὲ
835 2704 895 2788 τής
907 2708 1096 2789 πυραμίδος

30 2834 64 2884 25
84 2813 276 2890 ἐκτεθέντος
309 2810 384 2891 ἑνὸς
415 2813 583 2900 τριγώνου
615 2813 765 2898 κέντροις
793 2821 863 2887 τοῖς
890 2809 1010 2895 πέρασι
1036 2821 1095 2898 τής

82 2922 159 3003 μιᾶς
181 2922 337 3004 πλευράς,
362 2917 559 3005 διαστήματι
582 2917 620 2985 δὲ
642 2920 681 3006 τή
705 2913 770 2982 άπδ
794 2917 853 3001 τής
871 2919 1080 3003 κορυφήςέπ
1082 2918 1094 2982 ὶ

154 3083 176 3130 1.
197 3072 244 3162 το]
262 3096 320 3130 των
338 3077 396 3132 ΡΒ
490 3075 536 3148 το]
555 3075 666 3145 τωνΒ
690 3065 783 3142 άνΡ,
807 3071 887 3130 τάν.
978 3080 1002 3130 2.
1023 3072 1091 3140 είτε]

82 3146 192 3234 scripsi,
212 3116 826 3231 ήτεΡΒοΗῙιυὼκάντεΉἾωελ
906 3137 1091 3198 ’ἰυτοεΗΡ

118 3223 142 3269 3.
163 3211 395 3301 ήπεντάγωνον]
416 3237 469 3274 om.
488 3237 514 3273 v.
588 3217 694 3303 ατοῦ]
715 3215 813 3286 (prius)
833 3234 887 3272 om.
932 3212 994 3269 BV.
1067 3219 1091 3266 ⁷.

81 3282 180 3357 πάλιν]
199 3282 359 3409 πάεντωνυ
432 3296 456 3345 9,
477 3288 569 3359 μέριζε
588 3285 678 3359 παρά]
698 3304 767 3342 corr.
787 3303 821 3342 ex
839 3289 1045 3359 μεριζετωαραθ
1064 3302 1091 3338 v.

116 3389 207 3463 παρά]
227 3375 248 3448 ὑ
266 3412 302 3448 m.
322 3395 392 3450 Π.
466 3401 508 3452 11.
527 3392 712 3464 περιέχονΡ,
732 3411 802 3450 corr.
820 3412 858 3448 m.
876 3401 930 3449 τσο
1002 3385 1091 3460 τά]Ρ

79 3478 117 3513 m.
132 3479 196 3533 rec„
214 3464 290 3521 Vm
306 3472 331 3534 2,
351 3467 386 3533 B;
404 3463 496 3535 τάςυ,
515 3465 659 3521 PVm..1
725 3465 864 3536 γίνονται]
884 3478 953 3518 corr.
969 3476 1092 3529 exytvo-
