2362 3796
234 114 391 167 sonem
407 114 447 167 IN
464 114 738 167 ELEMENTORUM
755 115 893 167 LIBRUM
907 116 954 169 VI.
1036 111 1101 176 329

69 264 193 325 ταῦτα
216 253 325 323 πάντα
350 253 391 322 τά
418 255 501 341 μέρη
529 260 657 340 γίνεται
684 253 790 340 μονὰς
817 259 892 340 μία,
924 251 996 339 ἥτις
1026 274 1102 321 συν-

71 370 239 449 αφδεῑσα
261 362 302 449 τῇ
324 359 389 447 πρὸ
413 356 517 446 αὐτῆς
538 366 667 445 γίνεται
690 358 762 427 δύο.
809 357 861 427 ὅτι
889 357 928 426 δὲ
954 357 994 426 τά
1018 359 1100 446 μέρη

70 470 192 535 ταῦτα
214 464 322 553 μονάς
347 470 490 552 γίνεται,
517 464 631 552 γνώσῃ
661 464 780 543 οὕτως·
819 461 931 550 εὑρεῖν
955 464 1017 551 χρὴ
1041 462 1100 532 τὸν

73 576 208 659 ἔχοντα
228 570 369 657 πράτως
391 567 456 639 άπὸ
480 570 629 657 μονάδος
651 571 690 640 τά
715 572 798 658 μέρη
817 573 921 637 ταῦτα
940 567 1101 655 άριθμόν,

76 674 119 761 ὃς
155 679 381 765 λαμβανέσθω
409 675 454 758 ὡς
486 683 545 764 μία
577 677 698 765 μονάς,
730 682 800 745 ἔστι
828 677 865 745 δὲ
889 673 907 743 ὁ
932 674 1100 761 ἑξήκοντα.
1137 697 1153 747 5

76 784 212 853 τούτου
223 789 342 853 τοίνυν
355 785 513 873 τέταρτον
526 784 566 852 τά
582 785 770 869 δεκαπέντε,
784 790 897 871 τρίτον
911 780 951 850 τά
966 789 1101 865 εἴκοσιν,

80 891 279 959 δοδίκατον
302 891 342 959 τά
364 892 473 976 πέντε,
496 892 644 977 πέμπτον
666 889 707 958 τά
727 889 869 975 δώδεκα,
892 887 1043 957 είκοστὸν
1061 885 1101 955 τά

82 1002 180 1083 τρία,
208 998 505 1065 πεντεκαιδέκατον
527 996 568 1064 τὰ
592 998 751 1083 τέσσαρα,
779 993 959 1081 ἑξηκοστὸν
987 984 1025 1062 τὸ
1051 995 1101 1061 ἕν·

85 1103 267 1171 δεκαπέντε
299 1102 337 1170 δὲ
367 1103 424 1169 καὶ
452 1112 580 1169 είκοσιν
607 1104 663 1169 καὶ
685 1103 783 1170 πέντε
809 1102 865 1169 καὶ
888 1099 1018 1169 δώδεκα
1045 1100 1101 1168 καὶ

84 1213 163 1296 τρία
190 1207 247 1275 καί
272 1209 417 1294 τέσσαρα
444 1208 500 1275 καὶ
528 1211 565 1276 ἓν
593 1207 760 1294 ἑξήκοντα.
807 1206 894 1277 οὕτω
923 1207 1038 1276 δὲκαὶ
1067 1209 1101 1275 ἐκ
1121 1234 1154 1284 10

88 1318 270 1382 διπλασίου
291 1313 347 1380 καὶ
369 1320 568 1397 τριπλασίου
590 1314 646 1380 καὶ
668 1322 909 1399 τετραπλασίου
931 1320 1059 1400 γίνεται
1082 1311 1099 1382 ὃ

88 1419 507 1506 τετρακαιεικοσαπλάσιος,
527 1415 603 1488 οἷον
621 1412 684 1505 βδ
701 1413 738 1506 ιβ
753 1424 807 1507 μἠ.
845 1420 1005 1506 λαμβάνω
1025 1418 1101 1487 άντὶ

88 1526 150 1613 μὲν
173 1529 236 1594 τοῦ
259 1530 438 1594 διπλασίου
461 1526 536 1611 δύο,
560 1524 636 1593 άντὶ
659 1526 698 1594 δὲ
719 1531 781 1594 τοῦ
799 1531 997 1610 τριπλασίου
1014 1531 1101 1611 τρία,

88 1629 164 1700 άντδ
188 1631 227 1700 δὲ
243 1635 306 1700 τοῦ
322 1637 564 1720 τετραπλασίου
579 1633 735 1717 τέσσαρα,
757 1632 811 1698 καὶ
826 1629 1101 1710 πολλαπλασιάζω

89 1736 128 1805 τά
151 1736 216 1805 δάο
240 1738 293 1805 ἐπὶ
316 1736 355 1805 τά
378 1745 465 1824 τρία,
487 1738 543 1805 καὶ
566 1742 694 1824 γίνεται
718 1739 765 1818 ἔξ·
801 1735 871 1804 εἶτα
894 1737 933 1805 τά
958 1739 1101 1819 τέσσαρα
1121 1762 1154 1811 15

89 1844 141 1913 ἐπὶ
150 1845 191 1911 τά
205 1844 250 1929 ἐξ,
263 1844 319 1911 καὶ
332 1849 486 1931 γίνονται
499 1845 761 1930 είκοσιτέσσαρα,
776 1841 813 1923 ὅς
823 1845 891 1911 ἐστι
901 1841 1103 1931 παράνομος

88 1954 148 2019 τοῦ
171 1955 640 2039 τεσσαρακαιεικοσαπλασίου.

156 2060 186 2125 7.
220 2053 276 2123 Ἔα
299 2055 336 2123 δὲ
357 2062 616 2124 πολλαπλασίων
639 2055 865 2135 πολυπλάσιος
888 2060 1102 2141 συγκείμενος

88 2160 275 2247 εὑρίσκεται
299 2159 416 2242 οὕτως·
444 2156 519 2231 οἷον
543 2159 561 2230 δ
587 2169 621 2249 ιβ
643 2166 704 2230 τοῦ
729 2168 748 2234 ξ
771 2158 995 2248 διπλάσιος,
980 2189 998 2230 ο
1023 2160 1103 2232 oz}

87 2271 150 2336 τοῦ
173 2274 195 2354 β
217 2267 426 2356 τριπλάσιος·
464 2271 500 2334 αί
525 2272 611 2354 γοῦν
638 2269 852 2356 πηλικότητες
875 2267 987 2336 αὐτων
1011 2266 1029 2336 ὁ
1053 2272 1101 2336 δι-
1120 2293 1155 2342 20

89 2371 228 2453 πλάσιος
236 2370 319 2441 καὶ
303 2400 320 2441 ο
332 2371 560 2460 τριπλάσιος“
538 2401 584 2453 ως
598 2373 740 2461 ἀριθμοί
754 2376 1103 2454 πολυπλασιασθέντες

91 2484 242 2563 γίνονται
265 2478 467 2560 ἕξαπλάσιοι.
513 2480 565 2560 δὶς
589 2479 654 2568 γὰρ
681 2479 721 2548 τά
745 2486 766 2567 ᾧ
793 2482 843 2568 ἕξ,
875 2480 959 2550 ὅθεν
988 2479 1004 2548 ὁ
1034 2483 1102 2562 ἑξα-

91 2582 231 2664 πλάσιος
250 2585 524 2674 παρονομάζεται.
563 2589 597 2653 ολ
619 2586 657 2654 δὲ
679 2588 735 2654 καὶ
754 2584 799 2666 ὡς
818 2588 984 2674 ἐπιμόριοι
1003 2596 1104 2654 πολυ-

89 2694 351 2772 πλασιασθίντες
378 2691 481 2759 πάλιν
513 2691 619 2771 οὕτως
651 2698 882 2760 συντίθενται·
922 2690 1104 2769 δωδεκάκις

89 2798 155 2882 γὰρ
177 2800 218 2863 τὰ
238 2800 272 2876 ἓξ
255 2797 519 2884 ξὲβδομήκοντα
539 2797 601 2864 δύο
621 2797 677 2863 καὶ
696 2795 854 2877 εξάκις
820 2821 860 2861 τα
880 2794 943 2861 δύο
964 2793 1102 2880 δυόδεκα,
1121 2819 1155 2868 25

92 2893 142 2969 ὧν
166 2900 344 2981 ἑξαπλάσια
371 2903 411 2970 τά
437 2899 540 2989 οβ,
527 2901 548 2968 ά
577 2901 789 2969 συνέθετο”
769 2927 787 2968 ο
811 2924 845 2966 τε
872 2898 1046 2980 διπλάσιος
1070 2907 1105 2987 ιβ

90 3005 175 3097 πρὸς
198 3009 231 3089 ἓξ
253 3007 346 3079 κάλ’
334 3036 352 3077 ο
374 3007 604 3095 τριπλάσιος
586 3027 605 3077 ς
628 3005 710 3093 πρὸς
733 3012 763 3092 β.

162 3211 186 3260 7.
205 3204 245 3257 V⁴
264 3203 395 3274 (fortasse
413 3204 479 3271 post
496 3220 537 3257 nr.
552 3208 582 3256 11
599 3200 821 3272 adiungendum
840 3215 905 3252 nam
925 3198 1001 3254 illius
1018 3202 1105 3254 uerba

89 3276 182 3345 prima
200 3276 310 3343 septem
329 3273 393 3327 ante
412 3274 466 3326 hoe
485 3276 667 3342 repetuntur).

162 3457 206 3505 23.
225 3444 460 3518 παρωνομάζεται
478 3448 511 3502 V.
