2362 3796
354 109 630 162 uununuronuu
647 112 756 162 ursus
774 112 832 165 xv.
1058 109 1101 172 49

86 252 225 337 angulos
249 251 528 335 comprehendunt
548 250 616 334 [XL
636 253 701 336 10],
724 256 757 317 et
779 255 903 338 reliqua
926 253 1102 319 manifesta

87 361 174 424 sunt.
224 357 368 442 fingatur
395 380 414 422 a
442 362 469 422 Z
497 358 537 422 ad
567 358 703 442 planum
730 361 904 445 pentagoni
933 364 1105 425 ΑΒΓΔΕ

88 463 363 548 perpendicularis
392 464 503 548 ducta,
535 485 618 548 quce
641 464 736 529 cadet
763 464 797 528 in
820 470 965 530 centrum
989 467 1102 531 circuli

45 567 46 571 ’
87 570 209 635 circum
240 573 465 656 pentagonum
493 570 739 654 circumscripti.
785 572 852 635 iam
881 573 908 636 si
936 571 976 636 ab
1000 577 1038 636 N
1061 573 1102 637 ad

88 681 255 761 punctum,
277 675 395 761 inquo
414 677 692 762 perpendicularis
712 699 731 741 a
751 680 777 741 Z
799 678 896 743 ducta
914 700 986 741 cum
1005 678 1103 760 plano

88 782 265 866 concurrit,
297 786 419 848 rectam
451 783 636 848 duxerimus
665 786 698 847 et
727 805 785 867 per
808 788 837 847 Θ
860 785 888 848 ei
913 783 1104 867 parallelam

88 887 287 972 duxerimus,
301 888 509 954 manifestum
520 892 579 973 ert,
593 889 679 955 hanc
689 911 760 954 cum
776 888 1036 976 perpendiculari
1048 892 1104 952 aZ

89 995 187 1061 ductu
211 1015 410 1077 concurrere,
434 997 468 1058 et
489 999 612 1059 rectam
632 1017 652 1058 a
670 998 699 1058 Θ
722 995 851 1061 ductam
875 1017 948 1061 cum
971 1015 1105 1079 perpen-

89 1100 229 1166 diculari
252 1123 271 1164 a
294 1103 323 1164 Z
350 1099 448 1164 ducta
470 1103 595 1164 rectum
619 1102 774 1186 angulum
797 1101 1104 1185 comprehensurum

90 1227 171 1274 esse.
216 1228 326 1271 rursus
354 1207 384 1270 si
411 1228 432 1270 a
458 1207 587 1290 punctis
616 1211 657 1290 Z,
680 1211 720 1272 H
747 1208 787 1272 ad
820 1213 965 1272 centrum
993 1208 1105 1273 circuli

90 1314 211 1378 circum
247 1316 468 1396 pentagonum
506 1316 677 1378 ΑΒΓΔΕ
715 1315 949 1398 circumscripti
990 1318 1023 1378 et
1063 1314 1103 1378 ad

90 1421 260 1503 punctum,
280 1419 314 1482 in
334 1440 397 1502 quo
416 1422 505 1483 recta
525 1442 545 1483 a
564 1423 592 1483 Θ
610 1420 707 1485 ducta
725 1441 797 1484 curn
816 1425 905 1485 recta
923 1442 942 1484 a
962 1425 988 1484 Z
1008 1419 1106 1485 ducta

91 1525 266 1608 concurrit,
279 1527 385 1588 rectas
399 1524 594 1608 duxerimus,
608 1525 689 1589 haec
704 1547 776 1589 cum
790 1526 900 1590 eadem
916 1525 973 1589 illa
982 1529 1106 1591 rectum

92 1632 248 1716 angulum
273 1628 541 1714 comprehendet3
570 1631 654 1694 unde
678 1630 887 1694 manifestum
896 1627 920 1715 l)
945 1634 1009 1712 est,
1031 1651 1107 1713 pen-

28 1736 33 1741 ’
92 1742 251 1822 tagonum
275 1739 467 1800 ΗΘΚΛΜ
486 1736 521 1798 in
544 1757 608 1800 uno
632 1736 731 1816 plano
756 1756 825 1798 esse
848 1735 1001 1817 positum.

160 1842 299 1927 Oportet
316 1861 376 1903 nos
397 1839 487 1922 scire,
506 1840 534 1905 si
553 1842 625 1924 quis
644 1840 739 1905 nobis
759 1838 889 1902 dixerit:
909 1842 988 1921 quot
1006 1841 1109 1905 latera

92 1948 194 2013 habet
216 1946 441 2011 icosaedrnm?
469 1981 506 1993 —
533 1951 603 2010 tum
627 1969 688 2010 nos
712 1947 760 2009 ita
783 1967 995 2029 responsuros
1024 1968 1108 2012 esse:

93 2054 305 2120 manifestum
338 2057 401 2136 est,
433 2053 637 2119 icosuedrum
670 2052 788 2137 uiginti
820 2051 994 2137 triangulis
1025 2074 1109 2117 oom-

49 2222 61 2243 ,ρ
92 2160 264 2246 prehendi,
298 2164 333 2224 et
364 2160 510 2243 singulos
543 2159 726 2245 triangulos
759 2159 867 2224 tribus
898 2159 995 2224 rectis
1026 2181 1109 2225 com·

95 2267 260 2352 prehendi.
316 2287 416 2351 quare
446 2257 590 2351 oportet,
622 2266 877 2349 multiplicemus
906 2266 1024 2350 uiginti
1051 2265 1108 2330 tri·

96 2375 233 2458 angulos
256 2374 292 2438 in
319 2374 425 2438 latera
452 2373 622 2457 trianguli3
651 2373 734 2436 fiunt
761 2372 944 2455 sexagintu3
972 2395 1109 2458 quorum

96 2479 262 2543 dimidium
294 2479 333 2542 fit
364 2478 512 2562 triginta.
565 2482 598 2542 ct
625 2477 776 2542 similiter
802 2499 914 2541 rursus
944 2479 1042 2542 etiam
1075 2478 1109 2541 in

100 2582 305 2649 dodecaedro.
326 2584 481 2668 quoniam
491 2584 659 2649 duodecim
673 2587 860 2668 pentagona
875 2584 1110 2648 dodecaedrum

101 2690 385 2775 comprehendunt,
418 2694 451 2755 et
478 2712 589 2754 rursus
620 2690 751 2774 singula
777 2693 964 2773 pentagona
994 2690 1110 2771 quinas

174 2843 199 2909 1)
222 2840 266 2895 Ne
287 2845 359 2899 haec
381 2847 495 2914 quidem
518 2846 721 2900 demonstratio
750 2846 819 2900 satis
845 2845 921 2899 clara
944 2845 1111 2898 accuretuuo

100 2913 157 2976 cst;
175 2914 322 2980 praeterea
339 2916 510 2972 constructio
528 2916 591 2984 ipsa
611 2916 778 2971 dodecaedri
797 2916 899 2970 omissa
918 2919 970 2969 est.

99 3103 169 3144 corr.
190 3105 226 3141 m.
247 3092 272 3140 2.
340 3083 581 3161 yovtav1cP133
601 3113 640 3161 yur
659 3092 686 3146 V
704 3113 740 3146 m.
760 3100 785 3161 1,
804 3077 843 3162 ydi
862 3109 900 3146 m.
919 3096 944 3146 2.
1011 3085 1110 3161 αὐτῆς]

98 3157 226 3214 καθέτου
245 3177 271 3213 v.
354 3164 396 3212 14.
420 3146 494 3216 duell
512 3161 543 3218 B.
630 3169 669 3218 16.
692 3160 783 3235 ἡμᾶς]
808 3163 862 3218 del.
882 3160 915 3216 V.
994 3168 1035 3218 1⁷.
1062 3161 1111 3234 ἔχῃ

98 3230 179 3284 PBv.
255 3234 296 3285 18.
323 3230 427 3299 elucet]
450 3232 523 3302 RV,
548 3237 576 3290 et
595 3233 725 3289 similiter
743 3233 861 3304 saepius.
939 3232 1110 3304 περιέχεται]

99 3299 226 3370 περιέχει
244 3301 276 3368 Β,
296 3302 325 3355 et
343 3300 374 3368 P,
394 3318 464 3357 corr.
478 3322 513 3360 m.
528 3323 582 3360 rec.
647 3312 686 3359 19.
707 3300 764 3375 ὅτι]
784 3325 811 3357 τι
825 3304 855 3356 Ρ.
909 3302 1073 3390 περιέχηται
1087 3323 1112 3357 v.

135 3377 184 3494 23⁸2
198 3367 313 3496 ἐπειδή]
333 3366 399 3497 ἔίιῖεί
414 3371 448 3428 V.
526 3373 704 3446 περιέχουσιν
723 3375 753 3428 P.
831 3380 874 3429 25.
894 3376 1036 3429 ὃωδειιακι
1055 3372 1113 3427 ΡΒ.

134 3462 172 3496 au
201 3462 328 3511 γνονιιιι
373 3486 379 3499 .

153 3541 303 3596 Euclides,
317 3544 368 3584 edd.
382 3543 487 3592 Heiberg
501 3545 524 3582 et
537 3542 626 3590 Menge.
650 3541 677 3581 V.
948 3538 968 3584 la
