2362 3796
230 155 388 209 50110515
405 159 444 210 IN
462 158 740 211 ELEMENTORUM
758 160 898 212 LIBRUM
911 161 947 214 IL
1041 158 1107 223 247

44 384 49 389 ¹
76 293 121 362 τδι
145 298 209 364 ἤι’
225 295 281 363 καὶ
304 287 336 364 5
358 303 517 384 γίνεσθαι
541 289 620 384 555,
654 298 813 367 διπλάσιά
841 302 910 367 ἐστι
936 304 1006 368 τῶν
1035 298 1101 370 άιτὸ

76 404 151 471 τῶν
179 407 261 488 ΛΓ,
288 408 366 489 ΓΛ,
397 405 547 471 τουτέστι
575 407 642 471 τῶν
670 409 726 489 55,
759 401 780 471 ά
807 411 963 491 γίνονται
990 410 1059 475 τῶν
1088 411 1109 478 5

78 507 133 575 ἐπὶ
156 512 179 578 5
199 510 596 595 αολλαιιλασιαζομένων·
624 514 780 594 γίνονται
803 511 867 599 γάρ
892 507 978 596 ὁμοῦ
1000 510 1042 577 τά
1067 517 1107 583 λξ

77 613 135 680 καὶ
160 611 201 681 τά
223 601 270 682 ἰῒά
293 604 359 703 ρἰξ,
387 613 471 701 άτιερ
501 615 593 683 ἐστὶν
620 613 686 683 άιιὸ
716 617 776 702 τῆς
799 611 952 702 ἡμισείας
979 616 1036 683 καὶ
1059 621 1108 685 ἔτι

77 723 138 805 τῆς
160 719 274 806 ἑτέρας
297 718 449 807 ἡμισείας
476 719 542 788 σὺν
570 725 610 809 τῇ
633 722 855 809 προσκειμένῃ
885 718 931 800 ὡς
959 725 1052 807 μιᾶς,
1085 720 1107 788 ά
1144 746 1160 795 5

80 828 167 893 είσιν
195 824 297 914 ἡμίση
325 831 394 894 τῶν
417 817 490 895 ἥδ.

149 934 200 1000 68.
236 930 284 1000 Τά
307 930 372 1000 άιιὸ
392 937 461 1001 τῶν
480 939 550 1026 ΑΔ
567 933 623 1000 καὶ
642 939 709 999 ΔΒ
728 929 920 1019 τετράγωνα
942 931 1101 1001 διπλάσιά

79 1040 145 1104 εἰσι
171 1042 240 1106 τῶν
267 1035 333 1106 άιτδ
363 1047 433 1106 τῶν
460 1043 493 1103 Α
500 1042 531 1104 Γ
557 1038 613 1105 καὶ
640 1044 704 1105 ΓΔ
730 1038 959 1123 τετραγώνων.
1017 1043 1101 1107 ἔστω

78 1142 144 1229 γάρ
167 1140 189 1230 ἡ
213 1143 274 1231 μὲν
298 1151 369 1211 ΑΔ
395 1144 555 1230 μονάδων
578 1149 605 1212 ῖ.
653 1142 786 1223 δεκάκις
809 1142 847 1211 δὲ
868 1142 909 1211 τά
933 1149 953 1215 ῖ
975 1144 1103 1216 ἑκατόν.

77 1245 96 1319 ί
118 1246 164 1317 Ᾰδδ
182 1253 249 1336 ΔΙΒ
268 1243 301 1318 δ’
327 1250 379 1329 δίς
396 1247 461 1336 γάρ
482 1243 563 1336 τδιηδ
586 1251 740 1336 τέσσαρα.
778 1255 930 1335 γίνονται
953 1242 1016 1321 οὖν
1034 1257 1102 1321 τῶν
1125 1277 1158 1326 10

78 1355 142 1425 δύο
161 1355 379 1444 τετραγώνων
399 1359 437 1423 αί
453 1356 613 1444 μονάδες“
614 1361 665 1445 ρδ.
702 1383 723 1443 η
711 1353 782 1423 ‘5
796 1364 828 1423 Α
835 1362 905 1424 Γ
880 1374 930 1428 ις·
958 1360 1107 1445 τετράκις

76 1458 142 1550 γάρ
162 1455 235 1531 δ
202 1482 243 1535 ις
280 1460 359 1550 ἡδὲ
373 1464 497 1544 mg.
542 1463 708 1544 ἑξάκιςδὲ
726 1462 766 1529 τά
787 1467 808 1533 5
827 1468 875 1534 55.
916 1464 1105 1552 μιγνύμενα

76 1560 142 1638 οὗν
166 1568 206 1636 τά
230 1576 264 1641 ῖς
285 1568 367 1657 μετά
390 1574 459 1637 τῶν
478 1573 518 1639 55
541 1574 695 1654 γίνονται
718 1574 777 1654 νβ,
805 1567 844 1636 τά
869 1568 907 1637 δὲ
930 1574 973 1655 νβ
998 1567 1101 1656 ἡμίση

80 1675 148 1743 είσὶ
169 1678 238 1745 τῶν
261 1680 314 1765 ρδ.

146 1784 198 1850 69.
230 1779 276 1848 Ἡ
294 1780 355 1868 ὅλη
379 1787 441 1849 ΓΖ
468 1782 629 1870 μονάδων
658 1782 753 1866 δέκα,
785 1785 908 1861 αιτινες
938 1780 1018 1849 δέκα
1040 1806 1096 1866 μο-
1122 1805 1155 1855 15

76 1886 179 1968 νάδες
201 1893 390 1975 μερίζονται
410 1893 457 1968 είς
475 1887 515 1957 τά
534 1894 556 1975 ἡ
578 1886 730 1974 τμήματα
749 1891 808 1973 της
826 1884 932 1974 αὐτῆς
949 1889 1103 1975 γραμμῆς

77 1994 198 2075 οὕτως·
222 1991 244 2080 ἡ
261 2000 328 2060 ZA
344 1995 506 2080 μονάδων
525 1986 558 2081 B}
577 1993 617 2061 τά
638 1993 675 2061 δὲ
694 1993 794 2061 λοιπά
812 1992 976 2081 τμήματα,
994 1990 1101 2078 ἡγονν

76 2098 115 2168 τὸ
141 2107 211 2167 ΑΕ
236 2100 293 2166 καὶ
317 2106 391 2186 ΕΓ,
420 2098 486 2167 άνδι
509 2098 671 2186 μονάδων
688 2092 723 2168 δ.
765 2097 884 2167 λοιπὸν
908 2090 1016 2185 οὖνὴ
1040 2104 1102 2167 ΓΖ

75 2203 155 2290 ὅλη,
179 2203 287 2291 ἡνονν
309 2208 347 2272 αἱ
364 2207 444 2274 δέκα
463 2205 617 2294 μονάδες,
641 2205 1010 2293 πολλαπλασιαζόμεναι
1031 2202 1098 2273 ὑπὸ

74 2313 135 2396 τὴς
158 2317 237 2396 ZA,
264 2307 337 2398 ἡτις
360 2312 429 2379 ἐστὶ
452 2311 612 2399 μονάδων
638 2305 674 2398 5,
702 2318 856 2399 γίνονται
884 2321 1003 2381 είκοσι·
1046 2312 1098 2392 δὶς
1116 2337 1151 2385 νο

76 2413 143 2503 γάρ
167 2417 248 2486 δέκα
273 2424 389 2490 είκοσι.
433 2416 471 2485 τὸ
496 2417 534 2485 δὲ
557 2415 622 2485 άτιδ
647 2429 706 2504 τῆς
729 2427 798 2486 ΑΕ
818 2417 1029 2509 τετράγωνον
1052 2424 1102 2506 γί-

76 2542 174 2590 νεται
185 2523 348 2611 μονάδων
366 2528 414 2594 ῖς·
437 2523 587 2611 τετράκις
607 2519 673 2612 γάρ
697 2524 740 2592 τά
760 2527 905 2614 τέσσαρα
925 2533 967 2597 ιζ’.
1005 2524 1043 2593 τὸ
1064 2524 1102 2593 δὲ

74 2627 140 2696 άτίὸ
168 2634 227 2716 τῆς
254 2638 319 2698 ΕΖ
345 2628 558 2716 τετράγωνον
587 2630 747 2716 μονάδων
778 2631 883 2718 οὔσης
910 2635 944 2712 ἓξ
974 2637 1101 2717 γίνεται

74 2733 236 2819 μονάδων
266 2741 318 2806 λξ·
360 2736 469 2816 ἑξάκις
496 2736 561 2824 γάρ
589 2735 629 2804 τά
658 2743 679 2808 5
707 2743 758 2807 55.
813 2743 883 2806 ἔστι
910 2736 948 2804 δὲ
975 2736 1031 2802 καὶ
1062 2736 1099 2803 τὸ
1145 2763 1147 2767 ⁴

76 2840 257 2926 εἰρημένον
291 2840 501 2926 τετράγωνον
538 2841 576 2909 τὸ
613 2840 679 2910 ὑπὸ
714 2854 782 2910 τῶν
816 2849 892 2928 ΓΖ,
921 2849 986 2908 ΖΑ
1018 2837 1098 2908 άνα-
1119 2867 1154 2917 25

154 3055 196 3106 68.
217 3050 256 3120 q³.
331 3056 372 3108 69.
393 3052 425 3123 q³
440 3055 464 3124 (f
470 3054 496 3122 ¹).

149 3243 285 3302 1.τά-
251 3242 447 3320 -ηίνεσθαὴ
468 3265 569 3314 om..q
650 3243 877 3319 2.τοντε’στι]”
858 3265 994 3318 ηηοννη.
1070 3254 1096 3303 4.

70 3332 168 3390 ἔτι-
134 3331 393 3444 -55]0m.q
465 3336 518 3407 ’10,
538 3336 572 3407 5]
593 3328 775 3408 debu155
746 3336 836 3399 δίς
854 3334 895 3393 δε
988 3343 1029 3391 11
1053 3337 1096 3408 ις]

69 3422 171 3478 debuit
188 3414 210 3477 δ
225 3427 255 3478 et
273 3423 406 3492 τετράκις
424 3420 471 3477 δέ.
565 3430 605 3480 15.
629 3420 714 3496 ἡμίση
735 3423 804 3513 είσί]
824 3442 919 3480 renou.
941 3443 968 3494 q.
1052 3432 1101 3481 55

71 3487 209 3564 οὔσης]”
192 3513 227 3548 ον
246 3511 274 3561 q
347 3499 390 3547 25.
410 3489 604 3570 τετράγωνον]
623 3497 726 3554 5555
746 3491 947 3569 δοθοηδντον
