2362 3796
209 152 368 204 scnomA
385 154 425 204 ια
442 155 717 205 αααααααοαοα
734 155 874 206 mmm
886 156 920 208 x.
1005 151 1071 215 479

56 295 149 359 ἐστιν
172 289 193 378 ἡ
213 299 282 361 ΒΓ.
319 293 374 360 καὶ
398 290 419 380 ἡ
438 300 504 361 ΒΓ
523 292 588 381 άρα
611 298 651 382 τῇ
672 302 739 361 ZA
762 294 948 422 σύμμετρός
972 297 1071 362 ἐστιν.

52 411 126 477 ταῖς
148 396 266 478 αὐτοῖς
290 398 328 465 δὲ
351 398 489 485 ἐφόδοις
511 399 678 487 χρώμενοι
702 398 909 531 ὃείξορεν,”
890 427 940 486 οτι
963 398 984 485 ἡ
1008 407 1075 468 ΒΓ

55 507 96 591 τῇ
116 511 184 570 ZA
203 503 391 592 σύμμετρός
410 507 510 591 ἐστιν,
534 505 692 592 δηλονότι
711 505 809 587 είς
775 534 813 575 το
834 533 867 592 ιη
872 506 1071 636 ’θεώρημα

72 614 196 678 1.20
237 608 319 678 Τὸ
301 610 367 679 υπὸ
388 621 458 680 τῶν
475 619 554 696 BA,
569 621 602 679 A
609 620 641 680 Γ
654 610 766 681 ίσον“
750 613 921 681 νπόκειται
939 617 984 703 τῷ
1004 609 1069 680 άτιὸ

53 719 115 784 τοῦ
133 717 293 802 τετάρτου
308 719 433 846 μέρους
451 716 720 810 ἀναγραφομένῳ
738 717 936 809 τετραγώνῳ
956 723 1015 804 τῆς
1029 728 1122 793 A.5

55 820 139 890 ὥστε
162 821 200 890 τὸ
225 820 318 903 δὶς’
299 821 365 891 υπὸ
389 827 458 891 τῶν
477 831 555 911 ΒΔ,
576 831 648 892 ΛΓ
666 833 741 893 ίσον
767 826 835 893 ἐστὶ
858 829 903 917 τῷ
928 823 993 892 άπὸ
1012 828 1070 910 τῆς

54 926 208 1015 ἡμισείας
225 933 330 1015 τῆςΑ
347 929 555 1021 τετραγώνῳ.
590 929 627 999 τὸ
653 929 718 1016 ἄρα
740 934 889 1020 τετράκις
911 928 978 999 ὑπὸ
1001 936 1070 999 τῶν

55 1041 84 1100 Β
90 1044 134 1120 Δ,
154 1041 224 1102 ΔΓ
244 1043 320 1104 ίσον
343 1038 411 1105 ἐστὶ
434 1040 480 1128 τῷ
499 1035 564 1106 άπὸ
583 1042 643 1124 τῆς
661 1049 701 1108 A.
738 1043 838 1107 τοῦτο
858 1031 922 1106 οὖν
942 1043 1073 1125 είρηταί

53 1167 111 1228 μοι
136 1139 180 1221 ὡς
203 1143 404 1211 συντελέσον
427 1143 511 1232 πρὸς
532 1142 573 1211 τὰ
597 1145 761 1231 μέλλοντα
785 1143 1004 1230 συνάγεσθαι.

124 1251 196 1316 121.
230 1245 369 1335 Ὁμοίως
392 1253 546 1337 δείξομεν
569 1276 599 1337 p.
623 1253 680 1337 52,
705 1256 739 1335 8]
766 1250 805 1320 τὸ
829 1250 980 1337 τετράκις
1002 1249 1067 1318 ὑπὸ
1088 1274 1122 1324 10

54 1358 123 1423 τάν
142 1361 219 1442 ΒΔ,
238 1362 309 1424 ΔΓ
328 1383 409 1442 μετα
432 1362 494 1425 τοῦ
511 1357 662 1447 τετράκις
680 1355 746 1426 άπὸ
764 1362 823 1440 τῆς
841 1365 910 1426 EA
929 1366 985 1425 ίσα
1005 1359 1069 1425 είσὶ

56 1470 101 1550 τῷ
135 1459 283 1547 τετράκις
315 1458 380 1530 άπὸ
410 1468 481 1530 ΕΓ.
533 1462 618 1531 ἄλλα
650 1465 687 1532 τὸ
721 1463 871 1550 τετράκις
901 1461 968 1532 ὑπὸ
1000 1469 1069 1532 τῶν

56 1573 135 1650 ΒΔ,
150 1573 220 1634 ΔΓ
236 1576 311 1636 ίσον
330 1569 399 1635 ἐστὶ
418 1573 464 1660 τῷ
482 1567 544 1637 άιιὲ
568 1573 628 1656 τῆς
640 1579 680 1637 A.
719 1568 802 1637 ὥστε
820 1568 858 1637 τὸ
878 1567 943 1637 άιιὸ
961 1574 1019 1656 τῆς
1037 1577 1069 1636 A

56 1672 136 1760 μετά
159 1678 220 1742 τοῦ
242 1673 392 1763 τετράκις
414 1672 479 1743 άτιὸ
504 1679 561 1761 τῆς
581 1683 650 1743 ΕΔ
674 1683 750 1743 ίσον
769 1676 837 1744 ἐστὶ
855 1679 901 1765 τῷ
920 1675 1069 1763 τετράκις

55 1778 119 1849 άιιὲ
145 1785 202 1867 τῆς
220 1787 291 1849 ΕΓ.
333 1786 379 1872 τῷ
404 1782 442 1849 δὲ
464 1781 612 1869 τετράκις
636 1780 700 1851 άπὸ
725 1787 783 1869 τῆς
806 1790 876 1850 EA
900 1790 975 1850 ίσον
1000 1782 1067 1849 ἐστὶ
1089 1803 1121 1852 16

55 1885 92 1956 τὸ
117 1885 182 1955 άιιο
206 1898 265 1974 τῆς
287 1895 367 1954 ZA·
392 1892 550 1956 διπλασία
572 1891 637 1976 γάρ
663 1891 753 1956 ἐστιν
776 1915 796 1974 q
821 1896 887 1955 ΖΔ
910 1891 969 1974 τῆς
991 1895 1067 1956 ΕΔ.

54 1992 93 2062 τὸ
117 1991 184 2078 ἄρα
207 1990 273 2061 άπὸ
296 1997 355 2079 τῆς
378 2004 410 2062 A
439 1993 519 2081 μετὰ
548 2005 609 2062 τοῦ
636 1994 787 2081 τετράκις
813 1991 879 2062 άπὸ
903 1997 963 2079 τῆς
985 2001 1067 2079 ΕΔ,

55 2103 206 2169 τουτέστι
225 2098 305 2186 μετὰ
318 2111 380 2168 τοῦ
399 2098 464 2170 άπὸ
483 2106 542 2187 τῆς
556 2109 633 2187 ΖΔ,
654 2109 730 2169 ἴσον
749 2105 840 2170 ἔσται
858 2106 903 2192 τῷ
918 2099 1069 2186 τετράκις

56 2205 121 2275 άπὸ
149 2211 207 2292 τῆς
230 2209 300 2275 ΕΓ.
345 2211 391 2299 τῷ
420 2207 457 2275 δὲ
482 2208 633 2293 τετράκις
661 2205 725 2276 άτιο
754 2213 812 2294 τῆς
834 2214 902 2276 ΕΓ
930 2216 1006 2276 ίσον
1028 2206 1067 2275 τὸ

55 2310 121 2379 άπὸ
144 2316 202 2397 τῆς
220 2317 290 2379 ΒΓ.
327 2312 365 2381 τὸ
390 2310 455 2400 άρα
478 2312 542 2380 άπὸ
565 2317 624 2400 τῆς
643 2321 710 2382 ΒΓ
730 2323 806 2383 ἴσον
825 2314 893 2382 ἐστὶ
913 2325 982 2393 τοῖς
1001 2312 1067 2382 άτὸ
1087 2335 1122 2385 20

56 2421 124 2486 ταῖν
148 2430 180 2486 A
210 2419 266 2486 καὶ
295 2426 362 2487 ZA
389 2416 617 2506 τετραγώνοις.
667 2420 705 2488 τὸ
734 2419 799 2489 άπὸ
826 2424 884 2507 τῆς
907 2427 974 2488 ΒΓ
1002 2419 1068 2504 άρα

56 2524 168 2609 μεῖζόν
183 2528 251 2593 ἐστι
265 2529 327 2593 τοῦ
345 2523 406 2594 άτὲ
429 2530 488 2611 τῆς
502 2535 534 2593 A
550 2531 603 2618 τῷ
616 2525 680 2595 άιιὸ
699 2531 759 2614 τῆς
773 2534 847 2595 ZA.
884 2527 1068 2595 συνακτέον

57 2633 99 2715 δη
122 2628 182 2697 τὸν
205 2632 309 2716 λόγον
331 2631 387 2698 καὶ
412 2628 531 2711 οὕτως·
566 2630 604 2700 τὸ
627 2631 694 2700 άπὸ
723 2643 781 2717 τῆς
804 2639 870 2700 ΒΓ
894 2641 970 2700 ίσον
999 2633 1068 2700 ἐστὶ

57 2739 102 2826 τῷ
121 2737 279 2820 ’τετράκις
306 2735 385 2813 άπὸ,
401 2741 459 2824 τῆς
481 2746 551 2806 ΕΓ.
600 2738 638 2807 τὸ
662 2739 811 2825 τετράκις
833 2736 898 2806 άπὸ
921 2742 982 2824 τῆς
1004 2743 1072 2805 ΕΓ

56 2851 133 2909 ίσον
153 2844 220 2910 ἐστὶ
235 2857 304 2923 τοῖς
318 2841 383 2912 άιιὸ
403 2848 461 2931 τῆς
475 2854 507 2912 A
524 2846 578 2912 καὶ
598 2842 663 2914 άτιὸ
681 2850 740 2931 τῆς
754 2853 821 2912 ZA
837 2845 1067 2929 τετραγώνοις.
1086 2863 1120 2912 25

55 2946 92 3015 τὸ
118 2947 184 3036 άρα
203 2946 268 3017 άιιὸ
286 2955 344 3035 τῆς
358 2956 425 3017 ΒΓ
445 2957 520 3018 ίσον
540 2952 608 3019 ἐστὶ
626 2965 696 3030 τοῖς
714 2951 779 3018 άπὸ
798 2955 859 3035 τῆς
872 2959 904 3017 A
921 2949 977 3017 καὶ
991 2956 1067 3016 ZA.

129 3169 188 3217 120.
208 3161 305 3231 ραν.
382 3167 439 3218 121.
460 3162 558 3232 q(P²).

129 3365 153 3412 3.
174 3354 340 3440 σύμμετρος]
361 3375 411 3413 scr
432 3355 619 3443 άσάμμετρρς·
640 3359 689 3412 οίτ.
703 3358 787 3428 lIIp
803 3364 845 3426 54,
861 3363 904 3414 20.
959 3362 983 3412 9.
1003 3356 1066 3427 μέλ-

56 3429 154 3499 λοντα]
173 3428 246 3484 infla.
264 3429 312 3482 lin.
334 3435 375 3482 12.
437 3434 478 3483 10.
499 3424 585 3491 είς
557 3448 589 3481 το
609 3427 646 3494 ιζ’
667 3447 693 3499 q.
756 3435 797 3485 16.
817 3429 919 3500 τοί
883 3449 921 3501 τοι
940 3445 971 3494 q.
1022 3433 1075 3478 Ὦ.

55 3500 107 3572 τῷ]
128 3498 159 3553 τό
180 3516 206 3567 q
1001 3524 1112 3586 n
