2362 3796
222 110 379 163 scflomA
396 115 435 165 m
453 113 728 164 οτουυιιυοιιυιι
746 116 886 166 mmm
898 117 921 167 1.
1009 112 1073 178 189

53 250 212 338 άπίφηνε
233 252 468 341 παραλλήλους
489 254 545 320 καὶ
567 250 627 332 τάς
645 254 923 338 ἐπιζευγνυούσας
940 254 995 322 καί
1014 253 1073 334 τάς
1150 312 1157 323 .

58 358 344 447 ἐπιζευγνυμένας.
380 358 419 426 τὸ
444 357 482 426 δὲ
504 355 569 426 ὑπὸ
591 358 814 448 παραλλήλων
836 361 1072 446 περιεχόμενον

59 466 224 554 γραμμῶν
242 463 379 545 είκότως
396 465 746 554 παραλληλόγραμμον
766 464 931 550 ἐκάλεσεν,
955 465 999 545 ὡς
1017 467 1073 533 καὶ

57 568 96 639 τό
120 567 188 637 ὑπὸ
212 567 359 638 εὐθειῶν
380 581 542 657 γραμμῶν
565 569 804 659 περιεχόμενον
831 567 1074 657 εὐθύγραμμον

59 680 291 765 προσείρηκεν.
346 679 452 763 δήλου
485 677 540 763 δέ,
572 673 625 743 ότι
655 674 693 745 τό
725 676 1074 764 παραλληλόγραμμον
1111 700 1126 748 5

59 793 163 850 τοῦτο
185 778 205 849 ὁ
224 781 436 869 στοιχειωτὴς
455 785 492 850 ἐν
510 783 765 870 τετραπλεύροις
789 784 933 865 ἐξέθετο·
970 794 1075 850 ταῦτα

59 914 125 976 γαρ
153 885 241 974 μόνα
267 885 308 956 τά
337 887 563 977 τετράπλευρα
593 888 656 976 τήν
688 887 862 977 ἀκρίβειαν
893 894 961 958 τῶν
993 913 1075 977 παρ-

58 995 216 1079 αλλήλων
237 1004 297 1080 τῆς
319 995 446 1074 θέσεως
469 997 691 1083 δεικνύουσιν,
715 993 761 1075 ὥς
784 993 802 1064 ὁ
822 994 1076 1082 ἐπιστημονικὰς

14 1168 17 1173 .
59 1095 196 1168 άπαιτεῑ
220 1098 320 1185 λόγος
346 1097 441 1167 κατά
458 1098 583 1186 πάντα,
615 1099 655 1168 τά
689 1098 727 1167 δὲ
758 1099 858 1169 λοιπά
893 1096 934 1168 ού
965 1099 1074 1168 πάντα

59 1211 209 1295 ἔχουσιν,
232 1201 277 1285 ὡς
299 1212 435 1293 είρηται.
1094 1234 1128 1283 10

131 1315 205 1379 119.
234 1309 359 1379 Ἰστόον
380 1312 436 1378 καὶ
458 1323 557 1380 τοῦτο
577 1312 630 1379 ἐπὶ
648 1324 716 1381 τῶν
734 1313 998 1403 τετραπλεύρων,
1022 1310 1074 1380 ὅτι

61 1417 117 1489 ἐπὶ
139 1417 202 1505 μὲν
220 1429 283 1486 τοῦ
299 1417 513 1505 τετραγώνου
530 1418 586 1485 καί
605 1421 642 1485 αί
659 1419 831 1505 διάμετροι
851 1428 920 1486 ἴσαι
937 1419 993 1486 διὰ
1012 1417 1074 1504 τήν

62 1521 235 1612 ὀρθότητα
257 1534 326 1592 τῶν
348 1535 494 1610 γωνιῶν,
517 1523 573 1591 καὶ
597 1527 634 1590 αι’
654 1529 775 1608 γωνίαι
798 1528 875 1610 δίχα
897 1527 1075 1610 τέμνονται

60 1627 129 1698 ὑπὸ
156 1642 226 1698 τῶν
256 1631 444 1717 διαμέτρων
472 1627 529 1696 διὰ
556 1629 620 1714 τήν
649 1629 784 1714 ίσότητα
811 1640 880 1697 τῶν
909 1637 1075 1715 πλευρῶν,

60 1736 120 1805 καί
143 1734 181 1804 τὸ
203 1733 352 1822 ἐμβαδὸν
370 1739 419 1813 είς
439 1743 494 1802 ἴσα
514 1739 690 1819 διαιρεῖται
709 1732 790 1800 κατὰ
809 1731 873 1819 τήν
891 1731 1076 1819 διαγάνιον
1096 1759 1128 1808 15

64 1839 124 1910 διὰ
146 1839 209 1929 τήν
230 1841 350 1928 κοινήν
370 1842 520 1927 ίδιότητα
538 1852 607 1908 τῶν
625 1838 991 1926 παραλληλογράμμων.
1024 1840 1077 1906 ἐπὶ

63 1947 103 2016 δὲ
120 1959 182 2017 τοῦ
202 1947 422 2035 ἑτερομήκους
435 1951 472 2014 αί
484 1946 546 2033 μὲν
561 1945 732 2033 διάμετροι
747 1953 827 2030 ίσαι,
848 1948 884 2011 αί
902 1943 939 2011 δὲ
957 1949 1076 2029 γωνίαι

64 2050 107 2121 οὗ
119 2054 297 2140 τέμνονται
312 2057 388 2140 δίχα
401 2051 467 2120 ὑπὸ
482 2063 551 2120 τῶν
566 2054 764 2138 διαμέτρων,
779 2048 800 2138 ή
817 2050 853 2118 δὲ
867 2055 935 2119 τῶν
944 2055 1077 2138 χωρίων

64 2163 113 2238 είς
141 2167 198 2226 ίσα
231 2162 394 2245 διαίρεσις
420 2156 562 2244 ὑπάρχει
589 2158 644 2225 καὶ
671 2157 795 2250 τούτῳ,
827 2156 980 2226 καθόσον
1008 2157 1076 2225 ἐστί

65 2264 424 2353 παραλληλόγραμμον.
462 2264 514 2331 ἐπὶ
539 2263 575 2331 δὲ
598 2267 659 2331 τοῦ
680 2264 811 2351 ῥόμβον
830 2262 943 2331 άνισοι
960 2264 1022 2350 μὲν
1042 2267 1079 2330 αί
1096 2289 1131 2339 20

64 2370 250 2460 διάμετροι,
275 2374 532 2456 διχοτομοῦνται
556 2369 593 2437 δὲ
616 2368 829 2438 ὑπὸτούτου
849 2368 890 2438 ού
910 2369 1017 2457 μόνον
1036 2396 1075 2437 τα

66 2481 184 2563 χωρία,
206 2475 293 2545 διότι
316 2477 679 2565 παραλληλόγραμμον,
702 2474 786 2543 άλλά
809 2476 865 2544 καὶ
889 2480 927 2543 αί
946 2483 1076 2562 γωνίαι,

68 2580 158 2648 διότι
180 2582 391 2673 ἰσόπλευρον.
428 2586 481 2652 ἐπὶ
504 2584 541 2651 δὲ
559 2587 619 2651 τοῦ
639 2587 860 2670 ῥομβοειδοῦς
877 2583 933 2650 καί
952 2586 989 2649 αί
1006 2583 1077 2650 διά-

66 2711 184 2776 μετροι
210 2686 322 2758 άνισοι
350 2687 395 2768 ὡς
422 2688 466 2776 μὴ
496 2687 726 2775 ὀρθογωνίου,
753 2689 808 2754 καὶ
832 2691 869 2753 αί
889 2693 1009 2772 γωνίαι
1032 2692 1079 2767 είς

64 2792 170 2861 άνισα
193 2794 368 2881 τέμνονται
391 2793 456 2862 ὑπὸ
479 2794 608 2862 τούτων
628 2793 672 2873 ιός
690 2792 734 2880 μή
755 2791 967 2880 ἰσοπλεύρου,
991 2790 1078 2878 μόνα
1097 2814 1132 2865 25

67 2898 107 2966 δὲ
125 2898 166 2967 τά
185 2906 291 2989 χωρία
306 2909 362 2967 ίσα
376 2906 503 2986 γίνεται
516 2899 556 2967 τά
577 2898 629 2984 ἐφ’
648 2899 783 2983 ἑκάτερα
800 2902 869 2965 τῶν
888 2902 1079 2983 διαγωνίων

66 3032 114 3086 ως
143 3007 502 3094 παραλληλογράμμου.
546 3009 651 3073 ταῦτα
678 3004 741 3092 μὲν
768 2995 831 3071 οὖν
859 3011 986 3090 είρηται
1017 3001 1079 3089 τήν

65 3113 106 3179 ἐν
133 3125 206 3192 ταῖς
233 3113 414 3197 διαιρέσεσι
441 3115 509 3180 τῶν
536 3110 892 3199 παραλληλογράμμων
914 3108 1079 3198 τεττάρων

65 3216 178 3286 όντων
205 3214 484 3286 δποδεικνύονται
518 3219 679 3305 διαφοραί
710 3220 876 3307 θεωριῶν.
924 3215 1080 3298 κάκείνας

141 3347 202 3397 119.
220 3342 251 3396 P.

140 3455 184 3503 29.
203 3445 306 3519 ὄντων]
325 3446 369 3503 bis
388 3446 422 3514 P;
441 3446 519 3502 loeus
539 3450 695 3522 corruptus.
