2362 3796
107 158 172 229 618
247 166 404 219 SCHOLIA
421 167 460 217 IN
478 162 752 217 ELEMENTORUM
770 162 917 214 LIBRUM
931 164 1002 218 XII.

174 313 203 377 3.
237 306 324 378 Ἀλλ’
341 307 362 395 ἡ
381 308 442 396 μὲν
461 305 528 377 ὑπό
547 334 577 395 p.
596 311 667 394 140,
683 311 717 391 2]
742 306 779 372 αί
794 303 859 391 γάρ
876 306 935 372 ἐπὶ
949 308 1021 393 τῆς
1035 302 1133 392 αύτῆς

106 421 318 504 περιφερείας
340 421 516 502 βεβηκυῖαι
538 421 659 502 γωνίαι
681 423 751 482 ίσαι
774 411 940 498 ἀλλήλαις
966 415 1068 483 είσὶν
1085 412 1133 482 καὶ

107 524 145 590 έν
167 527 212 613 τῷ
237 521 326 614 αὐτῷ
350 522 494 608 τμήματι
519 520 635 590 διὰτὸ
659 519 715 589 κα’
738 523 799 588 τοῦ
821 517 866 605 γ’.

169 633 201 698 4.
228 625 323 695 ’Ἐστι
347 627 385 695 δὲ
407 629 463 696 καὶ
487 627 575 716 ὀρθή
600 654 629 715 p.
651 632 726 713 140,
745 630 779 711 5]
803 630 911 694 πᾶσαι
935 627 1015 717 γὰρ
1041 633 1082 697 αλ
1102 630 1135 698 ἐν

69 733 288 826 σὴμικνκλίφ
312 740 433 821 γωνίαι
458 731 564 824 ὀρθαί
585 740 681 803 είσιν.

490 934 547 999 Ad
569 956 672 1018 prop.
695 933 738 999 H.

171 1062 201 1127 5.
228 1057 336 1126 Ἔστω
360 1057 459 1147 χάριν
483 1061 545 1124 τού
568 1060 699 1143 σαφοῦς
720 1055 758 1125 τὸ
782 1060 1002 1146 περιγραφὲν
1022 1061 1135 1152 τετρά-

104 1193 217 1252 γωνον
241 1164 420 1250 ὀκτάπουν,
444 1162 462 1232 6
483 1162 520 1231 δὲ
539 1163 772 1251 περιεχόμενος
790 1161 849 1231 ὑπ’
871 1161 988 1234 αύτοῦ
1008 1169 1134 1249 κύκλος

105 1271 261 1357 ἑξάπους,
288 1270 327 1339 τὸ
356 1269 393 1338 δὲ
417 1270 687 1356 ἐγγεγραμμένον
715 1272 820 1358 ἐντῷ
845 1268 994 1350 ἑξάποδι
1018 1274 1133 1367 κύκλῳ

53 1391 86 1441 10
104 1377 316 1464 τετράγωνον
340 1381 422 1444 έστω
446 1374 640 1458 τετράπουν.
677 1373 714 1443 τὸ
739 1373 780 1461 δὴ
798 1376 996 1462 τετράπουν
1016 1381 1134 1466 μεῖζόν

105 1484 195 1550 ἐστιν
219 1479 239 1569 ἢ
263 1481 301 1550 τὸ
324 1482 428 1568 ἥμισυ
451 1486 512 1549 τοῦ
536 1480 711 1562 ἑξάποδος·
740 1486 882 1566 τρίπουν
905 1480 977 1570 γὰρ
1002 1485 1045 1554 τὸ
1072 1491 1134 1555 τού

105 1588 266 1668 ἑξάποδος
293 1587 405 1675 ἥμισυ.
451 1586 502 1656 ὅτι
535 1586 573 1655 δέ
604 1585 642 1655 τὸ
669 1589 984 1674 περιγεγραμμένου
1012 1593 1133 1683 τετρά-

104 1721 218 1780 γωνον
242 1694 421 1763 διπλάσιόν
443 1697 512 1762 ἐστι
534 1697 596 1762 τοῦ
621 1693 874 1780 ἐγγραφομένου
894 1698 1133 1786 τετραγώνου,

106 1803 271 1870 δέδεικται
299 1803 335 1868 εὐ
362 1805 408 1892 τῷ
437 1799 496 1887 μα’
524 1799 717 1886 θεωρήματι
744 1802 805 1866 τοῦ
833 1797 869 1866 α’
895 1805 1055 1885 βιβλίου·
1096 1803 1133 1873 τὸ

53 1920 86 1969 15
105 1906 170 1995 γὰρ
194 1915 291 1975 Em
312 1911 491 1993 τρίγωνον,
515 1905 596 1993 ὅπερ
620 1905 689 1974 ἐστὶ
711 1904 749 1973 τὸ
771 1902 875 1991 ἥμισυ
898 1910 961 1974 τοῦ
984 1916 1134 1979 ΕΖΗΘ

105 2016 333 2101 τετραγώνου,
360 2011 464 2100 ἥμισυ
483 2015 653 2079 δείκνυται
676 2013 712 2079 ἐν
736 2014 876 2090 έκείνοις
897 2014 960 2078 τοῦ
985 2012 1134 2101 ἡμίσεος

104 2125 165 2187 τού
181 2121 474 2208 περιγραφομένου
487 2118 713 2206 τετραγώνου·
738 2115 860 2204 ὁμοίως
873 2117 929 2185 καί
942 2116 983 2186 τὸ
999 2122 1134 2192 λοιπὸν

104 2225 142 2293 τὸ
166 2233 267 2293 ΖΗΘ
293 2231 460 2313 τρίγωνον
487 2222 592 2310 ἥμισυ
618 2227 679 2292 τοῦ
708 2226 835 2292 λοιποῦ.
882 2220 969 2292 ὥστε
997 2233 1065 2298 καὶ
1096 2231 1132 2301 τδ

106 2331 187 2400 ὅλον
210 2329 314 2418 ἥμισυ
336 2333 397 2398 τοῦ
421 2328 513 2397 ὅλου.

53 2451 87 2500 20
173 2442 202 2506 6.
230 2436 339 2503 Ἔστω
363 2435 400 2504 τὸ
421 2442 456 2501 Σ
476 2441 600 2521 χωρίον
623 2440 740 2505 ποδών
763 2432 784 2523 ἢ
807 2438 939 2523 πηχέων
963 2434 986 2525 ἢ
1006 2438 1133 2513 ἄλλων

104 2547 209 2612 τινών
231 2549 282 2629 ιἠ,
311 2539 328 2609 6
354 2541 392 2609 δὲ
415 2547 539 2609 ΑΒΓΔ
562 2541 684 2622 κύκλος
705 2542 869 2612 τοιούτων
892 2548 946 2610 ιἰδ·
986 2544 1134 2621 ύποεπί-

106 2675 213 2736 τριτος
236 2647 302 2735 άρα
325 2649 416 2716 ἐστὶν
440 2646 457 2715 ὁ
482 2653 518 2734 ἦ
540 2652 601 2715 τοῦ
624 2651 675 2716 κδ.
712 2653 795 2716 ἔστω
817 2648 918 2716 πάλιν
942 2646 961 2716 ὁ
982 2659 1134 2727 ΕΖΗΘ

104 2756 227 2834 κύκλος
254 2758 290 2840 ξ,
324 2757 406 2822 οἵων
434 2745 478 2839 ἦν
505 2758 548 2821 κδ
575 2753 636 2839 μὲν
664 2752 682 2821 6
711 2760 869 2841 ΑΒΓΔ,
902 2755 983 2824 ῐδλ
1017 2765 1082 2833 καὶ
1110 2771 1131 2852 ᾗ

105 2861 143 2931 τὸ
173 2870 206 2929 Σ
236 2865 378 2947 χωρίον,
413 2865 495 2926 ἔστω
528 2858 547 2927 6
581 2859 642 2945 μὲν
673 2859 795 2940 κύκλος
820 2859 986 2951 τοιούτων
1015 2870 1056 2954 ξ,
1092 2870 1131 2940 τὸ

178 3040 254 3096 σε
327 3040 403 3093 ιε.
475 3035 691 3106 5.qu(F2)
765 3037 980 3109 σκετο»)

106 3151 320 3163 -σᾲ-

179 3209 203 3259 7.
222 3199 405 3289 τετράγωνον
425 3191 623 3266 ὀκτάπουν]’
606 3193 774 3281 οκτάγωνον
792 3195 1005 3282 τετράπουνο.
1086 3214 1129 3263 16

106 3270 301 3401 τετραγώνου]
328 3266 370 3336 []
393 3268 422 3323 F.
515 3274 557 3323 18.
581 3263 634 3357 τά]
653 3269 716 3337 (pr.)
740 3285 809 3323 corr.
828 3284 863 3323 ex
885 3269 936 3323 τού
955 3270 989 3326 V.
1083 3285 1127 3333 20

105 3344 179 3418 πηγέ
181 3364 221 3399 ων
239 3339 270 3416 ἦ]
291 3359 344 3397 om.
363 3341 393 3394 F.
471 3344 514 3394 21.
539 3337 581 3408 Γη]
601 3337 672 3394 δέκα
690 3339 739 3392 καί
757 3347 822 3409 ἥρ
894 3340 941 3412 κδ]
962 3343 1058 3400 εἴκοσι
1078 3349 1128 3404 καὶ

95 3457 297 3511 mmm,
268 3453 334 3508 qn
353 3430 405 3489 καὶ
392 3429 494 3487 766.
552 3433 599 3483 66.
617 3424 708 3496 ἐυστίλ
674 3427 812 3496 υλοοωρ.
832 3429 863 3498 F
883 3445 937 3484 om.
957 3430 1016 3502 Vq.
1082 3442 1127 3492 23

61 3434 337 3586 ιἹίξΙοΛξῈ
414 3496 685 3597 1-66'6'66'66
