2362 3796
247 145 403 198 SCHOLIA
421 147 460 198 IN
477 145 753 198 ELEMENTOBUM
770 146 909 198 LIBRUM
922 149 955 200 X.
1041 145 1107 210 487

92 290 153 373 τῆς
179 289 372 373 παραβολῆς
398 296 468 354 τῶν
490 287 534 353 κδ
560 283 721 371 μονάδων
751 286 807 354 καὶ
834 291 903 354 τῶν
932 285 1012 354 δέκα
1038 288 1107 356 ἐστὶ

93 396 223 480 μοιρῶν
246 382 272 477 β
290 393 346 460 καὶ
369 394 498 461 λεπτῶν
519 394 573 478 ιἰδ,
596 397 656 459 καί
675 395 741 459 εἰσι
762 395 867 459 ταῦτα
889 392 927 461 τὸ
947 391 1055 461 ΒΓ”
1032 420 1106 480 ῆτοι

93 497 132 567 τὸ
158 496 291 577 πλάτος.
341 502 392 566 ελσ
358 497 406 566 coz
434 496 472 564 δὲ
503 498 559 565 καὶ
587 496 759 584 σύμμετρα
785 500 889 566 ταῦτα
920 509 993 578 ταις
1026 501 1106 567 δέκα

93 604 241 690 μονάσιν
267 605 520 692 ἐκβαλλομένων
547 601 601 672 άελ
627 608 696 674 τῶν
724 602 958 673 έλαττόνων’
938 603 1005 673 απὸ
1034 609 1104 673 τῶν

94 710 264 796 μειζόνων.
1142 736 1158 786 5

162 821 234 886 139.
280 816 325 885 Τὸ
349 823 416 885 ΒΓ
442 815 568 898 πλάτος
598 808 620 902 β
647 822 705 903 ιἰδ,
743 813 764 884 ά
796 818 1104 905 παραβαλλομένων

91 932 162 991 τῶν
178 927 222 992 κδ
240 923 400 1010 μονάδων
415 949 478 991 του
462 926 560 991 ΑΓ
579 928 665 1048 χωρί
663 950 704 992 ου
721 921 939 1010 έκβάλλονται
952 915 978 1009 β
988 936 1104 1013 μολραι

91 1030 147 1097 καὶ
170 1028 271 1097 λεπτά
293 1032 343 1096 κδ.

133 1140 234 1204 140.
262 1131 407 1202 ἨΕστω
390 1162 411 1221 η
427 1143 493 1204 AB
512 1133 778 1221 δωδεκάπους,
760 1162 781 1223 η
802 1135 839 1204 δὲ
853 1135 954 1205 ΒΓ’
938 1134 1103 1217 οκτάπους

92 1240 274 1330 σύμμετροι
302 1240 461 1327 δηλονότι
488 1234 589 1310 οὖσαι
616 1241 725 1329 μῆκει·
762 1240 880 1312 κοινὸν
901 1241 967 1330 γάρ
991 1239 1103 1312 αὐτῶν
1124 1266 1157 1316 10

93 1344 259 1434 μέτρον
242 1374 263 1433 η
292 1351 424 1427 δίπους
461 1348 513 1428 δὶς
539 1349 605 1434 γάρ
631 1350 777 1436 τέσσαρα
803 1360 825 1476 ῆ
851 1349 908 1416 καὶ
936 1349 1033 1430 δὶς
1016 1369 1035 1420 ς
1059 1355 1103 1435 ιβ

94 1456 200 1540 δῆλον
223 1453 329 1539 off
309 1479 361 1522 οτι
383 1453 421 1521 τὸ
444 1460 515 1521 ΑΓ
539 1457 696 1522 ἐστιν
652 1473 707 1540 qs·
746 1451 878 1534 ὀκτάκις
899 1453 965 1542 γάρ
989 1460 1091 1542 ιβ’
1048 1477 1103 1543 ῆς·

91 1562 129 1629 τὸ
153 1555 232 1627 δὲ’
214 1558 280 1627 ατιὸ
302 1564 363 1646 τῆς
384 1567 451 1628 ΑΒ
473 1564 533 1647 τῆς
556 1558 793 1641 δωδεκάποδος
816 1563 896 1648 ρμδ
920 1561 1104 1640 δωδεκάκις

91 1663 156 1754 γάρ
178 1665 219 1734 τὰ
242 1671 277 1751 ιβ
299 1669 375 1754 ρμδ.
421 1664 553 1753 mdc*
532 1693 599 1750 αρα
623 1664 736 1734 καὶ
701 1692 742 1735 τα
765 1673 845 1753 ΑΓ,
869 1664 988 1734 Aa*
965 1693 1041 1754 ῆτοι
1063 1667 1102 1735 τὸ

91 1776 159 1860 ρμδ
171 1773 228 1840 καὶ
241 1770 279 1840 τὸ
294 1776 343 1860 ῆξ.
373 1770 457 1860 ῥητά
472 1765 546 1858 οὖν,
566 1771 617 1841 ὅτι
630 1773 686 1841 καὶ
700 1771 884 1861 σύμμετρα·
902 1778 1103 1861 μετροῦνται
1122 1796 1154 1844 ιε

89 1877 155 1967 γάρ
178 1889 224 1970 τῷ
248 1875 338 1970 αὐτῷ
362 1885 473 1971 χωρίῳ
496 1883 543 1971 τῶ
565 1885 595 1951 ξ.
632 1877 738 1966 ὁγὰρ
762 1884 782 1950 ξ
805 1879 886 1966 μετὰ
909 1879 971 1967 μέν
987 1883 1051 1949 τοῦ
1070 1885 1103 1953 a}

89 2000 203 2075 μετρεῖ
221 1985 283 2056 τὸν
306 1990 358 2075 οῖ’,
382 1985 463 2073 μετὰ
487 1985 524 2055 δὲ
545 1989 615 2054 τῶν
636 1991 680 2054 κδ
701 1984 739 2055 τὸ
763 1991 840 2074 ρ’μδ.

157 2095 229 2163 141.
252 2093 372 2181 Ῥῆτόν
386 2096 488 2180 ε’στιν,
504 2089 522 2161 ὃ
537 2091 620 2161 κατά
633 2119 710 2161 τινα
723 2093 934 2179 γινώσκομεν
948 2089 1100 2180 άριθμὸν

88 2196 172 2286 πρὸς
193 2198 231 2268 τὸ
256 2204 296 2288 τῆ
319 2200 415 2268 θέσει
437 2199 570 2287 μέτρον,
595 2193 671 2266 οἷον
694 2202 725 2266 εδ
747 2196 791 2278 ῶς
809 2199 931 2286 μέτρον
949 2196 1100 2288 ὑποτεθῆ

88 2302 169 2390 ἡμῖν
192 2303 212 2392 ῆ
237 2305 412 2392 παλαιστῆ,
434 2302 472 2374 τὸ
497 2308 531 2375 ιζ
552 2307 744 2372 παλαιστῶν
768 2303 872 2391 ῥητόν
891 2307 991 2392 ἐστιν,
1014 2305 1101 2373 εἰδὲ
1119 2327 1154 2376 20

88 2409 107 2479 ὁ
128 2411 291 2491 δάκτυλος
310 2408 354 2492 ῶς
373 2412 494 2499 μέτρον
512 2424 628 2496 κεῖται,
646 2408 684 2478 τὸ
699 2411 780 2478 δέκα
793 2410 849 2477 καὶ
863 2412 897 2492 ἓξ
914 2411 1099 2496 δακτύλων,

87 2519 119 2583 εδ
141 2514 172 2585 δ’
195 2515 213 2585 ὁ
236 2523 345 2607 πῆχυς
366 2515 387 2605 ῆ
412 2516 430 2586 ὁ
455 2523 549 2603 ποῦς,
572 2516 610 2586 τὸ
632 2520 669 2586 ᾗ
690 2516 824 2604 πῆχεων
845 2512 866 2603 ῆ
890 2522 1008 2586 ποδῶν
1030 2520 1098 2587 έστι

86 2621 200 2706 ῥητόν.

156 2731 230 2796 142.
254 2727 364 2797 Ἔστω
386 2728 424 2797 τὸ
443 2735 513 2797 ΑΓ
531 2733 648 2797 ποδῶν
665 2733 718 2816 ιἰδ,
742 2725 763 2815 ῆ
788 2728 826 2796 δὲ
843 2736 909 2796 ΑΒ
933 2732 1049 2797 ποδῶν
1068 2735 1098 2814 ξ,

86 2830 142 2897 καὶ
165 2834 414 2922 παραβληθῆτω
436 2834 478 2904 τὰ
499 2839 542 2903 ιἰδ
565 2834 641 2923 ῆτοι
664 2834 856 2924 μερισθῆτω
878 2832 969 2918 παρὰ
991 2833 1032 2902 τὰ
1054 2836 1096 2916 έξ.
1116 2855 1151 2906 κο

87 2941 179 3004 ἔσται
197 2937 264 3025 άρα
275 2939 314 3008 τὸ
330 2943 365 3009 έκ
378 2952 437 3028 τῆς
451 2947 644 3030 παραβολῆς
657 2943 781 3022 πλάτος
793 2944 911 3009 ποδῶν
926 2931 955 3007 δ.
986 2940 1098 3007 ἰστέον

87 3044 136 3127 δέ,
152 3044 202 3110 ὅτι
217 3043 339 3126 πλάτος
351 3047 480 3133 λέγεται
494 3045 531 3116 τὸ
547 3046 705 3135 έπιλαχδν
720 3046 856 3137 ἑκάστω,
873 3039 924 3125 οἷς
935 3047 1096 3134 ἐμερίσθη

84 3183 299 3192 ---..-

159 3246 216 3294 139.
236 3238 285 3293 Vb.
377 3216 555 3311 140.q(P²).
647 3241 825 3311 141.q(P²).
915 3207 1096 3311 142¹.q(P²);

85 3307 175 3373 εἰςτδ
197 3309 300 3379 n'qP.

83 3431 297 3440 --.-.--——.

156 3487 422 3560 zwmmw
