2362 3796
209 140 366 193 SOHOLIA
383 140 423 190 IN
440 140 714 192 ELEMENTORUM
732 140 872 192 LIBRUM
885 141 945 193 XII.
1015 137 1080 201 625

137 284 190 348 24.
218 279 335 348 Ἔστιν
364 280 430 365 ἄρα
459 275 503 358 ὡς
530 305 560 367 p.
586 283 663 364 160,
689 284 722 363 1]
751 279 811 347 ἐὰν
839 278 902 367 γὰρ
925 280 1082 366 τέσσαρες

71 387 203 457 εὐθεῖαι
227 385 398 471 ἀνάλογον
422 378 494 470 ὦσι,
517 385 572 452 καὶ
590 384 630 452 τὰ
650 382 706 452 ἀπ’
726 383 839 453 αὐτῶν
859 382 1081 474 εὐθύγραμμα

70 492 173 581 ὅμοιά
194 482 235 560 ’τε
266 491 322 559 καὶ
355 488 478 577 ὁμοίως
505 487 784 578 ἀναγεγραμμένα
816 489 986 577 ἀνάλογόν
1017 497 1082 559 είσι

72 598 128 667 διὰ
151 591 193 666 τὸ
211 596 267 683 νβ’
291 600 352 665 τοῦ
375 594 417 667 ς’.

139 707 192 772 25.
226 700 312 770 Ἀλλ’
335 699 381 782 ὡς
397 701 435 770 τὸ
454 705 556 779 ΛΞΓ
573 730 604 791 p.
622 706 693 790 160,
707 706 742 786 5]
763 706 863 771 τοῦτο
882 701 945 792 γὰρ
966 704 1083 790 ἐφεξῆς
1119 728 1135 777 f>

71 816 250 880 δείκνυται.

139 921 192 984 26.
230 920 290 994 Εἰς
312 913 391 994 τοὺς
414 913 537 995 αὑτοὺς
559 913 682 1001 λόγους
704 940 735 1001 p.
757 902 829 1003 162,
852 919 908 999 26]
936 918 995 984 έδιν
1019 914 1083 1004 γὰρ

73 1022 137 1091 δύο
157 1019 289 1090 εὐθεῖαι
305 1017 370 1088 ὑπὸ
390 1019 613 1107 παραλλήλων
634 1021 800 1088 ἐπιπέδων
817 1023 1013 1107 τέμνωνται,
1037 1027 1085 1101 είς

71 1128 152 1208 τοὺς
174 1125 297 1206 αὑτούς
319 1126 441 1213 λόγους
464 1128 696 1214 τμηθήσονται
720 1126 777 1194 διδι
800 1129 837 1195 τὸ
857 1127 898 1209 ιζ’
917 1131 979 1197 τοῦ
997 1127 1053 1198 ια’.

457 1325 511 1389 Ad
534 1347 636 1409 prop.
661 1324 701 1391 V.
1105 1346 1138 1394 10

142 1450 193 1513 27.
227 1444 334 1513 Ἔστω
363 1444 468 1531 λόγου
495 1447 608 1514 ἕνεκεν
635 1446 673 1514 τὸ
703 1454 737 1513 Χ
761 1445 897 1532 στερεόν
923 1471 1026 1513 τινων
1054 1449 1085 1530 ἒ,

73 1549 95 1638 ή
120 1551 157 1618 δὲ
181 1559 315 1619 ΔΕΖΘ
337 1552 500 1620 τοιούτων
523 1557 541 1618 ῖ
563 1554 619 1620 καλ
642 1541 679 1636 δ,
708 1550 792 1620 ὥστε
814 1550 835 1638 ή
859 1550 1004 1640 ὑπεροχή
1027 1554 1086 1636 τής

74 1663 278 1743 πυραμίδος,
306 1650 327 1744 ή
351 1654 501 1744 ὑπερέχει
524 1662 585 1724 τοῦ
613 1660 764 1743 στερεοῦ,
792 1663 883 1726 έστιν
910 1657 997 1726 ὀκτὼ
1020 1683 1086 1724 τοι-

75 1762 202 1847 ούτων,
227 1767 310 1830 οἵων
333 1756 436 1850 ἦντὸ
460 1764 521 1849 μὲν
546 1763 682 1849 στερεὸν
707 1770 741 1849 ξ,
765 1762 785 1849 ή
812 1764 849 1832 δέ
871 1765 1016 1851 πυραμὶς
1037 1767 1087 1831 ῐδ.

75 1874 237 1951 ἔστωσαν,
250 1868 287 1935 δέ
310 1872 347 1935 αί
367 1873 552 1956 πυραμίδες
573 1874 611 1936 αί
631 1868 818 1954 ἐλάττονες,
847 1867 918 1954 ήτις
939 1866 1086 1956 ὑπεροχή
1107 1893 1140 1941 15

74 1967 120 2061 ήν
144 1972 242 2059 ὀκτώ,
266 1978 414 2041 έστωσαν
438 1971 480 2061 δή
505 1978 542 2041 αί
563 1974 626 2042 δῦο
647 1971 733 2061 ὁμοῦ
751 1979 972 2063 πυραμίδεςξ
995 1974 1088 2044 έλοίτ-

74 2107 171 2159 τονες
194 2085 253 2167 τής
274 2077 439 2166 ὑπεροχῆς
462 2078 569 2166 οῦσης
592 2078 686 2148 ὀκτώ.
724 2081 794 2148 ἐπεὶ
817 2072 881 2148 οῦν
904 2078 925 2166 ή
950 2078 1010 2167 ῦλη
1029 2104 1087 2147 πυ-

76 2188 176 2272 ραμὶς
199 2186 279 2253 δέκα
305 2186 361 2253 καὶ
386 2188 557 2274 τεσσάρων
584 2178 644 2272 ήν,
676 2183 736 2273 ἀφ’
763 2177 812 2255 ὧν
834 2190 875 2253 ῐδ
902 2190 1024 2272 ἔλαβον
1053 2189 1090 2253 αλ

78 2291 142 2358 δύο
166 2295 350 2377 πυραμίδες
372 2291 412 2359 τὰ
436 2298 467 2375 ξ,
492 2298 636 2360 λείπεται
660 2290 725 2379 ῦρα
747 2291 788 2360 τδι
811 2298 977 2379 πρίσματα
1001 2298 1088 2379 ἔχειν

75 2395 116 2464 τδι
140 2395 238 2465 λοιπδι
258 2395 343 2467 ὀκτιὺ
364 2403 497 2484 μείζονα
516 2397 597 2466 ὅντα
615 2401 677 2466 τοῦ
693 2406 727 2465 Χ
746 2402 895 2487 στερεοῦ·
918 2398 1039 2488 τὸγὰρ
1059 2407 1093 2467 Χ
1107 2422 1144 2471 20

77 2502 215 2588 στερεὸν
239 2511 258 2575 ξ
282 2498 343 2592 ήν.’
381 2506 501 2592 ῥητέον
532 2505 570 2573 δέ
597 2503 806 2591 περὶαύτοῦ
832 2507 888 2572 καὶ
917 2503 1033 2584 οὑτως·
1067 2504 1088 2591 ή

79 2616 215 2677 ΔΕΖΘ
241 2613 385 2699 πυραμὶς
414 2620 468 2697 ίση
498 2611 567 2679 ἐστὶ
594 2624 664 2691 τοῖς
688 2612 765 2679 δυσὶ
788 2614 833 2702 τῷ
856 2637 891 2678 τε
915 2619 948 2678 Χ
967 2615 1089 2700 στερεῷ

77 2714 133 2782 καὶ
160 2719 200 2803 τῇ
228 2714 387 2804 ὑπεροχῇ·
426 2721 456 2783 εί
482 2714 546 2802 γδιρ
570 2716 811 2803 προσθήσομεν
834 2714 895 2802 τήν
918 2713 1089 2804 ὑπεροχήν

78 2825 124 2906 τῷ
139 2828 173 2886 Χ
192 2825 324 2911 στερεῷ,
348 2830 424 2888 ίσον
447 2821 620 2908 γενήσεται
643 2820 681 2889 τὸ
701 2822 735 2902 ἐξ
754 2820 882 2907 ἀμφοῖν
900 2826 939 2910 τή
954 2828 1089 2888 ΔΕΖΘ

78 2930 250 3013 πυραμίδι.
282 2928 337 2993 καὶ
357 2927 426 2994 ἐπεὶ
445 2925 465 3012 ἡ
482 2935 604 2994 ΔΕΖΘ
620 2926 767 3015 πυραμὶς
786 2924 888 2993 οὐδὲν
900 2924 982 2994 ἄλλο
998 2927 1088 2994 ἐστὶν
1108 2949 1144 2998 25

79 3028 99 3119 ή
125 3036 163 3098 αἱ
185 3031 247 3099 δύο
271 3038 454 3119 πυραμίδες
477 3033 533 3099 καὶ
556 3031 596 3100 τδι
621 3033 683 3100 δύο
707 3037 886 3121 πρίσματα·
918 3036 964 3111 είς
986 3035 1089 3098 ταῦτα

151 3229 244 3282 24.Β.
309 3227 426 3296 25.Βρ.
501 3232 543 3282 26.
562 3225 592 3283 B.
662 3226 1089 3296 27.q(P²);adp.166,6sq.

153 3409 194 3486 13.
213 3394 243 3493 ή]
263 3396 299 3470 ήν
314 3422 341 3487 (χ.
397 3404 446 3458 τοῦ
462 3404 590 3475 στερεοῦ]
609 3402 640 3458 τὸ
657 3399 771 3472 στερεόν
787 3422 813 3473 q.
870 3410 910 3458 15.
931 3400 1089 3474 ἐλάττονες]

80 3492 118 3529 sc.
138 3494 188 3542 της
206 3493 355 3543 υπεροχης.

132 3572 280 3625 Euclides,
296 3573 346 3619 edd.
360 3574 464 3626 Heiberg
479 3578 504 3617 ει
515 3575 613 3628 Menge.
632 3578 665 3618 ¹1.
927 3562 962 3606 Ψ
