2362 3796
235 148 391 203 εοεοττε
408 154 448 205 m
465 153 739 204 ELEMENTORUM
757 154 897 205 τιεεοω
910 155 932 205 1.
1020 148 1086 215 215

143 291 218 359 151.
232 287 339 359 Ἔστω
355 290 376 379 ἡ
392 297 458 359 ΒΓ
474 289 495 379 ἡ
515 289 740 360 ὑποτείνουσα
753 290 814 378 τὴν
830 290 940 379 ὀρθὴν
954 297 1086 378 γωνίαν

70 395 137 482 τὴν
155 393 221 464 ὑπὸ
235 403 339 465 ΒΑΓ
353 397 511 484 μονάδων
528 408 558 484 ἒ,
576 396 613 465 τὸ
629 397 667 465 δὲ
682 396 738 465 ἄπ’
756 396 858 484 αὐτῆς
875 398 1087 486 τετράγωνον

72 501 237 591 μονάδων
262 509 308 572 τῖε.
357 503 460 572 πάλιν
488 509 570 572 ἔστω
598 501 619 590 ἡ
644 511 709 571 ΒΑ
736 502 854 572 εὐθεῖα
882 504 1043 590 μονάδων
1067 497 1087 571 δ

71 609 192 677 καὶτὸ
215 607 272 677 ἀπ’
298 608 399 696 αὐτῆς
421 610 632 698 τετράγωνον
656 611 816 696 μονάδων
839 617 889 695 ῖξ,
917 609 937 697 ἡ
967 610 1004 677 δὲ
1027 617 1088 677 ΓΑ

73 713 235 802 μονάδων
257 718 279 802 γ
300 716 356 784 καὶ
378 715 416 784 τὸ
440 713 496 783 ἀπ’
518 714 621 802 αὐτῆς
638 716 850 804 τετράγωνον
870 715 1032 803 μονάδων
1050 709 1086 782 θ.
1124 735 1140 784 ο

72 820 113 889 τδ
131 813 195 889 οὖν
211 813 239 888 θ
255 824 292 890 τὸ
312 820 378 890 άπδ
397 832 455 908 τῆς
471 829 531 889 ΓΑ
548 821 759 908 τετράγωνον
776 822 891 890 καὶτὰ
909 829 946 896 i}
963 821 1000 889 τὸ
1021 817 1086 888 άπὸ

72 931 134 1014 τῆς
151 933 217 994 AB
240 935 296 995 ίσα
320 930 384 996 είσὶ
406 943 476 1008 τοῖς
497 933 535 996 τῖε
556 933 602 1020 τῷ
626 927 691 996 άπὸ
714 933 773 1014 τῆς
793 933 859 995 ΒΓ
876 926 1087 1016 τετραγώνῳ·

72 1020 101 1101 θ
123 1032 188 1119 γάρ
211 1033 267 1100 καὶ
289 1040 325 1106 ἦ
346 1041 392 1104 ici.

88 1218 93 1225 .
143 1141 218 1207 152.
246 1136 318 1206 Ἐπί
339 1143 379 1228 τῇ
398 1138 526 1228 εὑρέσει
549 1141 672 1210 τούτου
689 1145 751 1209 τοῦ
769 1139 988 1227 θεωρήματος
1006 1143 1088 1224 βου-

71 1247 222 1331 θντῆσαι
245 1245 373 1329 λέγεται
397 1243 415 1313 ὁ
439 1245 661 1334 Πυθαγόρας,
686 1245 731 1326 ώς
753 1265 837 1333 φησι
861 1244 1016 1333 Πρόκλος
1038 1246 1087 1327 ἐξ·
1107 1265 1140 1314 10

72 1353 262 1438 ηγοάμενος
285 1349 376 1419 αὐτό.

143 1459 217 1526 153.
246 1453 380 1541 Ἰστέου,
399 1456 461 1541 ὅτι,
481 1450 601 1545 ότανῇ
622 1457 791 1543 σκαληνόν
805 1456 842 1525 τὸ
859 1455 1084 1543 ὀρθογώνιον,

72 1561 252 1650 δυνάμεθα
271 1560 323 1630 άεὶ
342 1561 387 1629 δι’
404 1560 562 1649 ἀριθμῶν
580 1561 782 1630 ἀποδιδόναι
796 1563 834 1630 τὸ
850 1561 915 1630 άπὸ
930 1567 988 1649 τῆς
1005 1561 1088 1630 ὑπο-

71 1667 250 1754 τεινούσης
279 1668 490 1754 τετράγωνον
520 1676 597 1735 ἴσον
628 1683 698 1748 τοῖς
731 1666 795 1736 άπὸ
831 1672 900 1738 τών
931 1671 1086 1757 πλευρῶν

70 1774 303 1861 τετραγώνοις.
334 1778 365 1841 εί
381 1773 447 1861 γάρ
467 1776 557 1842 ἐστιν
575 1771 753 1860 ἡκάθετος
766 1775 922 1861 περισσὸς
940 1773 1088 1861 άριθμὸς
1108 1794 1140 1843 15

72 1878 141 1947 άπὸ
166 1883 228 1948 τοῦ
254 1885 330 1967 τρία
356 1879 488 1958 πάντως
515 1877 714 1967 άρχόμενος,
742 1881 997 1962 πολυπλασιάζω
1025 1879 1085 1949 τὸν

71 1995 231 2054 τοιοῦτον
254 1983 403 2073 άριθμον
425 1982 503 2054 καθ’
530 1985 664 2054 ἑαυτόν·
702 1984 771 2054 εἶτα
795 1983 929 2075 άφαιρώ
953 1986 1085 2073 μονάδα

72 2092 131 2159 καὶ
152 2091 191 2160 τὸ
211 2089 315 2178 ἥμισυ
332 2101 393 2159 τοῦ
412 2098 588 2178 μείναντος
606 2094 757 2180 ἀριθμοῦ
774 2097 859 2160 ποιώ
876 2091 991 2179 βάσιν·
1016 2089 1087 2159 εἶτα

73 2203 280 2285 προστίθημι
303 2197 436 2283 μονάδα
457 2198 513 2265 καὶ
536 2210 620 2266 ποιῶ
640 2199 701 2285 τὴν
720 2197 976 2266 ὑποτείνουσαν.
1012 2191 1087 2266 οἷον

74 2303 129 2371 ἐπὶ
151 2301 274 2373 ὑποδεί
272 2329 396 2390 γματος
419 2302 545 2371 ἔστω“
528 2332 550 2391 η
572 2308 756 2384 κάθετος
741 2332 765 2372 ε.
810 2303 1085 2385 πολλαπλασιάζω
1105 2329 1140 2378 20

73 2414 188 2478 ταῦτα.
233 2415 447 2496 γίνονται-
409 2437 455 2478 κε.
502 2409 635 2539 άφριιρώ
659 2411 799 2498 μονάδα.
851 2412 1012 2498 μένουσιν
1035 2415 1086 2480 αδ.

76 2515 118 2581 τά
136 2513 236 2604 ἡμίση
254 2518 383 2585 τούτων
402 2515 510 2604 ἤγουν
527 2515 567 2584 τά
586 2523 621 2603 ιβ
639 2541 724 2586 ποιω
710 2517 850 2604 βάσιν
882 2524 1086 2607 προστίθημι

75 2620 211 2707 μονάδα
235 2623 290 2690 καὶ
317 2627 402 2692 ποιώ
431 2622 492 2709 τὴν
519 2621 772 2692 ὑποτείνουσαν.
817 2626 886 2691 τών
914 2622 978 2709 γάρ
1002 2631 1038 2707 ἴγ
1065 2622 1086 2710 ἡ

75 2725 274 2812 δυ’ναμις,ό
297 2726 420 2797 ἐστι
388 2757 426 2796 το
447 2727 511 2796 άπὸ
530 2729 661 2797 τούτων
678 2728 900 2856 τετράγωνρυ,
924 2733 993 2796 ἔστι
1012 2732 1087 2814 ρξθ,

73 2829 160 2900 άλλά
189 2833 304 2900 καλ
271 2859 311 2900 τα
340 2833 578 2921 συναμφότερα
605 2835 795 2921 τετράγωνα
822 2831 919 2899 τότε
942 2831 1007 2900 άπὸ
1030 2836 1142 2920 τῆςνσ

72 2938 270 3007 ααθέτου”
250 2965 324 3026 ητοι
351 2938 391 3007 τά
414 2946 453 3007 τῖε
478 2941 534 3007 καὶ
561 2936 598 3006 τὸ
627 2935 691 3005 άπὸ
720 2942 779 3023 τῆς
800 2936 970 3022 βάσεως”
950 2963 1024 3025 ητοι
1047 2937 1087 3006 τά

72 3049 142 3132 ρμδ
177 3043 238 3113 τόν
271 3051 336 3132 ρξθ
368 3048 622 3133 συμπληροῦσιν
654 3041 818 3129 άριθμόν·
854 3048 915 3109 καί
943 3041 1083 3111 ἐστιν’
1064 3071 1086 3130 η

72 3148 280 3237 μέθοδος“
236 3177 320 3237 αντη
331 3150 596 3251 Πυθαγόρου,“
569 3177 613 3229 ως
627 3169 732 3236 φησιν
738 3147 851 3236 Ἥρων
866 3149 920 3215 καί
932 3150 1088 3237 Πρόκλος

148 3332 253 3396 151.q.
329 3333 387 3382 τεν.
408 3329 438 3384 Β.
514 3332 572 3381 153.
592 3324 678 3382 Βεθ.

72 3438 290 3457 ι--ι-β-

147 3493 190 3541 20.
210 3488 440 3556 παραδείγματος
449 3485 480 3541 Β.
535 3491 578 3541 23.
599 3485 641 3561 ἦ]
660 3484 842 3558 δεεατρίαὶ.
887 3484 1113 3543 ’Ὰτολιταὼ
1160 3479 1174 3537 ζ
