2362 3796
214 121 371 176 scflom
388 124 428 176 m
445 124 720 177 τιτιιιιννοιιοιι
737 127 876 178 mmm
890 127 922 179 v.
1014 122 1079 188 319

58 262 142 352 γάρ,
166 267 261 348 φησί,
283 261 322 332 τὸ
346 272 378 331 Α
400 261 482 351 πρὸς
504 261 542 332 τὸ
567 270 595 330 Β
619 268 753 349 μείζονα
776 264 880 351 λόγον
904 269 970 352 ἔχει
993 263 1077 355 ἥπερ

58 367 100 438 τὸ
123 373 155 438 Γ
172 391 258 456 προς
278 366 316 436 τὸ
337 375 382 454 Β,
412 365 453 436 δν
477 368 515 436 δὲ
538 367 642 454 λόγον
664 372 731 455 ἔχει
753 369 791 437 τὸ
815 379 847 438 Α
869 369 952 455 πρὸς
974 395 1012 438 το
1037 377 1076 455 Β,

58 500 123 544 τον
145 470 252 543 αὐτὸν
274 477 340 561 ἔχει
361 472 400 542 τὸ
424 481 456 541 Ε
480 496 566 559 στρος
587 472 625 542 τὸ
649 481 692 560 Ζ,
719 472 758 543 τὸ
782 482 814 542 Ε
838 476 971 555 πάντας
993 474 1076 563 πρὸς

58 579 99 650 τὸ
122 586 151 648 Ζ
179 584 314 666 μείζονα
340 578 445 666 λόγον
468 585 535 667 ἔχει
558 577 642 668 ἥπερ
666 579 704 648 τὸ
728 587 760 648 Γ
783 579 866 667 πρὸς
892 580 931 649 τὸ
954 588 996 649 Β·
1034 579 1075 650 δν

60 685 101 756 δὲ
121 684 227 773 λόγον
249 683 316 774 εἶχε
338 684 377 755 τὸ
396 691 428 753 Γ
446 685 530 775 πρὸς
552 685 590 754 τὸ
608 692 649 772 Β,
672 686 831 754 ἐλάττονα
855 686 892 754 δὲ
916 686 1073 773 δηλονότι
1112 709 1129 758 σ

59 790 145 882 ἤπερ
166 791 205 861 τὸ
224 801 258 860 Α
279 790 362 879 πρὸς
379 790 464 860 τὸΒ
489 794 545 860 ναὶ
562 791 594 860 vt*
619 799 652 859 E
672 791 755 878 πρὸς
773 819 811 861 το
832 799 870 878 Ζ,
893 790 953 861 τὸν
970 791 1074 861 αὐτὸν

61 903 128 986 ἔχει
150 896 189 967 τὸ
212 905 245 967 Ε
265 897 350 987 πρὸς
372 896 410 966 τὸ
434 906 476 966 Δ.
512 904 659 968 λείπεται
682 896 747 985 ἄρα
770 896 807 967 τὸ
831 906 864 966 Ε
883 899 968 986 πρὸς
990 897 1027 967 τδ
1047 906 1075 965 Ζ

60 1010 196 1092 μείζονα
218 1003 322 1091 λόγον
346 1009 434 1092 ἔχειν
457 1002 541 1091 ἥπερ
564 1002 602 1072 τὸ
626 1011 658 1071 Ε
678 1002 763 1090 πρὸς
784 1002 822 1073 τὸ
846 1012 888 1071 Δ.

413 1201 470 1267 Ad
493 1222 598 1286 prop.
622 1200 722 1267 XXV.

61 1341 68 1353 ’
128 1326 180 1393 87.
214 1321 287 1392 'Exul
309 1327 376 1392 τῶν
400 1321 583 1410 ὁμογενῶν.
1094 1343 1127 1393 10

128 1433 180 1499 88.
217 1428 265 1498 Τδι
284 1429 351 1515 ἄρα
370 1436 452 1514 ΑΗ,
471 1437 499 1496 Ζ
518 1437 574 1496 ἴσα
593 1430 666 1497 ἐστί
679 1455 710 1517 p.
729 1433 852 1516 70,16]
874 1435 960 1517 φασί
975 1457 1073 1517 τινες,

61 1534 112 1605 ὅτι
145 1535 202 1604 διδ
232 1535 294 1604 τὸν
326 1533 409 1621 ὅρον
441 1534 502 1602 τὸν
534 1536 690 1622 λέγοντα,
723 1533 774 1603 ὅτι
807 1535 868 1603 ἐὰν
900 1545 986 1615 ἴσοις
1018 1545 1073 1603 ἴσα

58 1645 241 1730 προστεθῇ,
259 1644 359 1710 τοῦτο
373 1637 622 1726 ἀποδείκνυται,
642 1638 704 1709 οὐκ
718 1640 854 1728 εἰδότες,
870 1638 888 1710 δ
903 1642 1074 1727 λέγουσιν·

60 1745 225 1836 οὔτεγὰρ
248 1747 285 1816 τὸ
309 1751 448 1839 ΑΗτςό
473 1754 501 1815 Ζ
524 1755 600 1814 ἴσον
624 1745 701 1816 οὔτε
723 1747 761 1816 τὸ
786 1751 1072 1838 ΓΘτῷΕῐσον.

59 1849 132 1923 ἀλλ’
159 1853 228 1924 ἐπεὶ
255 1851 293 1922 τὸ
321 1853 382 1941 μὲν
406 1860 482 1922 ΑΗ
510 1863 586 1922 ἴσον
614 1853 720 1940 ἐδόθη
745 1856 790 1946 τῷ
814 1860 858 1939 Ε,
888 1851 926 1922 τὸ
950 1854 988 1921 δὲ
1011 1858 1073 1920 ΓΘ
1092 1871 1125 1920 1⁶

58 1967 136 2029 ἴσον
154 1958 261 2047 ἐδόθη
279 1964 325 2054 τῷ
341 1968 379 2046 Ζ,
403 1956 486 2028 ὅταν
503 1961 594 2048 λέγῃ,
618 1956 668 2028 ὅτι
687 1956 724 2028 τὸ
739 1967 821 2046 ΑΗ,
842 1967 868 2027 Ζ
891 1963 936 2051 τῷ
956 1967 1029 2046 ΓΘ,
1044 1968 1076 2028 Ε

59 2073 135 2134 ἴσον
158 2068 265 2153 ἐστίν,
293 2063 356 2133 οὐκ
379 2064 460 2134 ἄλλο
484 2066 571 2151 λέγει
595 2065 632 2151 ἥ,
661 2062 713 2132 ὅτι
736 2063 773 2132 τὸ
797 2072 837 2150 Ε,
862 2072 888 2132 Ζ
911 2068 956 2156 τῷ
981 2074 1019 2151 Ζ,
1043 2074 1076 2134 Ε

59 2180 136 2241 ἴσον
159 2174 266 2256 ἐστίν,
298 2173 469 2240 τουτέστιν
496 2168 577 2239 αὐτο
606 2171 712 2260 ἑαυτῷ
742 2179 818 2239 ἴσον
847 2173 950 2239 ἐστίν·
988 2170 1072 2241 ὥστε

59 2275 208 2347 αὐτόθεν
231 2276 473 2362 ἐναργέστατον
500 2277 538 2345 τὸ
566 2278 749 2362 λεγόμενον
775 2278 832 2346 ναὶ
855 2274 897 2345 οὐ
920 2277 977 2346 διὰ
1000 2277 1072 2363 τόν,

59 2385 102 2453 ὅν
130 2387 218 2468 φασί
242 2406 344 2466 τινες,
377 2378 469 2470 ὅρον.
519 2381 607 2469 πλὴν
634 2381 758 2469 ταύτην
791 2383 900 2471 μόνην
927 2383 990 2472 τὴν
1019 2386 1069 2453 ἐν·
1088 2402 1123 2452 20

60 2485 212 2573 αλλαγὴν
229 2490 295 2574 ἔχει
319 2483 337 2555 ὁ
356 2484 466 2574 λόγος,
490 2485 541 2557 ὅτι
562 2485 603 2556 οὗ
620 2489 721 2575 λέγει·
745 2497 821 2559 ἴσον
840 2490 907 2558 ἐστὶ
926 2489 964 2558 τὸ
984 2498 1024 2577 Ε,
1044 2498 1072 2557 Ζ

59 2594 106 2682 τῷ
129 2599 173 2677 Ε,
197 2599 225 2660 Ζ
250 2590 367 2680 πάλιν,
400 2591 484 2663 ἄλλα
512 2602 588 2662 ἴσον
616 2594 684 2663 ἐστὶ
711 2593 749 2663 τὸ
771 2603 816 2682 Ε,
841 2604 869 2663 Ζ
895 2599 940 2689 τῷ
964 2604 1008 2682 Ζ,
1032 2604 1072 2683 Ε,

57 2699 247 2787 παρόμοιον
271 2699 380 2790 ὥσπερ
404 2698 487 2771 ὅταν
505 2699 759 2787 ἆστειενόμενός
777 2728 826 2781 τις
848 2703 1070 2789 ἐναργέστατα

57 2808 164 2891 λέγων
188 2815 275 2894 εἴσῃ,
299 2804 350 2876 ὅτι
372 2810 537 2876 τοσοῦτον
561 2812 611 2874 ἔνι
633 2805 671 2874 τὸ
696 2808 826 2875 ἐκεῖθεν
850 2806 975 2875 ἐνθάδε
999 2805 1070 2874 διά-

59 2930 167 2996 στημα
185 2915 243 2994 τῆς
266 2909 360 2998 ὁδοῦ,
384 2911 468 2980 ὅσον
492 2917 544 2980 ἔνι
566 2912 622 2979 καὶ
645 2910 683 2979 τὸ
708 2914 867 2979 ἐντεῦθεν
890 2913 1001 2980 ἐκεῖσε.
1088 2931 1121 2982 25

59 3039 273 3050 -..——

130 3092 173 3141 87.
192 3083 224 3138 Β.
297 3089 339 3141 88.
357 3086 378 3143 t.

57 3193 274 3207 -...-.-..

130 3252 172 3300 18,
193 3240 298 3318 ἑαυτῷ]
320 3242 403 3301 δαντὸ
422 3248 443 3301 t.

458 3428 669 3440 *—
