2362 3796
241 144 400 198 scflom
416 147 456 197 m
473 146 748 198 EIAEMENTORUM
765 147 906 198 LIBRUM
919 150 940 201 Ι.
1030 146 1090 210 151

11 366 15 372 .
152 286 204 353 69.
245 290 382 367 Μείζωυ
413 284 480 373 ἀρα
516 283 537 373 ή
570 283 636 354 ὑπὸ
670 293 770 354 ΛΓΔ
806 292 864 372 τῆς
895 286 961 356 ὑπὸ
994 296 1099 357 ΒΑΕ

83 393 320 479 p.44,1-2]
348 388 370 478 ή
397 389 464 480 γὰρ
490 390 556 461 ὑπὸ
584 400 688 460 ΒΑΕ
714 401 768 478 ίσή
797 395 932 481 ἐδείχθη
960 399 999 484 τῇ
1027 393 1093 464 ὑπὸ

84 501 192 582 ΕΓΖ,
213 489 254 584 ής
275 503 394 585 μείζων
416 496 438 584 ἡ
460 496 527 567 ὑπὸ
548 505 642 567 ΕΓΔ
665 497 905 567 ἀποδέδεικται.

431 696 488 761 Ad
511 719 617 780 prop.
639 697 745 763 XVII.

154 817 205 882 70.
239 812 295 883 Ἐν
325 819 372 909 τῷ
406 816 448 899 ιζ’
479 816 674 904 θεωρήματι
706 816 871 904 ἀορίστως
903 822 1094 886 δείκνυνται
1131 842 1147 891 ο

84 915 262 989 ὁποιαιοῦν
283 923 346 991 δύο
368 928 490 1009 γωνίαι
512 929 575 991 τοῦ
596 924 764 1010 τριγώνου
787 922 850 992 δύο
869 921 986 1011 ὀρθών
1006 924 1095 992 ἐλάτ-

83 1050 194 1110 τονες,
225 1026 263 1093 ἐν
292 1027 329 1096 δὲ
356 1042 426 1108 τοῖς
453 1029 572 1115 ἐφεξῆς
597 1030 654 1096 καὶ
683 1028 967 1117 ἀφορισθήσεται,
1000 1030 1093 1122 πόσῳ

85 1130 252 1220 ἐλάττους,
280 1132 333 1202 ὅτι
354 1139 395 1223 τή
418 1143 517 1223 λοιπῇ
541 1139 602 1202 τοῦ
625 1136 792 1222 τριγώνου
814 1144 934 1228 γωνία·
971 1141 1009 1204 αί
1028 1137 1093 1226 γάρ

82 1250 170 1323 τρείς
191 1239 292 1307 δυσὶν
315 1236 437 1323 ὀρθαῖς
458 1248 531 1306 ἶσαι
548 1244 643 1307 εἰσίν.
682 1238 766 1308 ώστε
789 1245 826 1308 αί
844 1241 907 1310 δύο
929 1248 970 1332 τή
994 1249 1092 1332 λοιπή

80 1345 296 1413 ἐλαττοῦνται
318 1349 387 1412 τών
409 1342 475 1412 δύο
497 1342 623 1432 ὀρθών.
660 1347 812 1434 φανερὸν
835 1350 883 1434 δέ,
907 1347 957 1416 ὅτι
977 1360 1093 1440 χρῆται
1115 1373 1147 1421 ιο

79 1447 98 1517 ὁ
122 1448 334 1537 στοιχειωτής
350 1454 397 1540 τῷ
415 1448 480 1537 πρὸ
499 1449 623 1519 τούτου
640 1453 833 1539 θεωρήματι
852 1452 936 1541 πρὸς
952 1455 1014 1541 τήν
1032 1467 1094 1524 τοῦ

82 1558 302 1644 προκειμένου
322 1558 435 1636 δεῖξιν.
471 1557 689 1644 σκοπήσωμεν
710 1559 747 1626 δὲ
764 1560 820 1626 καὶ
839 1557 934 1645 ήμεῑς
951 1561 1013 1645 τήν
1030 1565 1093 1628 τοῦ

81 1661 249 1748 τριγώνου
270 1664 419 1750 γένεσιν,
440 1662 497 1730 καὶ
519 1663 582 1748 τήν
606 1669 718 1732 αἰτίαν
742 1663 884 1751 εὐχερῶς
908 1663 1093 1751 εὑρήσομεν

81 1770 145 1835 τοῦ
154 1767 402 1855 συμπτώματος,
416 1773 488 1847 πώς
496 1771 710 1837 ἐλαττοῦνται
726 1771 787 1836 δύο
798 1768 927 1852 ὀρθών.
943 1775 1092 1838 ἔστωσαν

79 1872 146 1961 γάρ
169 1875 233 1942 δύο
255 1873 388 1943 εὐθεῖαι
412 1877 449 1941 αλ
465 1883 542 1961 ΑΒ,
561 1882 624 1942 ΓΔ
647 1876 699 1942 ἐπὶ
718 1875 819 1958 βάσιν
840 1874 1013 1960 ἱστάμεναι
1030 1875 1092 1962 τήν
1113 1900 1146 1948 15

80 1988 150 2048 BA
171 1982 255 2070 πρὸς
277 1980 386 2069 ὀρθάς
407 1988 542 2068 γωνίας.
580 1986 611 2049 εί
633 1976 697 2049 οὖν
720 1982 831 2067 μέλλει
849 1982 1008 2066 γενέσθαι
1028 1989 1092 2069 τρί

76 2109 205 2173 γιονου,
227 2090 282 2152 δελ
303 2091 483 2155 συννεῦσαι
505 2086 589 2173 πρὸς
611 2086 757 2173 ἀλλήλας
778 2087 838 2166 τὰς
861 2095 942 2173 AB,
965 2094 1043 2173 ΓΔ,
1069 2087 1091 2175 ἡ

80 2192 119 2258 δὲ
143 2191 322 2270 σύννευσις
342 2192 474 2261 ἐλαττοῖ
493 2193 553 2272 τὰς
571 2193 666 2273 ε’ντός
684 2199 821 2278 γωνίας·
845 2191 929 2261 ώστε
947 2193 1006 2274 τὰς
1025 2195 1089 2284 πρὸ

81 2300 141 2381 τής
172 2299 378 2378 συννεόσεως
408 2296 518 2386 ὀρθάς
549 2298 678 2385 ἀνάγκη
710 2300 791 2386 μετὰ
818 2300 880 2386 τήν
908 2301 1091 2370 σύννευσιν

81 2400 237 2482 ἐλάττους
258 2409 412 2489 γίνεσθαι
435 2407 499 2473 δύο
524 2404 650 2491 ὀρθών.
695 2411 795 2474 τοῦτο
822 2400 886 2475 οὖν
907 2406 945 2476 τό
970 2416 1090 2493 αίτιον,
1109 2432 1143 2480 20

81 2507 137 2574 καὶ
156 2504 230 2594 οὐχὶ
247 2506 284 2577 τό
303 2516 438 2595 μείζονα
457 2509 544 2578 εἶναι
561 2511 623 2597 τήν
639 2514 729 2592 ἐκτὸς
744 2515 896 2600 ἑκατέρας
908 2517 978 2581 τών
997 2512 1092 2593 ἐντὸς

80 2615 136 2682 καὶ
164 2613 364 2684 ἀπεναντίον
391 2622 535 2703 γωνιών.
589 2621 812 2704 ἐκβεβλῆσθαι
838 2619 900 2705 μὲν
931 2618 996 2703 γάρ
1028 2617 1090 2704 τήν

80 2719 226 2808 πλευράν
244 2719 305 2790 οὐκ
324 2722 454 2809 ἀνάγκη
475 2722 555 2791 οὐδὲ
569 2729 627 2803 ἔξω
643 2723 718 2791 τινὰ
733 2722 934 2797 συνεστάναι
950 2728 1090 2807 γωνίαν,

78 2828 148 2894 τῶν
175 2826 211 2895 ὀὶ
239 2828 333 2909 ἐντὸς
359 2833 493 2914 γωνιών
522 2829 586 2896 δύο
610 2826 796 2895 ὁποιασοῦν
825 2827 912 2894 εἶναι
935 2826 1090 2925 ἐλάττους

80 2929 144 3000 δύο
173 2930 288 3019 ὀρθών
318 2933 518 3020 ἀναγκαῖον,
545 2935 583 3001 τὸ
614 2933 651 3001 δὲ
678 2932 723 3019 μή
747 2930 932 3018 ἀναγκαίου
954 2934 1024 3009 πώς
1046 2927 1090 3000 ἀν
1108 2956 1145 3006 2⁶

77 3047 130 3127 εἴη
153 3048 261 3109 αἴτιον
284 3046 346 3109 τοῦ
369 3028 569 3126 ἀναγκαίους

145 3144 196 3214 7Ῑ.
230 3145 299 3215 Διά
322 3146 445 3215 τούτου
469 3145 506 3214 δὲ
528 3156 589 3213 τοῦ
613 3143 830 3231 θεωρήματος
858 3140 1006 3211 δυνατὸν
1033 3140 1089 3212 κά-

148 3324 235 3378 οο.ο.
311 3322 490 3392 70.V·(fq).
565 3329 607 3376 τι.
627 3322 657 3375 Ρ.

149 3498 174 3536 ι.
194 3476 279 3552 λιιι]
299 3499 325 3551 q,
344 3479 381 3544 ος
399 3481 424 3555 γ.
447 3481 476 3539 v.
551 3488 595 3539 ιι.
615 3482 749 3556 μείζονα
764 3499 799 3554 q„
813 3484 912 3557 τωο
923 3480 973 3539 ¹1.
998 3444 1124 3594 Δ
