2362 3796
125 139 166 201 12
491 139 692 192 ετοιαειεεα
711 135 761 195 ιε’.

122 279 297 368 τετμήσθω
321 276 342 366 ἡ
366 287 449 347 ΜΝ
468 279 573 367 έέκρον
596 280 652 347 καὶ
675 281 778 367 μέσον
801 279 904 365 λόγον
928 282 1010 349 κατὰ
1034 279 1072 348 τὸ
1096 283 1135 367 Ξ,

123 385 179 452 καὶ
202 391 284 454 ἔστω
309 392 420 473 μεῖζον
439 390 551 472 τμῆμα
569 383 590 472 ἡ
607 388 686 462 ΜΞ.
711 383 904 472 δεκαγώνου
928 384 994 474 ἄρα
1013 382 1033 472 ἡ
1054 390 1134 464 ΜΞ.

123 492 178 559 καὶ
203 492 272 560 ἐπεὶ
294 491 541 560 πενταπλάσιόν
565 494 634 560 ἐστι
657 495 694 559 τὸ
718 489 783 559 ἀπὸ
807 496 866 579 τῆς
888 500 952 559 ΑΒ
980 495 1042 558 τοῦ
1067 490 1133 560 ἀπο

121 601 180 684 τῆς
198 604 287 683 ΜΝ,
311 597 509 686 τριπλάσιον
533 597 570 666 δὲ
593 597 630 665 τὸ
655 594 720 665 ἄπο
744 608 803 684 τῆς
821 605 886 665 BA
908 601 970 666 τοῦ
991 597 1057 666 ἀπὸ
1076 604 1135 685 τῆς

89 712 209 790 εΔΗ,
236 710 312 789 τρία
340 702 405 790 ἄρα
435 707 475 770 τὰ
499 701 564 770 ἀπὸ
589 710 667 771 ΔΗ
686 712 742 771 ἴσα
766 704 832 771 εἰσὶ
854 705 951 771 πέντε
974 719 1045 784 τοῖς
1067 703 1134 774 ἀπὸ

123 817 210 878 ΜΝ.
247 807 291 890 ὡς
315 809 352 877 δὲ
374 815 450 894 τρία
473 808 513 876 τὰ
533 806 598 877 ἀπὸ
618 817 697 877 ΛΗ
714 807 799 897 πρὸς
819 815 893 896 τρία
912 807 952 878 τὰ
972 807 1036 878 ἀπὸ
1057 818 1136 899 ΓΗ,

122 913 229 996 οὕτως
256 917 354 984 πέντε
381 915 421 983 τὰ
450 911 515 983 ἀπὸ
543 922 626 982 ΜΝ
654 917 737 1002 πρὸς
764 916 860 982 πέντε
887 913 927 983 τὰ
957 912 1022 984 ἀπὸ
1054 921 1135 995 ΜΞ.

123 1022 218 1089 πέντε
243 1021 280 1089 δέ
303 1021 344 1088 τὰ
368 1018 432 1088 αἰπὸ
452 1023 527 1097 ΜΞ
546 1021 602 1088 καὶ
625 1024 723 1090 πέντε
746 1021 785 1088 τὰ
806 1019 871 1088 ἀπὸ
891 1028 975 1089 ΜΝ
994 1031 1051 1090 ἴσα
1070 1025 1135 1092 εἰσὶ

122 1127 221 1194 πέντε
244 1142 314 1207 τοῖς
336 1126 402 1196 ἆπδ
426 1134 505 1213 ΚΛ.
541 1128 638 1195 πέντε
661 1126 727 1214 ἄρα
751 1130 790 1196 τὰ
815 1124 880 1195 ἀπὸ
904 1135 971 1195 ΚΛ
995 1137 1051 1196 ἴσα
1070 1132 1135 1198 εἰσὶ

70 1237 103 1305 ιο
121 1232 209 1319 τρισὶ
236 1246 307 1312 τοῖς
334 1232 399 1301 ἀπὸ
425 1239 497 1301 ΓΗ
517 1233 573 1300 καὶ
605 1233 694 1321 τρισὶ
721 1247 792 1314 τοῖς
817 1230 882 1301 ἀπὸ
913 1241 994 1302 ΔΗ.
1046 1235 1130 1305 ἄλλα

122 1338 219 1406 πέντε
241 1337 303 1426 μὲν
332 1341 372 1406 τὰ
400 1337 466 1414 ἀπὸ
491 1346 562 1406 ΚΛ
589 1348 646 1424 1ἵνα
674 1340 738 1406 εἰσὶ
767 1341 944 1408 δεκαπέντε
971 1354 1042 1420 τοῖς
1069 1340 1134 1411 ἀπὸ

122 1446 180 1529 τῆς
199 1446 233 1511 έκ
252 1448 313 1511 τοῦ
332 1446 473 1532 κέντρου
491 1449 551 1513 τοῦ
571 1447 864 1534 περιγραφομένου
882 1446 958 1534 περὶ
976 1445 1014 1514 τδ
1030 1455 1135 1514 ΘΚΛ

122 1553 288 1636 τρίγωνον
311 1550 453 1637 κύκλου,
479 1558 556 1640 τρία
584 1551 622 1620 δὲ
649 1553 688 1620 τὰ
717 1550 782 1620 αἰπὸ
805 1560 883 1620 ΛΗ
906 1553 962 1620 καὶ
988 1557 1063 1639 τρία
1090 1555 1132 1619 τὰ

124 1653 189 1724 ἀπὸ
209 1663 281 1725 ΓΗ
299 1666 356 1725 ἴσα
380 1657 445 1725 εἰσὶ
468 1664 503 1726 ι“ε
522 1673 592 1739 τοϊς
616 1657 680 1726 αἰπό
704 1663 762 1745 τῆς
782 1661 817 1727 έκ
835 1663 896 1727 τοῦ
915 1660 1055 1746 κέντρου
1072 1661 1134 1725 τοῦ

71 1784 104 1833 15
122 1764 415 1851 περιγραφομένου
432 1763 559 1833 κύκλου
577 1764 653 1851 περὶ
671 1767 708 1831 τὸ
724 1770 786 1831 ΓΛ
793 1771 907 1831 ΕΖΗ·
935 1761 1135 1851 προεδείχθιγ

122 1867 186 1955 γὰρ
210 1868 247 1938 τὸ
271 1866 336 1938 ἀπὸ
362 1877 440 1936 ΛΗ
456 1870 538 1957 μετὰ
562 1874 622 1938 τοῦ
647 1868 712 1938 ἀπὸ
734 1874 804 1937 ΓΗ
822 1869 1050 1938 πενταπλάσια
1073 1876 1134 1939 τοῦ

123 1972 188 2042 ἀπὸ
212 1979 270 2061 τῆς
294 1978 328 2043 ἐκ
351 1987 412 2044 τοῦ
436 1979 577 2060 κέντρου
600 1979 660 2044 τοῦ
690 1976 816 2043 κύκλου
843 1979 903 2042 τοῦ
931 1999 1132 2064 περιγραφο-

122 2080 226 2165 μένου
253 2081 328 2168 περὶ
356 2080 393 2148 τὸ
421 2080 638 2167 πεντάγωνον
667 2081 704 2149 τὸ
729 2086 910 2149 ΓΔΕΖΗ.
956 2084 1133 2151 δεκαπέντε

123 2183 188 2272 ἄρα
215 2185 255 2251 τδι
283 2183 349 2251 ἀπὸ
380 2189 438 2271 τῆς
465 2186 501 2252 έκ
529 2190 590 2253 τοῦ
617 2189 758 2275 κέντρου
781 2196 838 2255 ἴσα
862 2188 931 2256 ἐστὶ
955 2189 1134 2257 δεκαπέντε

70 2313 104 2361 εο
123 2303 193 2367 τοῖς
216 2287 281 2356 ἀπὸ
303 2294 362 2375 τῆς
385 2291 421 2356 έκ
438 2300 499 2358 τοῦ
518 2293 672 2380 κέντρου·
697 2291 718 2380 ἡ
738 2293 803 2383 ἄρα
823 2294 1000 2382 διάμετρος
1019 2303 1074 2381 ἴση
1093 2301 1133 2383 τῇ

124 2394 298 2484 διαμέτρῳ.

192 2496 209 2566 ὁ
235 2495 335 2580 αὐτὸς
359 2498 425 2588 ἄρα
447 2500 569 2583 κύκλος
591 2503 832 2592 περιλαμβάνει
859 2503 898 2571 τό
921 2528 956 2569 τε
985 2506 1045 2568 τοῦ
1069 2507 1133 2569 δω-

196 2699 219 2748 1.
239 2695 280 2765 Ξ]
303 2694 373 2749 ΖΡ.
446 2703 471 2752 2.
490 2697 599 2768 μεῖζον]
622 2693 653 2750 τὸ
673 2699 768 2766 μεῖζον
786 2694 896 2749 PBVv.
969 2692 1136 2763 δεκαγώνου

123 2794 157 2805 -
176 2766 256 2836 ΜΞ]
276 2767 305 2819 in
324 2783 378 2820 ras.
398 2785 433 2822 m.
454 2772 470 2819 2
489 2772 555 2837 post
572 2784 624 2820 ras.
645 2773 661 2820 3
680 2766 734 2821 litt.
754 2766 792 2832 V,
812 2781 866 2819 om.
885 2765 921 2817 M.
995 2760 1024 2835 ἡ]
1045 2766 1089 2819 bis
1109 2788 1134 2823 v.

159 2843 184 2890 3.
206 2833 277 2905 ἐστι]
297 2855 350 2892 om.
370 2836 452 2893 PBv.
520 2839 570 2904 τῆς
601 2853 655 2892 om.
674 2835 755 2890 PBv.
823 2831 960 2907 οἷπδτῆς]
981 2837 1133 2893 om.PBv.

159 2914 184 2961 4.
209 2907 294 2978 MN]
319 2911 585 2963 corr.exNM.
667 2905 910 2977 τῆς]οιυ.ΡΒτ.
992 2910 1058 2979 ΒΑ]
1083 2914 1133 2962 ΑΒ

122 2977 264 3033 Friedlein
278 2979 372 3033 tacite.
427 2977 488 3050 τῆς]
507 2995 561 3032 om.
577 2976 656 3031 PBv.
712 2984 737 3031 5.
755 2972 824 3046 ἀπό]
841 2972 898 3031 ἀπὸ
913 2978 968 3031 τῶν
983 2979 1133 3034 Fn‘edlein.

159 3047 229 3119 εἰσί]
257 3067 310 3103 om.
329 3048 441 3103 PBVv.
515 3042 589 3118 ἄπιτ’]
614 3042 672 3101 ἀπὸ
692 3048 748 3102 τῶν
766 3046 915 3103 Friedlein.
990 3056 1013 3104 7.
1034 3046 1133 3121 οὕτως]

124 3116 213 3180 οὕτως
232 3116 293 3174 ἐστι’
309 3120 390 3173 Pssv.
444 3118 523 3188 ΜΞ]
543 3122 603 3171 ΜΖ
621 3117 651 3174 Ρ.
674 3116 747 3172 Dein
766 3118 829 3174 add.
847 3117 933 3174 πέντε
952 3114 1009 3190 ι’έρα
1027 3117 1061 3174 τὰ
1076 3115 1134 3174 ἀπὸ

123 3193 178 3242 ΚΛ
201 3191 247 3242 έσα
268 3187 326 3244 ἐστὶ
348 3193 412 3258 (om.
432 3189 468 3258 V)
491 3189 562 3256 τρισὶ
584 3195 644 3251 τοῖς
667 3183 724 3244 ἀπὸ
745 3195 771 3243 Δ
778 3194 807 3244 Η
828 3191 877 3244 καὶ
898 3191 971 3260 τρισὶ
994 3197 1053 3253 τοῖς
1075 3186 1133 3245 ἀπὸ

124 3262 185 3312 ΓΗ
200 3258 314 3317 PBVv.
368 3265 393 3314 8.
412 3259 498 3314 πέντε
518 3258 654 3316 δέ-ΙΟ.
677 3261 751 3332 ΔΗ]
772 3260 953 3316 om.PBVv.
1010 3263 1134 3333 11.ΚΛ]

123 3333 176 3383 ΚΑ
195 3331 248 3384 Pv.
322 3329 391 3403 εἰσί]
412 3327 579 3399 έστίΡῨν,
606 3326 681 3385 ἐστίν
699 3330 730 3388 Β.
804 3330 976 3403 δεκαπέντε]
997 3329 1135 3388 δέκακαὶ

122 3398 207 3454 πέντε
224 3400 280 3465 Vv,
299 3399 330 3455 δὲ
351 3401 400 3455 καὶ
418 3402 501 3457 πέντε
521 3401 552 3473 P,
571 3401 642 3457 δέκα
656 3403 687 3472 (α
696 3405 823 3471 postras.
835 3409 848 3456 1
860 3403 926 3472 litu)
941 3402 990 3456 καὶ
1004 3400 1087 3457 πέντε
1103 3404 1134 3456 Β.

160 3476 201 3524 12.
225 3470 289 3539 τῆς]
309 3471 364 3525 τῶν
385 3472 495 3528 PBVv.
568 3473 617 3542 τῆς
636 3469 684 3544 ἐκ]
710 3490 763 3529 om.
783 3473 824 3542 M3
850 3474 908 3527 τῶν
928 3470 961 3528 ἐκ
984 3472 1132 3528 Friedlein.
