2362 3796
96 135 160 200 136
248 136 405 188 SCHOLIA
421 137 461 188 IN
478 134 754 186 ELEMENTORUM
772 134 946 188 LIBRUML

94 277 191 355 θέσις
214 271 275 344 οὐκ
299 274 494 362 ἀφώρισται.
540 278 690 343 δείκνυσι
719 272 757 342 δὲ
784 271 802 342 ὁ
832 271 1043 361 στοιχειωτής
1069 274 1110 344 τὸ

94 388 313 470 προκείμενον
346 381 553 468 χρησάμενος
583 384 628 472 τῷ
659 378 778 471 πρώτῳ
810 380 1020 468 προβλήματι
1052 383 1110 451 καὶ

94 493 140 580 τῷ
163 488 196 575 γ’
220 489 275 555 καὶ
300 488 350 556 ἑνὶ
372 492 441 556 τάν
465 486 655 573 αἰτημάτων
678 487 735 554 καὶ
757 488 840 574 πρὸς
858 485 989 566 τούτοις
1006 492 1053 575 τῷ
1072 487 1110 576 η’

92 594 286 682 θεωρήματι
304 593 359 661 καὶ
378 605 423 685 τῷ
444 591 512 684 ὅρῳ
530 597 590 678 τής
601 590 685 679 πρὸς
699 589 807 679 ὐρθάς
820 599 945 678 γωνίας
964 591 1110 676 εὐθείας.

58 726 74 777 5
94 709 123 770 ελ
136 699 173 769 δὲ
186 701 242 768 καὶ
256 706 407 787 θεωρίαν
423 703 562 786 δοίημεν
576 702 621 789 τῷ
637 697 847 784 προβλήματι
860 698 980 792 τούτω,
1000 705 1110 770 ἔοικεν

93 804 113 894 ή
137 806 200 895 μέν
223 805 310 894 ὀρθή
335 812 441 892 γωνία
465 805 638 894 σύμβολον
661 801 749 874 εἶναι
777 809 860 891 ζωής
886 803 958 873 κατ’
984 803 1110 896 ἀρετήν

94 911 258 999 ἀνιούσης
276 913 332 979 καὶ
351 916 398 992 είς
416 910 502 994 ὐιγος
520 910 700 998 αἰρομένης
716 910 772 977 καί
785 912 952 997 μενούσης
969 909 1110 982 ἀνλίτον

93 1016 177 1104 πρὸς
191 1021 231 1087 τὰ
244 1025 392 1106 χείρονα·
410 1017 466 1084 καὶ
480 1014 543 1103 γάρ
558 1013 579 1103 ή
593 1015 683 1102 ὀρθή
696 1021 804 1102 γωνία
818 1014 955 1102 ἀκλινής
969 1020 1039 1086 ἐστι
1053 1019 1111 1088 καὶ

94 1129 134 1213 τή
159 1124 285 1210 ἰσότητι
307 1124 364 1191 καὶ
387 1133 432 1215 τῷ
456 1120 525 1214 ὅρῳ
549 1124 604 1190 καὶ
627 1126 672 1214 τῷ
697 1123 813 1210 πέρατι
838 1124 1058 1211 συνεχομένη,
1086 1122 1108 1212 ή

41 1257 75 1306 10
95 1229 133 1298 δέ
163 1229 307 1309 κάθετος
335 1228 435 1297 εἰκών
463 1230 530 1296 ε’στι
560 1233 642 1315 ζωῆς
669 1229 722 1296 ἐπὶ
749 1226 789 1297 τά
817 1228 906 1296 κάτω
929 1229 1109 1316 κατωύσης

93 1336 149 1403 καὶ
172 1340 229 1420 τής
251 1332 333 1402 νατά
356 1335 488 1420 γένεσιν
512 1331 683 1419 ἀοριστίας
712 1331 773 1402 οὐκ
803 1331 1105 1423 ἀναπιμπλαμένης.

161 1444 213 1510 52.
246 1438 384 1526 Ἰστέον,
418 1438 484 1526 ὅτι,
517 1439 577 1508 ἐὰν
607 1444 696 1529 θοθή
724 1439 762 1509 τὸ
793 1454 931 1528 σημεῖον
962 1441 1015 1510 έπλ
1044 1446 1109 1510 τού

93 1549 235 1636 πέρατος
256 1552 315 1633 τῆς
338 1544 487 1632 εὐθείας,
520 1547 727 1633 ἐκβαλούμεν
754 1546 792 1614 τὸ
820 1560 960 1634 σημεῖον
987 1547 1043 1621 ιιαλ
1065 1546 1108 1616 τὰ

94 1656 169 1742 ἑξής
195 1654 393 1741 ποιήσομεν,
426 1658 554 1741 μᾶλλον
588 1652 625 1720 δὲ
652 1657 691 1742 τῇ
721 1651 840 1744 εὐθείᾳ
866 1659 1111 1741 προσεκβαλεῖν

42 1788 76 1838 15
93 1762 149 1830 καὶ
171 1764 211 1829 τά
236 1762 309 1848 ἑξής
331 1765 478 1847 ποιήσαι.

469 1994 526 2058 Ad
548 2016 653 2077 prop.
675 1993 748 2058 ΧΠ.

162 2121 214 2184 53.
237 2115 395 2199 ’Ἄπειρον
420 2112 557 2182 εὐθεῖαν
580 2111 687 2200 εἶπεν,
711 2118 769 2182 ἵνα
793 2111 837 2201 μή
861 2115 1114 2202 πεπερασμένης

96 2221 200 2307 οὐσης
223 2225 311 2306 θοθή
335 2220 372 2288 τὸ
397 2234 535 2306 σημεῖον
558 2223 594 2289 έν
618 2220 708 2312 ἀλληο
732 2223 820 2312 τόπῳ
843 2221 899 2288 καὶ
922 2217 943 2308 ή
967 2218 1112 2307 ἀμβλεῖα

97 2331 129 2408 έξ
153 2324 301 2412 ἀνάγκης
329 2328 465 2413 γένηται
492 2324 513 2414 ή
541 2333 663 2412 γωνία,
692 2323 713 2413 ή
738 2325 788 2394 ἐπ’
815 2324 950 2407 εὐθείας
976 2329 1061 2416 πίση
1088 2324 1111 2415 ή

41 2461 77 2509 20
96 2432 242 2520 ἀγομένη
266 2436 305 2520 τή
330 2434 362 2512 ἐξ
386 2429 499 2519 ἀρχῆς,
523 2429 544 2518 ή
569 2433 684 2519 ἔτερόν
707 2461 739 2500 τι
763 2436 881 2521 σομβή.
922 2436 953 2500 εί
976 2430 1007 2499 δ’
1027 2429 1112 2501 ὐπο-

97 2537 242 2625 θοίμεθα
266 2536 372 2624 αὐτήν
396 2537 544 2625 ἀπειρον,
570 2536 672 2606 οὐδὲν
694 2543 850 2606 τοιοῦτον
875 2539 1087 2626 συμβήσεται.

163 2648 215 2714 54.
258 2648 364 2713 Τοῦτο
387 2643 425 2713 τὸ
448 2644 624 2733 πρόβλημα
650 2649 834 2731 Οίνοπίάης
856 2644 1010 2730 ἐζήτησεν
1032 2643 1112 2733 χρή·

98 2772 198 2840 σιμον
221 2749 304 2820 αὐτὸ
328 2751 411 2839 πρὸς
441 2750 662 2838 ἀστρολογίαν
692 2750 860 2838 οἰόμενος,
889 2749 1045 2839 ὀνομάζει
1073 2750 1114 2819 δὲ

95 2858 157 2946 τήν
180 2861 326 2927 κάθετον
349 2857 513 2946 ἀρχαικοός
536 2857 710 2944 γνώμονα,
735 2858 899 2926 διότικαὶ
923 2855 941 2926 ὁ
964 2854 1113 2945 γνώμων

43 2991 78 3040 25
97 2963 180 3053 πρὸς
208 2965 316 3053 ὀρθάς
344 2968 412 3033 ἐστι
440 2969 485 3056 τῷ
515 2962 667 3051 ὁρίζοντι.
721 2969 761 3053 τή
790 2964 827 3032 δὲ
850 2962 934 3050 πρὸς
957 2960 1114 3051 ὀρθάςή

168 3166 210 3215 οε.
229 3161 270 3214 σε
280 3161 323 3230 (f).
398 3165 439 3213 53.
459 3158 587 3229 vssmff).
661 3164 703 3213 54.
724 3160 753 3214 P.

171 3342 212 3392 11.
236 3331 506 3407 ἀναπιμπλαμένους
524 3335 586 3393 PV.
675 3343 716 3391 17.
741 3330 880 3406 εὐθεῖαν]
900 3331 953 3402 τὴν
972 3336 1114 3392 δοθεῖσαν

97 3403 221 3463 εὐθεῖαν
240 3424 276 3462 m.
338 3405 536 3478 πεπερασμένη
557 3402 627 3478 οὐση
646 3426 683 3461 m.
749 3411 790 3460 18.
810 3408 874 3478 καί]
895 3405 948 3477 μέν
966 3425 1004 3460 m.
1071 3412 1114 3464 19.

92 3473 159 3549 ἀπ’]
174 3471 273 3533 ὐπέω,
347 3483 389 3534 20.
407 3474 506 3548 ἑτέρως
520 3497 556 3533 m.
629 3484 673 3533 22.
689 3472 822 3547 ίξήτησεν
835 3477 865 3532 Ρ.
