2362 3796
333 171 515 222 ΑΡΡΕΝΒΙΧ
534 169 770 222 SOHOLIORUM
788 171 823 222 11.
946 147 952 152 ’
1021 166 1086 232 699

74 308 205 378 εὐθεῖαι
224 313 263 377 αἱ
278 317 358 394 ΑΔ,
374 317 448 394 ΕΒ,
471 310 527 377 καὶ
547 307 654 388 οὕτως
672 314 763 376 ἔσται
782 307 903 397 ῥᾴδιον
922 307 959 376 τὸ
974 307 1088 394 ζητού-

73 443 187 502 μενον.
220 425 275 504 ίσή
290 414 355 505 γάρ
371 416 498 501 έσταιή
520 423 585 484 ΒΔ
603 419 644 504 τῇ
657 422 733 482 ΑΕ.
768 415 824 482 καὶ
842 416 968 505 κέντρῳ
986 419 1032 506 τῳ
1047 420 1087 500 Β,

459 521 656 608 διαστήματι
673 520 711 588 δὲ
724 525 770 612 τῷ
786 526 854 588 ΒΔ
872 519 994 600 κύκλος
1007 547 1087 608 γρα-

458 625 610 712 φήσεται,
632 626 689 694 καλ
712 625 814 694 πάλιν
832 627 959 718 κέντρῳ
978 630 1023 718 τῳ
1044 636 1086 712 Α,

458 731 655 819 διαστήματι
671 732 708 800 δὲ
721 742 768 823 τῳ
782 739 851 799 ΑΕ
866 732 988 812 κύκλος
1006 758 1085 818 γρα-
1122 747 1139 798 σ

457 837 608 925 φήσεται.
636 839 693 906 καλ
706 838 939 925 τμηθήσονται
952 835 1011 906 ὑπ’
1030 836 1087 904 άλ-

392 985 422 1037 3
457 942 569 1031 λήλων
585 947 620 1012 οἱ
630 943 758 1029 κύκλοι,
771 946 828 1012 καὶ
841 941 907 1012 άπὸ
918 948 975 1031 τής
984 948 1087 1031 τομής

458 1049 754 1138 ἐκιζενχθήσονται
768 1051 822 1118 ἐπὶ
835 1050 875 1120 τά
890 1052 1015 1137 τέρατα
1029 1054 1088 1136 τής

458 1164 523 1223 ΑΒ
551 1154 687 1236 εὐθείας
715 1154 862 1242 εὐθεῖαι,
894 1157 950 1223 καὶ
982 1153 1088 1234 οὕτως

75 1260 321 1348 συσταθήσεται
345 1260 383 1331 τὸ
409 1264 610 1350 ζητούμενον
631 1269 814 1350 τρίγωνον,
838 1271 929 1349 εἴπερ
954 1261 1007 1329 έτὶ
1029 1272 1088 1347 τῆς
1108 1278 1142 1328 10

76 1373 268 1455 διχοτομίας
288 1369 357 1436 ἐστὶ
374 1368 413 1437 τὸ
433 1374 466 1436 Γ
483 1383 631 1456 σημεῖον.
667 1374 699 1437 εί
721 1370 759 1438 δὲ
781 1368 826 1457 μή
849 1369 902 1437 έτὶ
920 1372 979 1454 τής
998 1372 1088 1453 διχο-

73 1480 189 1560 τομίας
207 1474 339 1562 έλήφθη
358 1476 396 1544 τὸ
410 1482 443 1544 Γ
456 1489 609 1563 σήμεῑον,
632 1482 693 1561 μία
710 1478 779 1543 τῶν
792 1485 825 1542 Α
830 1481 869 1562 Γ,
885 1480 947 1542 ΓΒ
966 1478 1087 1561 μείζων

74 1584 173 1649 ἐστί.
222 1588 305 1650 ἔστω
339 1587 458 1668 μείζων
486 1579 506 1667 ή
536 1587 613 1665 ΓΒ,
644 1582 700 1649 καὶ
730 1584 856 1674 κέντρῳ
885 1581 947 1669 μὲν
975 1585 1019 1673 τῳ
1050 1586 1088 1666 Γ,

74 1690 269 1774 διαστήματι
292 1687 331 1755 δὲ
352 1691 399 1777 τῷ
417 1691 478 1753 ΓΑ
500 1685 622 1764 κύκλος
643 1687 829 1774 γεγράφθω
852 1688 870 1756 ὁ
889 1695 1009 1773 ΑΗΕ,
1032 1688 1087 1756 καὶ

71 1791 175 1860 πάλιν
203 1793 328 1884 κέντρῳ
356 1796 402 1883 τῳ
430 1797 473 1876 Γ,
506 1791 703 1879 διαστήματι
737 1793 774 1860 δὲ
801 1797 846 1885 τῳ
870 1799 932 1861 ΓΒ
964 1796 1087 1874 κύκλος
1108 1808 1141 1860 ιο

72 1897 258 1994 γεγράφθω
274 1899 291 1966 ὁ
306 1905 340 1965 Δ
345 1904 380 1965 Κ
383 1906 423 1984 Β,
442 1898 496 1965 καὶ
510 1897 611 1966 πάλιν
625 1899 752 1989 κέντρῳ
768 1903 813 1990 τῷ
828 1909 871 1986 Α,
891 1900 1086 1988 διαστήματι

73 2003 112 2070 δὲ
134 2014 180 2096 τῷ
203 2012 274 2072 ΑΔ
296 2004 417 2084 κύκλος
439 2003 625 2092 γεγράφθω
650 2002 668 2072 δ
693 2012 801 2073 ΑΘΖ.
847 2014 903 2092 ίση
929 2007 971 2092 δή
995 2009 1086 2073 ἐστιν

492 2135 514 2176 Λ
555 2107 820 2198 ήΓΒτήΓΔ,
848 2102 1087 2199 ύνήΓΑτή

554 2215 620 2282 ΓΕ
645 2223 714 2302 ίσή·
750 2213 849 2302 λοιπή
877 2214 943 2302 άρα
970 2215 987 2283 ά
1018 2227 1088 2285 ΑΔ

554 2325 655 2410 λοιπῇ
687 2326 727 2410 ιγ
755 2328 819 2389 τε
842 2329 908 2408 ιση.
957 2319 1032 2391 ἀλλ’
1066 2311 1148 2410 ἡτο.

554 2435 625 2495 ΑΔ
647 2431 687 2516 τῇ
710 2435 777 2495 AZ
799 2436 868 2516 ἴση·
899 2430 954 2496 καὶ
977 2429 998 2515 ή
1021 2437 1087 2497 ΛΖ

407 2587 436 2638 Ε
460 2534 505 2656 NB
553 2532 621 2618 άρα
637 2538 677 2622 τή
692 2541 755 2601 ΕΒ
776 2543 840 2621 ἴση.
874 2533 1087 2623 κοινήτροσ-

552 2645 679 2707 κείσθω
707 2639 728 2726 ή
758 2647 828 2709 ΖΕ.
878 2638 939 2726 ὅλη
968 2639 1033 2728 άρα
1066 2643 1087 2729 ἡ

553 2751 623 2811 ΑΕ
653 2742 714 2832 ὅλῃ
747 2749 786 2834 τῇ
817 2752 879 2813 ΒΖ
912 2754 976 2832 ἴση.
1031 2748 1087 2814 καὶ

554 2852 680 2940 κέντρῳ
694 2848 756 2936 μὲν
770 2855 816 2942 τῷ
830 2859 870 2937 Β,
890 2851 1088 2938 διαστήματι
1106 2867 1143 2918 κο

556 2955 594 3023 δὲ
613 2960 659 3046 τῷ
675 2963 737 3023 ΒΖ
758 2955 881 3036 κύκλος
902 2955 1087 3043 γεγράφθω

74 3056 94 3128 δ
120 3067 239 3146 ΖΜΛ,
262 3060 318 3127 καὶ
340 3058 442 3127 πάλιν
464 3061 590 3151 κέντρῳ
614 3062 676 3147 μὲν
699 3065 744 3153 τῷ
763 3070 806 3145 Α,
830 3061 1028 3149 διαστήματι
1051 3063 1089 3132 δὲ

73 3170 120 3259 τῷ
144 3173 214 3233 ΑΕ
238 3163 360 3246 κύκλος
382 3165 568 3253 γεγράφθω
593 3164 611 3233 ὃ
634 3173 674 3234 Ν
675 3172 765 3252 ΜΕ,
792 3169 849 3236 καὶ
876 3165 942 3237 άπὸ
964 3172 1026 3237 τοῦ
1049 3177 1095 3238 Μ

149 3368 174 3417 1.
197 3359 230 3416 αι
246 3367 307 3429 ΑΔ,
327 3362 392 3434 ΕΒ]
412 3378 468 3431 mg.
487 3359 557 3415 Mut.
629 3366 654 3415 ο.
678 3362 743 3434 ΛΕ]
757 3368 815 3420 AB.
890 3370 934 3419 ω.
957 3358 1101 3430 ωαψς.

112 3439 154 3488 15.
176 3434 240 3506 ΓΒ]
261 3437 316 3489 ΓΑ.
393 3438 434 3489 17.
458 3430 558 3505 ΑΘΖ]
576 3436 597 3488 Ζ
617 3449 633 3489 e
651 3448 728 3491 eon.
807 3440 861 3490 2'1.
882 3430 1070 3496 §uuum-„s
1084 3425 1126 3473 ³32

74 3505 127 3575 τῷ]
146 3521 199 3560 om.
265 3504 332 3560 Tres
350 3505 417 3577 figg.
432 3503 464 3561 in
485 3504 549 3565 cod.
565 3509 646 3580 sunt,
662 3506 722 3566 εοδ
737 3506 942 3578 mmm.
