2362 3796
230 168 387 221 εοΗοτοι.
404 172 443 222 m
460 171 734 224 ELEMENTORUM
752 173 891 225 LIBRUM
904 174 950 226 τι.
1024 170 1089 234 347

73 308 363 396 αλληλογράμμων
384 309 559 399 διάμετρος
573 309 594 398 ἡ
608 317 713 401 ΑΖΓ
725 313 780 378 καὶ
799 310 862 379 οὐκ
880 310 977 398 άλλη,
1001 309 1089 400 εἶχεν

48 403 56 411 ⁴⁸
71 411 116 483 ἀν
140 416 251 501 λέγειν
275 411 293 482 6
317 413 503 496 ἀντίβετος·
528 413 589 504 οάχ
608 414 704 502 αὕτη,
728 413 800 484 ἀλλ’
823 417 917 503 ἑτέρα
939 414 960 503 ἡ
980 423 1088 485 ΑΘΓ.

58 521 144 616 έπεὶ
177 520 215 588 δὲ
247 521 350 606 λέγει,
384 519 435 587 ὅτι
466 521 542 605 περὶ
573 520 635 608 τὴν
668 519 774 607 αάτὴν
803 520 983 608 διάμετρόν
1014 526 1089 606 είσι,

71 630 177 695 ταῦτα
205 623 348 712 ὤφειλεν
376 630 483 693 εἰπεῖν
510 623 528 695 6
557 625 733 706 ἀντίθετος
761 626 990 716 καταλλὴλως,
1024 625 1088 695 ὅτι·

72 730 118 820 μὴ
137 731 213 819 γάρ,
238 728 311 798 ἀλλ’
331 735 361 799 εί
380 730 538 818 δυνατόν,
562 736 645 799 έστω
665 736 727 800 τοῦ
746 731 807 818 μὲν
822 729 898 812 ἑνὸς
913 731 1089 820 διάμετρος
1108 754 1124 803 ο

71 834 94 924 ἡ
118 843 231 924 ΑΖΓ,
254 841 316 905 τοῦ
339 837 377 906 δὲ
399 834 515 926 ἑτέρον
542 835 563 923 ἡ
587 844 694 905 ΑΘΓ.
741 836 847 918 οὕτως
869 837 934 924 γάρ
958 835 1002 906 ἀν
1026 837 1088 906 οὐκ

71 936 116 1031 ἡν
139 947 207 1012 των
232 944 295 1011 δύο
318 941 340 1030 ἡ
365 940 459 1029 αὐτή,
483 941 570 1012 ἀλλά
591 941 675 1029 άλλη
699 944 755 1011 καὶ
775 942 873 1030 άλλη·
898 943 978 1032 ὅπερ
997 946 1088 1012 ἐστὶν

72 1052 229 1119 ἐναντίον
253 1047 298 1130 ὥς
321 1047 459 1136 ἀληθῶς
480 1051 536 1118 καὶ
558 1049 780 1137 καταλλήλως.

410 1247 467 1312 Ad
489 1269 595 1333 prop.
616 1247 752 1314 XXVII.

138 1373 191 1436 41.
227 1366 375 1437 Πάντων
397 1372 466 1436 τῶν
489 1367 579 1456 παρά
601 1368 665 1455 τὴν
689 1367 795 1457 αὐτὴν
818 1367 958 1439 εὐθεῖαν
985 1394 1087 1457 παρα·
1108 1389 1140 1438 10

72 1475 288 1561 βαλλομένων
302 1472 668 1562 παραλληλογράμμων
677 1475 733 1542 καὶ
747 1476 969 1544 ἐλλειπόντων
984 1479 1088 1542 εἴδεσι

72 1581 430 1668 παραλληλογράμμοις
453 1577 515 1647 οὐκ
538 1585 629 1647 ἔστιν
652 1581 686 1659 ἐξ
709 1579 857 1667 ἀνάγκης
874 1582 1030 1667 μέγιστον
1049 1578 1087 1646 τὸ

72 1686 137 1755 ἀπὸ
152 1690 212 1773 τῆς
224 1683 376 1772 ἡμισείας
390 1684 702 1773 παραβαλλόμενον,
721 1683 795 1752 ἀλλ’
812 1680 833 1771 ἡ
850 1693 926 1752 ίσον
940 1680 961 1770 ἡ
977 1690 1089 1770 μεῖζον

72 1789 93 1880 ἡ
119 1798 265 1860 ἔλαττον.
306 1791 444 1860 πάντων
468 1789 505 1857 δέ
527 1793 596 1858 τόν
619 1787 709 1874 παρά
732 1788 794 1876 τὴν
816 1786 924 1876 αάτὴν
948 1786 1088 1856 εὐθεῖαν

55 1897 378 1986 παραβαλλομένων
401 1892 759 1982 παραλληλογράμμων
786 1892 842 1959 καὶ
866 1892 1087 1962 ἐλλειπόντων
1108 1915 1140 1964 16

74 2009 178 2074 είδεσι
214 1998 571 2090 παραλληλογράμμοις
608 1997 737 2084 ὁμοίοις
771 2025 807 2066 τε
839 1997 998 2086 ἀλλήλοις
1032 1999 1087 2067 καὶ

72 2109 197 2197 ὁμοίως
219 2109 385 2193 κειμένοις
406 2117 452 2197 τῷ
475 2103 540 2174 ἀπὸ
563 2110 622 2193 τῆς
644 2103 795 2192 ἡμισείας
818 2102 1087 2199 ἀναγραφομένῳ

71 2213 229 2302 μέγιστόν
253 2217 344 2281 ἐστιν
367 2214 401 2294 ἐξ
424 2210 572 2299 ἀνάγκης
593 2212 630 2281 τὸ
652 2211 718 2281 ἀπὸ
737 2215 796 2300 τῆς
813 2210 965 2299 ἡμισείας
983 2237 1087 2301 παρα-

72 2318 283 2405 βαλλόμενον
307 2317 427 2405 ὅμοιον
451 2313 492 2387 ἀν
514 2323 560 2412 τῷ
586 2321 774 2404 ἐλλείμματι
798 2319 831 2400 ἐξ
855 2315 1033 2406 ἀνάγκης..

138 2428 190 2492 42.
227 2425 413 2513 Παραβολὴ
441 2423 530 2514 παρά
553 2437 624 2505 τοῖς
646 2434 891 2511 μαθηματικοῖς
913 2427 1043 2510 λέγεται
1066 2423 1084 2493 6
1105 2444 1140 2494 20

72 2529 244 2616 μερισμός·
266 2536 474 2619 παραβαλεῖν
491 2529 556 2619 γάρ
576 2529 724 2619 ἀριθμὸν
743 2530 832 2618 παρά
849 2529 998 2619 ἀριθμόν
1018 2533 1086 2599 ἐστι

71 2636 108 2702 τὸ
133 2642 265 2722 μερίσαι
287 2635 347 2705 τὸν
370 2641 506 2722 μείζονα
529 2640 578 2716 είς
599 2635 661 2704 τὸν
684 2635 846 2704 ἐλάττονα
871 2633 947 2721 ἥτοι
970 2638 1086 2722 δεῖξαι,

70 2741 212 2820 ποσάκις
235 2739 252 2809 ὁ
277 2740 420 2810 ίλάττων
443 2744 627 2830 περιέχεται
650 2739 717 2810 ὑπὸ
741 2746 802 2809 τοῦ
825 2746 984 2826 μείζονος.

138 2851 191 2915 43.
229 2845 286 2914 Δι’
312 2845 468 2934 ἀριθμῶν
492 2852 624 2927 ἔκθεσις
646 2847 702 2914 καὶ
725 2843 895 2925 ἀπόδειξις
916 2854 978 2912 τοῦ
1000 2854 1086 2913 θεω-

72 2954 231 3041 ρήματος·
271 2954 360 3041 παρὰ
391 2951 455 3041 γάρ
485 2950 547 3040 τὴν
571 2959 636 3021 ΑΒ
665 2950 804 3021 εὐθεῖαν
835 2954 953 3038 πηχῶν
983 2951 1086 3037 τνχόν
1104 2974 1140 3025 25

73 3083 287 3090 -—--—-—

141 3137 185 3186 41.
205 3129 298 3198 BV⁵q
312 3129 374 3201 (b').
446 3136 489 3185 42.
511 3128 688 3200 V⁸B²q(b²).
761 3134 804 3186 43.
823 3124 872 3182 Vb.

145 3298 185 3346 13.
205 3286 275 3361 ἀπό]
296 3284 328 3344 έν
345 3288 379 3344 V.
452 3291 514 3344 ίσον
533 3282 551 3357 ἡ
571 3288 681 3359 μεῖζον]
704 3289 799 3357 μεῖζον
817 3280 835 3356 ἡ
855 3287 917 3342 ίοον
935 3285 969 3342 V.
1043 3291 1112 3363 14..

72 3359 201 3434 ἔλαττον]
222 3359 340 3416 ἔλασσον
354 3363 407 3415 καί
422 3379 448 3430 q.
523 3365 565 3415 15.
584 3355 892 3444 παραλληλογράμμων]
911 3358 1021 3429 παραλλ
1039 3355 1114 3419 λό-

71 3452 200 3504 γραμμον
219 3433 252 3487 V.
344 3438 385 3487 16.
410 3431 454 3503 τε]
480 3442 534 3485 om.
553 3428 611 3499 Vq.
704 3435 746 3484 1⁷.
769 3430 821 3502 τῳ]
842 3426 875 3484 τό
892 3427 926 3485 V.
1016 3376 1114 3585 ἀνῇ

71 3503 256 3575 γραφόμενον
275 3502 309 3570 V,
329 3498 576 3574 ἀναγραφομένων
596 3519 625 3573 q.
696 3498 896 3573 ‘266'me
909 3498 1025 3555 οιαὶ.
1059 3514 1073 3575 ι,
