<?xml version="1.0" encoding="UTF-8"?>
<!DOCTYPE html PUBLIC "-//W3C//DTD XHTML 1.0 Transitional//EN"
    "http://www.w3.org/TR/xhtml1/DTD/xhtml1-transitional.dtd">
<html xmlns="http://www.w3.org/1999/xhtml" xml:lang="en" lang="en">
 <head>
  <title>
</title>
<meta http-equiv="Content-Type" content="text/html;charset=utf-8" />
  <meta name='ocr-system' content='tesseract 3.04.00' />
  <meta name='ocr-capabilities' content='ocr_page ocr_carea ocr_par ocr_line ocrx_word'/>
</head>
<body>
  <div class='ocr_page' id='page_1' title='image "./euclidisoperaom02unkngoog_0505.png"; bbox 0 0 2362 3796; ppageno 0'>
   <div class='ocr_carea' id='block_1_1' title="bbox 97 128 982 194">
    <p class='ocr_par' dir='ltr' id='par_1_1' title="bbox 97 128 982 194">
     <span class='ocr_line' id='line_1_1' title="bbox 97 128 982 194; baseline -0.006 -9"><span class='ocrx_word' id='word_1_1' title='bbox 97 128 162 194; x_wconf 87' lang='lat'><strong><em>388</em></strong></span> <span class='ocrx_word' id='word_1_2' title='bbox 232 129 390 183; x_wconf 82' lang='lat' dir='ltr'>SOHOLIA</span> <span class='ocrx_word' id='word_1_3' title='bbox 408 132 447 182; x_wconf 78' lang='lat' dir='ltr'><strong><em>IN</em></strong></span> <span class='ocrx_word' id='word_1_4' title='bbox 464 130 740 184; x_wconf 76' lang='lat' dir='ltr'><strong>ELEMENTORUM</strong></span> <span class='ocrx_word' id='word_1_5' title='bbox 758 131 896 182; x_wconf 85' lang='lat' dir='ltr'>LIBRUM</span> <span class='ocrx_word' id='word_1_6' title='bbox 909 131 982 181; x_wconf 90' lang='lat' dir='ltr'><strong>VIII.</strong></span> 
     </span>
    </p>
   </div>
   <div class='ocr_carea' id='block_1_2' title="bbox 67 259 1121 782">
    <p class='ocr_par' dir='ltr' id='par_1_2' title="bbox 67 259 1121 782">
     <span class='ocr_line' id='line_1_2' title="bbox 101 259 1119 358; baseline 0.001 -21"><span class='ocrx_word' id='word_1_7' title='bbox 101 267 283 358; x_wconf 77' lang='grc' dir='ltr'><strong><em>άριδμούς,</em></strong></span> <span class='ocrx_word' id='word_1_8' title='bbox 322 274 444 352; x_wconf 81' lang='grc' dir='ltr'><strong><em>οἵτινες</em></strong></span> <span class='ocrx_word' id='word_1_9' title='bbox 476 276 608 340; x_wconf 85' lang='grc' dir='ltr'><strong><em>έσονται</em></strong></span> <span class='ocrx_word' id='word_1_10' title='bbox 641 269 825 357; x_wconf 83' lang='grc' dir='ltr'><strong><em>ἐλάχιστοι,</em></strong></span> <span class='ocrx_word' id='word_1_11' title='bbox 860 272 1032 339; x_wconf 75' lang='grc' dir='ltr'><strong><em>τουτέστιν</em></strong></span> <span class='ocrx_word' id='word_1_12' title='bbox 1066 259 1119 338; x_wconf 79' lang='grc' dir='ltr'><strong><em>ὦν</em></strong></span> 
     </span>
     <span class='ocr_line' id='line_1_3' title="bbox 101 374 1120 466; baseline 0 -24"><span class='ocrx_word' id='word_1_13' title='bbox 101 374 345 465; x_wconf 84' lang='grc' dir='ltr'><strong><em>ἐλαχιστότεροι</em></strong></span> <span class='ocrx_word' id='word_1_14' title='bbox 372 377 457 446; x_wconf 85' lang='grc' dir='ltr'><strong><em>κατὰ</em></strong></span> <span class='ocrx_word' id='word_1_15' title='bbox 486 377 661 466; x_wconf 76' lang='grc' dir='ltr'><strong><em>συνέχειαν</em></strong></span> <span class='ocrx_word' id='word_1_16' title='bbox 691 378 849 465; x_wconf 83' lang='grc' dir='ltr'><strong><em>τέσσαρες</em></strong></span> <span class='ocrx_word' id='word_1_17' title='bbox 878 374 920 444; x_wconf 89' lang='grc' dir='ltr'><strong><em>οὑ</em></strong></span> <span class='ocrx_word' id='word_1_18' title='bbox 950 374 1120 443; x_wconf 83' lang='grc' dir='ltr'><strong><em>δύνανται</em></strong></span> 
     </span>
     <span class='ocr_line' id='line_1_4' title="bbox 100 477 1121 568; baseline 0.001 -20"><span class='ocrx_word' id='word_1_19' title='bbox 100 478 295 567; x_wconf 77' lang='grc' dir='ltr'><strong><em>εὑρεθῆναι.</em></strong></span> <span class='ocrx_word' id='word_1_20' title='bbox 341 478 405 551; x_wconf 85' lang='grc' dir='ltr'><strong><em>κάν</em></strong></span> <span class='ocrx_word' id='word_1_21' title='bbox 434 477 498 551; x_wconf 88' lang='grc' dir='ltr'><strong><em>οὑν</em></strong></span> <span class='ocrx_word' id='word_1_22' title='bbox 525 481 605 550; x_wconf 82' lang='grc' dir='ltr'><strong><em>ἑπτά</em></strong></span> <span class='ocrx_word' id='word_1_23' title='bbox 629 482 704 568; x_wconf 78' lang='grc' dir='ltr'><strong><em>ἑξῆς</em></strong></span> <span class='ocrx_word' id='word_1_24' title='bbox 731 478 902 568; x_wconf 83' lang='grc' dir='ltr'><strong><em>άνάλυνον</em></strong></span> <span class='ocrx_word' id='word_1_25' title='bbox 925 484 1121 568; x_wconf 79' lang='grc' dir='ltr'><strong><em>ἐλαχίστους</em></strong></span> 
     </span>
     <span class='ocr_line' id='line_1_5' title="bbox 100 583 1120 676; baseline -0.001 -22"><span class='ocrx_word' id='word_1_26' title='bbox 100 583 165 655; x_wconf 88' lang='grc' dir='ltr'><strong><em>κάν</em></strong></span> <span class='ocrx_word' id='word_1_27' title='bbox 187 593 206 654; x_wconf 90' lang='grc' dir='ltr'><em>ῖ</em></span> <span class='ocrx_word' id='word_1_28' title='bbox 229 587 398 676; x_wconf 82' lang='grc' dir='ltr'><strong><em>εὑρίσκειν</em></strong></span> <span class='ocrx_word' id='word_1_29' title='bbox 426 584 490 656; x_wconf 85' lang='grc' dir='ltr'><strong><em>κάν</em></strong></span> <span class='ocrx_word' id='word_1_30' title='bbox 523 587 646 668; x_wconf 78' lang='grc' dir='ltr'><strong><em>ἄλλους</em></strong></span> <span class='ocrx_word' id='word_1_31' title='bbox 677 589 781 668; x_wconf 81' lang='grc' dir='ltr'><strong><em>ὅσους</em></strong></span> <span class='ocrx_word' id='word_1_32' title='bbox 812 586 854 673; x_wconf 80' lang='grc' dir='ltr'><strong><em>δή</em></strong></span> <span class='ocrx_word' id='word_1_33' title='bbox 886 613 980 666; x_wconf 90' lang='grc' dir='ltr'><strong><em>τινας</em></strong></span> <span class='ocrx_word' id='word_1_34' title='bbox 1011 610 1120 672; x_wconf 89' lang='grc' dir='ltr'><strong><em>παρα-</em></strong></span> 
     </span>
     <span class='ocr_line' id='line_1_6' title="bbox 67 685 1121 782; baseline -0.005 -16"><span class='ocrx_word' id='word_1_35' title='bbox 67 692 328 780; x_wconf 78' lang='grc' dir='ltr'><strong><em>οαελευιάμεδα,</em></strong></span> <span class='ocrx_word' id='word_1_36' title='bbox 352 694 508 763; x_wconf 84' lang='grc' dir='ltr'><strong><em>τοιοῦτόν</em></strong></span> <span class='ocrx_word' id='word_1_37' title='bbox 530 721 562 761; x_wconf 92' lang='grc' dir='ltr'><strong><em>τι</em></strong></span> <span class='ocrx_word' id='word_1_38' title='bbox 588 692 872 780; x_wconf 77' lang='grc' dir='ltr'><strong><em>προσταττόμεθα.</em></strong></span> <span class='ocrx_word' id='word_1_39' title='bbox 918 691 1030 782; x_wconf 75' lang='grc' dir='ltr'><strong><em>εὑρεῖν</em></strong></span> <span class='ocrx_word' id='word_1_40' title='bbox 1054 685 1121 761; x_wconf 84' lang='grc' dir='ltr'><strong><em>οὑν</em></strong></span> 
     </span>
    </p>
   </div>
   <div class='ocr_carea' id='block_1_3' title="bbox 102 790 1121 1202">
    <p class='ocr_par' dir='ltr' id='par_1_3' title="bbox 102 790 1121 1202">
     <span class='ocr_line' id='line_1_7' title="bbox 102 790 1121 887; baseline 0 -21"><span class='ocrx_word' id='word_1_41' title='bbox 102 802 157 866; x_wconf 81' lang='grc' dir='ltr'><strong><em>δεῖ</em></strong></span> <span class='ocrx_word' id='word_1_42' title='bbox 176 799 339 886; x_wconf 90' lang='grc' dir='ltr'><strong><em>τέσσαρας</em></strong></span> <span class='ocrx_word' id='word_1_43' title='bbox 362 802 566 885; x_wconf 80' lang='grc' dir='ltr'><strong><em>ἐλαχίστους,</em></strong></span> <span class='ocrx_word' id='word_1_44' title='bbox 590 790 639 867; x_wconf 79' lang='grc' dir='ltr'><strong><em>ὦν</em></strong></span> <span class='ocrx_word' id='word_1_45' title='bbox 659 797 830 886; x_wconf 80' lang='grc' dir='ltr'><strong><em>τεσσάρων</em></strong></span> <span class='ocrx_word' id='word_1_46' title='bbox 848 796 944 866; x_wconf 88' lang='grc' dir='ltr'><strong><em>άλλοι</em></strong></span> <span class='ocrx_word' id='word_1_47' title='bbox 962 799 1121 887; x_wconf 86' lang='grc' dir='ltr'><strong><em>τέσσαρες</em></strong></span> 
     </span>
     <span class='ocr_line' id='line_1_8' title="bbox 102 900 1120 993; baseline -0.002 -19"><span class='ocrx_word' id='word_1_48' title='bbox 102 906 176 990; x_wconf 78' lang='grc' dir='ltr'><strong><em>ἑξῆς</em></strong></span> <span class='ocrx_word' id='word_1_49' title='bbox 200 902 446 992; x_wconf 79' lang='grc' dir='ltr'><strong><em>έλαχιστότεροι</em></strong></span> <span class='ocrx_word' id='word_1_50' title='bbox 474 901 515 972; x_wconf 88' lang='grc' dir='ltr'><strong><em>οὑ</em></strong></span> <span class='ocrx_word' id='word_1_51' title='bbox 539 903 703 972; x_wconf 84' lang='grc' dir='ltr'><strong><em>δύνανται</em></strong></span> <span class='ocrx_word' id='word_1_52' title='bbox 727 900 830 990; x_wconf 76' lang='grc' dir='ltr'><strong><em>εἶναι,</em></strong></span> <span class='ocrx_word' id='word_1_53' title='bbox 857 900 878 990; x_wconf 78' lang='grc' dir='ltr'><em>ἢ</em></span> <span class='ocrx_word' id='word_1_54' title='bbox 904 901 1015 993; x_wconf 75' lang='grc' dir='ltr'><strong><em>εὑρεῖν</em></strong></span> <span class='ocrx_word' id='word_1_55' title='bbox 1039 906 1120 972; x_wconf 85' lang='grc' dir='ltr'><strong><em>δέκα</em></strong></span> 
     </span>
     <span class='ocr_line' id='line_1_9' title="bbox 102 1003 1120 1098; baseline 0.003 -22"><span class='ocrx_word' id='word_1_56' title='bbox 102 1011 178 1096; x_wconf 81' lang='grc' dir='ltr'><strong><em>ἑξῆς</em></strong></span> <span class='ocrx_word' id='word_1_57' title='bbox 200 1012 408 1098; x_wconf 83' lang='grc' dir='ltr'><strong><em>ἐλαχίστους,</em></strong></span> <span class='ocrx_word' id='word_1_58' title='bbox 436 1003 485 1078; x_wconf 78' lang='grc' dir='ltr'><strong><em>ὧν</em></strong></span> <span class='ocrx_word' id='word_1_59' title='bbox 513 1011 592 1079; x_wconf 87' lang='grc' dir='ltr'><strong><em>δέκα</em></strong></span> <span class='ocrx_word' id='word_1_60' title='bbox 622 1011 729 1096; x_wconf 78' lang='grc' dir='ltr'><strong><em>ἕτεροι</em></strong></span> <span class='ocrx_word' id='word_1_61' title='bbox 752 1009 833 1078; x_wconf 87' lang='grc' dir='ltr'><strong><em>δέκα</em></strong></span> <span class='ocrx_word' id='word_1_62' title='bbox 856 1009 931 1095; x_wconf 79' lang='grc' dir='ltr'><strong><em>ἑξῆς</em></strong></span> <span class='ocrx_word' id='word_1_63' title='bbox 953 1009 1120 1097; x_wconf 85' lang='grc' dir='ltr'><strong><em>έλαχιστό-</em></strong></span> 
     </span>
     <span class='ocr_line' id='line_1_10' title="bbox 104 1114 569 1202; baseline 0.006 -20"><span class='ocrx_word' id='word_1_64' title='bbox 104 1141 195 1202; x_wconf 86' lang='grc' dir='ltr'><strong><em>τεροι</em></strong></span> <span class='ocrx_word' id='word_1_65' title='bbox 219 1115 259 1184; x_wconf 88' lang='grc' dir='ltr'><strong><em>οὑ</em></strong></span> <span class='ocrx_word' id='word_1_66' title='bbox 285 1116 449 1184; x_wconf 90' lang='grc' dir='ltr'><strong><em>δὺυανται</em></strong></span> <span class='ocrx_word' id='word_1_67' title='bbox 473 1114 569 1185; x_wconf 80' lang='grc' dir='ltr'><strong><em>εἶναι.</em></strong></span> 
     </span>
    </p>
   </div>
   <div class='ocr_carea' id='block_1_4' title="bbox 53 1313 1130 2578">
    <p class='ocr_par' dir='ltr' id='par_1_4' title="bbox 55 1313 812 1398">
     <span class='ocr_line' id='line_1_11' title="bbox 55 1313 812 1398; baseline 0.003 -23"><span class='ocrx_word' id='word_1_68' title='bbox 55 1334 89 1384; x_wconf 90' lang='lat'><strong><em>10</em></strong></span> <span class='ocrx_word' id='word_1_69' title='bbox 416 1313 469 1377; x_wconf 87' lang='lat' dir='ltr'><strong><em>Ad</em></strong></span> <span class='ocrx_word' id='word_1_70' title='bbox 493 1336 597 1398; x_wconf 90' lang='lat' dir='ltr'><strong>prop.</strong></span> <span class='ocrx_word' id='word_1_71' title='bbox 621 1313 655 1378; x_wconf 95' lang='lat' dir='ltr'><strong><em>II</em></strong></span> <span class='ocrx_word' id='word_1_72' title='bbox 678 1313 812 1379; x_wconf 78' lang='lat' dir='ltr'><strong>coroll.</strong></span> 
     </span>
    </p>

    <p class='ocr_par' dir='ltr' id='par_1_5' title="bbox 102 1428 1125 1842">
     <span class='ocr_line' id='line_1_12' title="bbox 170 1428 1121 1523; baseline 0.005 -24"><span class='ocrx_word' id='word_1_73' title='bbox 170 1436 200 1500; x_wconf 82' lang='lat'><strong><em>2.</em></strong></span> <span class='ocrx_word' id='word_1_74' title='bbox 233 1428 365 1519; x_wconf 83' lang='grc' dir='ltr'><strong><em>Ἵσμεν,</em></strong></span> <span class='ocrx_word' id='word_1_75' title='bbox 400 1431 468 1520; x_wconf 83' lang='grc' dir='ltr'><strong><em>ὅτι,</em></strong></span> <span class='ocrx_word' id='word_1_76' title='bbox 501 1432 561 1503; x_wconf 85' lang='grc' dir='ltr'><strong><em>έὺν</em></strong></span> <span class='ocrx_word' id='word_1_77' title='bbox 592 1430 741 1523; x_wconf 76' lang='grc' dir='ltr'><strong><em>ἀριθμός</em></strong></span> <span class='ocrx_word' id='word_1_78' title='bbox 766 1461 816 1515; x_wconf 89' lang='grc' dir='ltr'><strong><em>τις</em></strong></span> <span class='ocrx_word' id='word_1_79' title='bbox 848 1433 968 1504; x_wconf 85' lang='grc' dir='ltr'><strong><em>ἑαυτὸν</em></strong></span> <span class='ocrx_word' id='word_1_80' title='bbox 999 1442 1121 1504; x_wconf 91' lang='grc' dir='ltr'><strong><em>πολλα-</em></strong></span> 
     </span>
     <span class='ocr_line' id='line_1_13' title="bbox 102 1536 1124 1628; baseline 0.004 -22"><span class='ocrx_word' id='word_1_81' title='bbox 102 1537 287 1619; x_wconf 90' lang='grc' dir='ltr'><strong><em>πλασιάσας</em></strong></span> <span class='ocrx_word' id='word_1_82' title='bbox 310 1543 389 1628; x_wconf 73' lang='grc' dir='ltr'><strong><em>ποιῇ</em></strong></span> <span class='ocrx_word' id='word_1_83' title='bbox 411 1567 498 1627; x_wconf 85' lang='grc' dir='ltr'><strong><em>τινα,</em></strong></span> <span class='ocrx_word' id='word_1_84' title='bbox 522 1536 540 1608; x_wconf 92' lang='lat'><em>6</em></span> <span class='ocrx_word' id='word_1_85' title='bbox 559 1537 709 1627; x_wconf 75' lang='grc' dir='ltr'><strong><em>χεχονοδς</em></strong></span> <span class='ocrx_word' id='word_1_86' title='bbox 727 1542 763 1608; x_wconf 83' lang='grc' dir='ltr'><strong><em>ἐκ</em></strong></span> <span class='ocrx_word' id='word_1_87' title='bbox 780 1543 843 1608; x_wconf 87' lang='grc' dir='ltr'><strong><em>τοὺ</em></strong></span> <span class='ocrx_word' id='word_1_88' title='bbox 862 1541 984 1609; x_wconf 78' lang='grc' dir='ltr'><strong><em>ἑαυτοῦ</em></strong></span> <span class='ocrx_word' id='word_1_89' title='bbox 1002 1549 1124 1610; x_wconf 87' lang='grc' dir='ltr'><strong><em>πολλα·</em></strong></span> 
     </span>
     <span class='ocr_line' id='line_1_14' title="bbox 103 1644 1125 1734; baseline 0.004 -22"><span class='ocrx_word' id='word_1_90' title='bbox 103 1648 316 1732; x_wconf 85' lang='grc' dir='ltr'><strong><em>πλασιασμοῦ</em></strong></span> <span class='ocrx_word' id='word_1_91' title='bbox 339 1645 549 1734; x_wconf 81' lang='grc' dir='ltr'><strong><em>τετράγωνός</em></strong></span> <span class='ocrx_word' id='word_1_92' title='bbox 571 1649 676 1732; x_wconf 80' lang='grc' dir='ltr'><strong><em>ἐστιν,</em></strong></span> <span class='ocrx_word' id='word_1_93' title='bbox 710 1650 742 1713; x_wconf 89' lang='grc' dir='ltr'><strong><em>εί</em></strong></span> <span class='ocrx_word' id='word_1_94' title='bbox 769 1647 806 1715; x_wconf 77' lang='grc' dir='ltr'><strong><em>δδ</em></strong></span> <span class='ocrx_word' id='word_1_95' title='bbox 832 1651 947 1732; x_wconf 83' lang='grc' dir='ltr'><strong><em>τοῦτο,</em></strong></span> <span class='ocrx_word' id='word_1_96' title='bbox 979 1644 997 1716; x_wconf 94' lang='lat'><em>6</em></span> <span class='ocrx_word' id='word_1_97' title='bbox 1030 1646 1068 1716; x_wconf 72' lang='grc' dir='ltr'><strong><em>δὲ</em></strong></span> <span class='ocrx_word' id='word_1_98' title='bbox 1092 1657 1125 1716; x_wconf 91' lang='grc' dir='ltr'><em>Α</em></span> 
     </span>
     <span class='ocr_line' id='line_1_15' title="bbox 104 1749 1123 1842; baseline 0.003 -24"><span class='ocrx_word' id='word_1_99' title='bbox 104 1749 226 1819; x_wconf 83' lang='grc' dir='ltr'><strong><em>ἑαυτὸν</em></strong></span> <span class='ocrx_word' id='word_1_100' title='bbox 248 1751 546 1834; x_wconf 79' lang='grc' dir='ltr'><strong><em>πολλαπλασιάσας</em></strong></span> <span class='ocrx_word' id='word_1_101' title='bbox 567 1752 628 1822; x_wconf 85' lang='grc' dir='ltr'><strong><em>τὸν</em></strong></span> <span class='ocrx_word' id='word_1_102' title='bbox 652 1758 685 1821; x_wconf 92' lang='grc' dir='ltr'>Γ</span> <span class='ocrx_word' id='word_1_103' title='bbox 703 1759 897 1839; x_wconf 81' lang='grc' dir='ltr'><strong><em>πεποίηκεν,</em></strong></span> <span class='ocrx_word' id='word_1_104' title='bbox 920 1750 938 1821; x_wconf 94' lang='lat'><em>6</em></span> <span class='ocrx_word' id='word_1_105' title='bbox 958 1759 991 1821; x_wconf 94' lang='grc' dir='ltr'>Γ</span> <span class='ocrx_word' id='word_1_106' title='bbox 1009 1753 1123 1842; x_wconf 88' lang='grc' dir='ltr'><strong><em>τετρά-</em></strong></span> 
     </span>
    </p>

    <p class='ocr_par' dir='ltr' id='par_1_6' title="bbox 55 1856 1130 2365">
     <span class='ocr_line' id='line_1_16' title="bbox 55 1856 1127 1943; baseline 0 -14"><span class='ocrx_word' id='word_1_107' title='bbox 55 1880 89 1929; x_wconf 77' lang='lat'><strong><em>16</em></strong></span> <span class='ocrx_word' id='word_1_108' title='bbox 107 1856 215 1943; x_wconf 84' lang='grc' dir='ltr'><strong><em>νοονός</em></strong></span> <span class='ocrx_word' id='word_1_109' title='bbox 238 1860 316 1927; x_wconf 86' lang='grc' dir='ltr'><strong><em>έστι.</em></strong></span> <span class='ocrx_word' id='word_1_110' title='bbox 364 1858 465 1928; x_wconf 89' lang='grc' dir='ltr'><strong><em>πάλιν</em></strong></span> <span class='ocrx_word' id='word_1_111' title='bbox 489 1859 558 1928; x_wconf 77' lang='grc' dir='ltr'><strong><em>ἐπεὶ</em></strong></span> <span class='ocrx_word' id='word_1_112' title='bbox 586 1856 604 1927; x_wconf 92' lang='lat'><em>6</em></span> <span class='ocrx_word' id='word_1_113' title='bbox 632 1866 660 1926; x_wconf 89' lang='grc' dir='ltr'><em>Β</em></span> <span class='ocrx_word' id='word_1_114' title='bbox 688 1857 809 1928; x_wconf 82' lang='grc' dir='ltr'><strong><em>ἑαυτὸν</em></strong></span> <span class='ocrx_word' id='word_1_115' title='bbox 831 1859 1127 1943; x_wconf 77' lang='grc' dir='ltr'><strong><em>πολλαπλασιάσας</em></strong></span> 
     </span>
     <span class='ocr_line' id='line_1_17' title="bbox 103 1961 1126 2054; baseline 0.006 -24"><span class='ocrx_word' id='word_1_116' title='bbox 103 1961 164 2031; x_wconf 91' lang='grc' dir='ltr'><strong><em>τὸν</em></strong></span> <span class='ocrx_word' id='word_1_117' title='bbox 192 1970 224 2030; x_wconf 86' lang='grc' dir='ltr'><em>Ε</em></span> <span class='ocrx_word' id='word_1_118' title='bbox 254 1969 452 2052; x_wconf 84' lang='grc' dir='ltr'><strong><em>πεποίηκεν,</em></strong></span> <span class='ocrx_word' id='word_1_119' title='bbox 486 1965 503 2033; x_wconf 97' lang='lat'><em>6</em></span> <span class='ocrx_word' id='word_1_120' title='bbox 532 1973 564 2033; x_wconf 88' lang='lat' dir='ltr'><em>E</em></span> <span class='ocrx_word' id='word_1_121' title='bbox 592 1963 802 2054; x_wconf 79' lang='grc' dir='ltr'><strong><em>τετράγωνός</em></strong></span> <span class='ocrx_word' id='word_1_122' title='bbox 834 1969 911 2035; x_wconf 83' lang='grc' dir='ltr'><strong><em>ἐστι.</em></strong></span> <span class='ocrx_word' id='word_1_123' title='bbox 964 1968 1020 2034; x_wconf 80' lang='grc' dir='ltr'><strong><em>καί</em></strong></span> <span class='ocrx_word' id='word_1_124' title='bbox 1053 1968 1126 2036; x_wconf 77' lang='grc' dir='ltr'><strong><em>ἐπεὶ</em></strong></span> 
     </span>
     <span class='ocr_line' id='line_1_18' title="bbox 104 2067 1128 2160; baseline 0.007 -24"><span class='ocrx_word' id='word_1_125' title='bbox 104 2068 206 2138; x_wconf 88' lang='grc' dir='ltr'><strong><em>πάλιν</em></strong></span> <span class='ocrx_word' id='word_1_126' title='bbox 231 2067 248 2137; x_wconf 94' lang='lat'><em>6</em></span> <span class='ocrx_word' id='word_1_127' title='bbox 275 2079 307 2136; x_wconf 89' lang='lat' dir='ltr'><em>A</em></span> <span class='ocrx_word' id='word_1_128' title='bbox 330 2069 455 2138; x_wconf 84' lang='grc' dir='ltr'><strong><em>ἑαυτὸν</em></strong></span> <span class='ocrx_word' id='word_1_129' title='bbox 478 2070 773 2152; x_wconf 89' lang='grc' dir='ltr'><strong><em>πολλαπλασιάσας</em></strong></span> <span class='ocrx_word' id='word_1_130' title='bbox 794 2070 855 2140; x_wconf 90' lang='grc' dir='ltr'><strong><em>τὸν</em></strong></span> <span class='ocrx_word' id='word_1_131' title='bbox 877 2078 910 2140; x_wconf 94' lang='grc' dir='ltr'><strong>Γ</strong></span> <span class='ocrx_word' id='word_1_132' title='bbox 933 2078 1128 2160; x_wconf 83' lang='grc' dir='ltr'><strong><em>πεποίηκεν,</em></strong></span> 
     </span>
     <span class='ocr_line' id='line_1_19' title="bbox 105 2174 1128 2266; baseline 0.009 -26"><span class='ocrx_word' id='word_1_133' title='bbox 105 2174 166 2243; x_wconf 90' lang='grc' dir='ltr'><strong><em>τὸν</em></strong></span> <span class='ocrx_word' id='word_1_134' title='bbox 187 2175 224 2243; x_wconf 77' lang='grc' dir='ltr'><strong><em>δὲ</em></strong></span> <span class='ocrx_word' id='word_1_135' title='bbox 240 2180 272 2242; x_wconf 91' lang='grc' dir='ltr'>Γ</span> <span class='ocrx_word' id='word_1_136' title='bbox 287 2175 584 2255; x_wconf 89' lang='grc' dir='ltr'><strong><em>πολλαπλασιάσας</em></strong></span> <span class='ocrx_word' id='word_1_137' title='bbox 600 2176 661 2245; x_wconf 87' lang='grc' dir='ltr'><strong><em>τὸν</em></strong></span> <span class='ocrx_word' id='word_1_138' title='bbox 677 2185 704 2244; x_wconf 91' lang='grc' dir='ltr'>Ζ</span> <span class='ocrx_word' id='word_1_139' title='bbox 723 2182 913 2264; x_wconf 82' lang='grc' dir='ltr'><strong><em>πεποίηκεν,</em></strong></span> <span class='ocrx_word' id='word_1_140' title='bbox 937 2176 954 2247; x_wconf 95' lang='lat'><em>6</em></span> <span class='ocrx_word' id='word_1_141' title='bbox 976 2186 1003 2245; x_wconf 91' lang='grc' dir='ltr'>Ζ</span> <span class='ocrx_word' id='word_1_142' title='bbox 1020 2179 1128 2266; x_wconf 87' lang='grc' dir='ltr'><strong><em>κὺβος</em></strong></span> 
     </span>
     <span class='ocr_line' id='line_1_20' title="bbox 106 2279 1130 2365; baseline 0.006 -18"><span class='ocrx_word' id='word_1_143' title='bbox 106 2282 184 2347; x_wconf 87' lang='grc' dir='ltr'><strong><em>έστί.</em></strong></span> <span class='ocrx_word' id='word_1_144' title='bbox 229 2281 334 2348; x_wconf 91' lang='grc' dir='ltr'><strong><em>πάλιν</em></strong></span> <span class='ocrx_word' id='word_1_145' title='bbox 359 2281 429 2349; x_wconf 81' lang='grc' dir='ltr'><strong><em>ἐπεὶ</em></strong></span> <span class='ocrx_word' id='word_1_146' title='bbox 452 2279 471 2350; x_wconf 93' lang='lat'><em>6</em></span> <span class='ocrx_word' id='word_1_147' title='bbox 495 2289 523 2349; x_wconf 91' lang='lat' dir='ltr'><em>B</em></span> <span class='ocrx_word' id='word_1_148' title='bbox 547 2280 667 2351; x_wconf 84' lang='grc' dir='ltr'><strong><em>ἑαυτὸν</em></strong></span> <span class='ocrx_word' id='word_1_149' title='bbox 695 2283 988 2365; x_wconf 89' lang='grc' dir='ltr'><strong><em>πολλαπλασιάσας</em></strong></span> <span class='ocrx_word' id='word_1_150' title='bbox 1009 2285 1071 2353; x_wconf 90' lang='grc' dir='ltr'><strong><em>τὸν</em></strong></span> <span class='ocrx_word' id='word_1_151' title='bbox 1096 2294 1130 2354; x_wconf 90' lang='grc' dir='ltr'><em>Ε</em></span> 
     </span>
    </p>

    <p class='ocr_par' dir='ltr' id='par_1_7' title="bbox 53 2386 1127 2578">
     <span class='ocr_line' id='line_1_21' title="bbox 53 2386 1127 2478; baseline 0.001 -20"><span class='ocrx_word' id='word_1_152' title='bbox 53 2409 88 2458; x_wconf 78' lang='lat'><strong><em>20</em></strong></span> <span class='ocrx_word' id='word_1_153' title='bbox 107 2389 296 2471; x_wconf 85' lang='grc' dir='ltr'><strong><em>πεποίηκεν,</em></strong></span> <span class='ocrx_word' id='word_1_154' title='bbox 318 2388 377 2455; x_wconf 89' lang='grc' dir='ltr'><strong><em>τὸν</em></strong></span> <span class='ocrx_word' id='word_1_155' title='bbox 397 2386 434 2455; x_wconf 75' lang='grc' dir='ltr'><strong><em>δὲ</em></strong></span> <span class='ocrx_word' id='word_1_156' title='bbox 448 2395 480 2455; x_wconf 84' lang='grc' dir='ltr'><em>Ε</em></span> <span class='ocrx_word' id='word_1_157' title='bbox 496 2388 791 2470; x_wconf 89' lang='grc' dir='ltr'><strong><em>πολλαπλασιάσας</em></strong></span> <span class='ocrx_word' id='word_1_158' title='bbox 808 2388 867 2458; x_wconf 87' lang='grc' dir='ltr'><strong><em>τὸν</em></strong></span> <span class='ocrx_word' id='word_1_159' title='bbox 882 2397 917 2458; x_wconf 90' lang='lat' dir='ltr'><em>K</em></span> <span class='ocrx_word' id='word_1_160' title='bbox 934 2395 1127 2478; x_wconf 86' lang='grc' dir='ltr'><strong><em>πεποίηκεν,</em></strong></span> 
     </span>
     <span class='ocr_line' id='line_1_22' title="bbox 110 2486 525 2578; baseline 0.019 -23"><span class='ocrx_word' id='word_1_161' title='bbox 110 2486 128 2555; x_wconf 87' lang='grc' dir='ltr'>ὁ</span> <span class='ocrx_word' id='word_1_162' title='bbox 155 2496 191 2557; x_wconf 88' lang='grc' dir='ltr'><em>Κ</em></span> <span class='ocrx_word' id='word_1_163' title='bbox 211 2489 275 2576; x_wconf 88' lang='grc' dir='ltr'><strong><em>άρα</em></strong></span> <span class='ocrx_word' id='word_1_164' title='bbox 298 2493 401 2578; x_wconf 84' lang='grc' dir='ltr'><strong><em>κύβος</em></strong></span> <span class='ocrx_word' id='word_1_165' title='bbox 427 2496 525 2562; x_wconf 83' lang='grc' dir='ltr'><strong><em>ἐστίν.</em></strong></span> 
     </span>
    </p>
   </div>
   <div class='ocr_carea' id='block_1_5' title="bbox 485 2691 750 2777">
    <p class='ocr_par' dir='ltr' id='par_1_8' title="bbox 485 2691 750 2777">
     <span class='ocr_line' id='line_1_23' title="bbox 485 2691 750 2777; baseline 0 -21"><span class='ocrx_word' id='word_1_166' title='bbox 485 2692 541 2756; x_wconf 86' lang='lat' dir='ltr'><strong><em>Ad</em></strong></span> <span class='ocrx_word' id='word_1_167' title='bbox 564 2715 666 2777; x_wconf 90' lang='lat' dir='ltr'>prop.</span> <span class='ocrx_word' id='word_1_168' title='bbox 691 2691 750 2757; x_wconf 91' lang='grc' dir='ltr'><strong><em>ΠΙ.</em></strong></span> 
     </span>
    </p>
   </div>
   <div class='ocr_carea' id='block_1_6' title="bbox 57 2810 1131 3111">
    <p class='ocr_par' dir='ltr' id='par_1_9' title="bbox 57 2810 1131 3111">
     <span class='ocr_line' id='line_1_24' title="bbox 175 2810 1104 2901; baseline 0.006 -25"><span class='ocrx_word' id='word_1_169' title='bbox 175 2813 203 2876; x_wconf 88' lang='lat'><strong><em>3.</em></strong></span> <span class='ocrx_word' id='word_1_170' title='bbox 227 2810 448 2899; x_wconf 77' lang='grc' dir='ltr'><strong><em>Πυθμενικδς</em></strong></span> <span class='ocrx_word' id='word_1_171' title='bbox 462 2812 499 2880; x_wconf 73' lang='grc' dir='ltr'><strong><em>δέ</em></strong></span> <span class='ocrx_word' id='word_1_172' title='bbox 515 2814 655 2899; x_wconf 76' lang='grc' dir='ltr'><strong><em>πυθμὴν</em></strong></span> <span class='ocrx_word' id='word_1_173' title='bbox 672 2812 856 2901; x_wconf 82' lang='grc' dir='ltr'><strong><em>πειράζεται</em></strong></span> <span class='ocrx_word' id='word_1_174' title='bbox 872 2815 928 2881; x_wconf 83' lang='grc' dir='ltr'><strong><em>διὰ</em></strong></span> <span class='ocrx_word' id='word_1_175' title='bbox 941 2816 996 2900; x_wconf 79' lang='grc' dir='ltr'><strong><em>λη’</em></strong></span> <span class='ocrx_word' id='word_1_176' title='bbox 1010 2818 1072 2882; x_wconf 87' lang='grc' dir='ltr'><strong><em>τοὺ</em></strong></span> <span class='ocrx_word' id='word_1_177' title='bbox 1088 2821 1104 2896; x_wconf 83' lang='grc' dir='ltr'><em>ζ</em></span> 
     </span>
     <span class='ocr_line' id='line_1_25' title="bbox 174 2914 1129 3008; baseline 0.006 -26"><span class='ocrx_word' id='word_1_178' title='bbox 174 2920 204 2984; x_wconf 93' lang='grc'><strong><em>4.</em></strong></span> <span class='ocrx_word' id='word_1_179' title='bbox 233 2914 277 2984; x_wconf 85' lang='grc' dir='ltr'><strong><em>Τὸ</em></strong></span> <span class='ocrx_word' id='word_1_180' title='bbox 294 2928 427 3006; x_wconf 81' lang='grc' dir='ltr'><strong><em>πρῶτον</em></strong></span> <span class='ocrx_word' id='word_1_181' title='bbox 440 2917 552 2986; x_wconf 82' lang='grc' dir='ltr'><strong><em>καὶτὸ</em></strong></span> <span class='ocrx_word' id='word_1_182' title='bbox 571 2923 685 3007; x_wconf 88' lang='grc' dir='ltr'><strong><em>τρίτον</em></strong></span> <span class='ocrx_word' id='word_1_183' title='bbox 708 2920 1015 3006; x_wconf 87' lang='grc' dir='ltr'><strong><em>προαποδέδειιιται,</em></strong></span> <span class='ocrx_word' id='word_1_184' title='bbox 1034 2927 1129 3008; x_wconf 87' lang='grc' dir='ltr'><strong><em>είπερ</em></strong></span> 
     </span>
     <span class='ocr_line' id='line_1_26' title="bbox 57 3020 1131 3111; baseline 0.005 -23"><span class='ocrx_word' id='word_1_185' title='bbox 57 3047 91 3097; x_wconf 80' lang='lat'><strong><em>25</em></strong></span> <span class='ocrx_word' id='word_1_186' title='bbox 113 3029 224 3110; x_wconf 85' lang='grc' dir='ltr'><strong><em>ίσμευ,</em></strong></span> <span class='ocrx_word' id='word_1_187' title='bbox 252 3020 302 3090; x_wconf 86' lang='grc' dir='ltr'><strong><em>ὅτι</em></strong></span> <span class='ocrx_word' id='word_1_188' title='bbox 332 3025 368 3090; x_wconf 77' lang='grc' dir='ltr'><strong><em>οἱ</em></strong></span> <span class='ocrx_word' id='word_1_189' title='bbox 395 3021 560 3110; x_wconf 82' lang='grc' dir='ltr'><strong><em>ἐλάχιστοι</em></strong></span> <span class='ocrx_word' id='word_1_190' title='bbox 587 3026 712 3109; x_wconf 76' lang='grc' dir='ltr'><strong><em>πρῶτοι</em></strong></span> <span class='ocrx_word' id='word_1_191' title='bbox 741 3021 826 3108; x_wconf 86' lang='grc' dir='ltr'><strong><em>πρὸς</em></strong></span> <span class='ocrx_word' id='word_1_192' title='bbox 853 3023 1018 3111; x_wconf 78' lang='grc' dir='ltr'><strong><em>ἀλλήλους</em></strong></span> <span class='ocrx_word' id='word_1_193' title='bbox 1039 3027 1131 3094; x_wconf 78' lang='grc' dir='ltr'><strong><em>εἰσὶν</em></strong></span> 
     </span>
    </p>
   </div>
   <div class='ocr_carea' id='block_1_7' title="bbox 185 3179 1036 3252">
    <p class='ocr_par' dir='ltr' id='par_1_10' title="bbox 185 3179 1036 3252">
     <span class='ocr_line' id='line_1_27' title="bbox 185 3179 1036 3252; baseline 0.001 -16"><span class='ocrx_word' id='word_1_194' title='bbox 185 3188 209 3236; x_wconf 81' lang='lat'><strong><em>2.</em></strong></span> <span class='ocrx_word' id='word_1_195' title='bbox 230 3182 293 3249; x_wconf 60' lang='grc' dir='ltr'><strong><em>νει</em></strong></span> <span class='ocrx_word' id='word_1_196' title='bbox 308 3181 375 3252; x_wconf 66' lang='grc' dir='ltr'><strong><em>(ε’).</em></strong></span> <span class='ocrx_word' id='word_1_197' title='bbox 449 3189 473 3238; x_wconf 87' lang='lat'><strong><em>3.</em></strong></span> <span class='ocrx_word' id='word_1_198' title='bbox 491 3180 540 3237; x_wconf 61' lang='lat' dir='ltr'><strong><em>va.</em></strong></span> <span class='ocrx_word' id='word_1_199' title='bbox 612 3189 638 3236; x_wconf 85' lang='lat'><strong><em>4.</em></strong></span> <span class='ocrx_word' id='word_1_200' title='bbox 657 3181 794 3249; x_wconf 58' lang='grc' dir='ltr'><strong><em>εντα,</em></strong></span> <span class='ocrx_word' id='word_1_201' title='bbox 814 3180 855 3246; x_wconf 68' lang='grc' dir='ltr'><strong><em>εις</em></strong></span> <span class='ocrx_word' id='word_1_202' title='bbox 872 3179 903 3237; x_wconf 65' lang='grc' dir='ltr'><strong><em>τε</em></strong></span> <span class='ocrx_word' id='word_1_203' title='bbox 923 3181 953 3252; x_wconf 60' lang='grc' dir='ltr'><strong><em>τ’</em></strong></span> <span class='ocrx_word' id='word_1_204' title='bbox 972 3181 1036 3237; x_wconf 70' lang='grc' dir='ltr'><strong><em>ιιι.</em></strong></span> 
     </span>
    </p>
   </div>
   <div class='ocr_carea' id='block_1_8' title="bbox 1108 2816 1127 2882">
    <p class='ocr_par' dir='ltr' id='par_1_11' title="bbox 1108 2816 1127 2882">
     <span class='ocr_line' id='line_1_28' title="bbox 1108 2816 1117 2837; baseline 0 0"><span class='ocrx_word' id='word_1_205' title='bbox 1108 2816 1117 2837; x_wconf 82' lang='grc' dir='ltr'><strong><em>Ι</em></strong></span> 
     </span>
     <span class='ocr_line' id='line_1_29' title="bbox 1121 2871 1127 2882; baseline 0 0"><span class='ocrx_word' id='word_1_206' title='bbox 1121 2871 1127 2882; x_wconf 75' lang='grc' dir='ltr'><strong><em>ι</em></strong></span> 
     </span>
    </p>
   </div>
   <div class='ocr_carea' id='block_1_9' title="bbox 61 3316 1131 3585">
    <p class='ocr_par' dir='ltr' id='par_1_12' title="bbox 61 3316 1131 3585">
     <span class='ocr_line' id='line_1_30' title="bbox 184 3316 1131 3394; baseline 0.002 -17"><span class='ocrx_word' id='word_1_207' title='bbox 184 3332 207 3377; x_wconf 91' lang='grc'><strong><em>1.</em></strong></span> <span class='ocrx_word' id='word_1_208' title='bbox 227 3316 279 3394; x_wconf 80' lang='grc' dir='ltr'><strong><em>ὧν]</em></strong></span> <span class='ocrx_word' id='word_1_209' title='bbox 298 3340 313 3378; x_wconf 81' lang='lat' dir='ltr'>e</span> <span class='ocrx_word' id='word_1_210' title='bbox 330 3340 399 3377; x_wconf 85' lang='lat' dir='ltr'><strong>corr.</strong></span> <span class='ocrx_word' id='word_1_211' title='bbox 414 3323 447 3377; x_wconf 88' lang='lat' dir='ltr'><strong><em>V.</em></strong></span> <span class='ocrx_word' id='word_1_212' title='bbox 520 3326 545 3378; x_wconf 80' lang='lat'><strong><em>4.</em></strong></span> <span class='ocrx_word' id='word_1_213' title='bbox 566 3317 701 3394; x_wconf 74' lang='grc' dir='ltr'><strong><em>εὑρίσκχλ</em></strong></span> <span class='ocrx_word' id='word_1_214' title='bbox 720 3342 746 3393; x_wconf 89' lang='lat' dir='ltr'><strong><em>q.</em></strong></span> <span class='ocrx_word' id='word_1_215' title='bbox 824 3319 1083 3394; x_wconf 73' lang='grc' dir='ltr'><strong><em>παρακελευόμεθα</em></strong></span> <span class='ocrx_word' id='word_1_216' title='bbox 1103 3327 1131 3381; x_wconf 92' lang='lat' dir='ltr'><strong>V</strong></span> 
     </span>
     <span class='ocr_line' id='line_1_31' title="bbox 112 3391 1127 3467; baseline 0.002 -17"><span class='ocrx_word' id='word_1_217' title='bbox 112 3396 141 3450; x_wconf 74' lang='lat' dir='ltr'><strong><em>et</em></strong></span> <span class='ocrx_word' id='word_1_218' title='bbox 159 3411 227 3449; x_wconf 83' lang='lat' dir='ltr'><strong>corr.</strong></span> <span class='ocrx_word' id='word_1_219' title='bbox 247 3411 282 3449; x_wconf 83' lang='lat' dir='ltr'><strong><em>ex</em></strong></span> <span class='ocrx_word' id='word_1_220' title='bbox 299 3392 553 3464; x_wconf 81' lang='grc' dir='ltr'><strong><em>παρακελευόμενα</em></strong></span> <span class='ocrx_word' id='word_1_221' title='bbox 571 3411 598 3462; x_wconf 91' lang='lat' dir='ltr'><strong><em>q.</em></strong></span> <span class='ocrx_word' id='word_1_222' title='bbox 679 3399 720 3448; x_wconf 89' lang='lat'><strong><em>11.</em></strong></span> <span class='ocrx_word' id='word_1_223' title='bbox 746 3391 810 3467; x_wconf 77' lang='grc' dir='ltr'><strong><em>ἐάν]</em></strong></span> <span class='ocrx_word' id='word_1_224' title='bbox 829 3395 870 3465; x_wconf 83' lang='lat' dir='ltr'><strong><em>V,</em></strong></span> <span class='ocrx_word' id='word_1_225' title='bbox 895 3391 933 3450; x_wconf 88' lang='grc' dir='ltr'><strong><em>άν</em></strong></span> <span class='ocrx_word' id='word_1_226' title='bbox 952 3395 1006 3464; x_wconf 87' lang='lat' dir='ltr'><strong><em>Pq.</em></strong></span> <span class='ocrx_word' id='word_1_227' title='bbox 1080 3402 1127 3453; x_wconf 76' lang='lat'><strong><em>21.</em></strong></span> 
     </span>
     <span class='ocr_line' id='line_1_32' title="bbox 104 3459 729 3538; baseline 0.006 -22"><span class='ocrx_word' id='word_1_228' title='bbox 104 3460 165 3534; x_wconf 78' lang='grc' dir='ltr'><strong><em>άρα</em></strong></span> <span class='ocrx_word' id='word_1_229' title='bbox 182 3462 283 3538; x_wconf 77' lang='grc' dir='ltr'><strong><em>κύβος]</em></strong></span> <span class='ocrx_word' id='word_1_230' title='bbox 301 3464 332 3520; x_wconf 82' lang='lat' dir='ltr'><strong><em>in</em></strong></span> <span class='ocrx_word' id='word_1_231' title='bbox 352 3481 406 3519; x_wconf 80' lang='lat' dir='ltr'><strong>ras.</strong></span> <span class='ocrx_word' id='word_1_232' title='bbox 429 3465 458 3537; x_wconf 85' lang='lat' dir='ltr'><strong><em>P,</em></strong></span> <span class='ocrx_word' id='word_1_233' title='bbox 477 3459 654 3535; x_wconf 75' lang='grc' dir='ltr'><strong><em>τετράγωνος</em></strong></span> <span class='ocrx_word' id='word_1_234' title='bbox 672 3465 729 3533; x_wconf 87' lang='lat' dir='ltr'><strong><em>Vq.</em></strong></span> 
     </span>
     <span class='ocr_line' id='line_1_33' title="bbox 61 3550 74 3585; baseline 0 0"><span class='ocrx_word' id='word_1_235' title='bbox 61 3550 74 3585; x_wconf 82' lang='grc' dir='ltr'><strong><em>ι</em></strong></span> 
     </span>
    </p>
   </div>
   <div class='ocr_carea' id='block_1_10' title="bbox 0 0 1201 3796">
    <p class='ocr_par' dir='ltr' id='par_1_13' title="bbox 0 0 1201 3796">
     <span class='ocr_line' id='line_1_34' title="bbox 0 0 1201 3796; baseline 0 0"><span class='ocrx_word' id='word_1_236' title='bbox 0 0 1201 3796; x_wconf 95' lang='lat' dir='ltr'><strong><em> </em></strong></span> 
     </span>
    </p>
   </div>
  </div>
 </body>
</html>
