2362 3796
389 123 660 176 PROLEGOMENA
679 123 832 178 cumei.
994 121 1121 177 LXXVII

102 283 133 335 p.
154 270 206 319 321
226 266 297 332 Βοὴ,
318 265 344 318 II
362 283 389 333 p.
410 270 461 318 136
481 264 549 329 Βοὴ,
567 280 595 331 p.
615 269 665 318 163
684 265 741 319 Βοὴ
761 272 791 332 2,
809 279 837 334 p.
856 271 909 320 279
928 267 1001 333 Βοὴ,
1019 284 1046 335 p.
1066 271 1118 320 307

106 347 167 400 Βοὴ
186 351 216 412 2,
244 363 271 414 p.
291 351 343 399 366
367 344 440 413 Βοὴ,
467 342 507 395 III
530 360 558 411 p.
577 348 629 397 263
653 345 727 411 Βοὴ,
753 343 791 397 IV
815 363 842 413 p.
861 350 927 413 294,
949 352 963 400 7
988 346 1121 416 (δυνάμει

107 423 255 490 omissum;
283 424 332 478 cfr.
356 423 378 476 P
401 443 429 493 p.
448 428 513 490 324,
537 423 600 491 14),
628 422 667 476 Ν
689 438 717 489 p.
737 427 788 475 126
811 424 869 478 not.
889 430 914 478 2.
957 441 1024 478 nam
1047 424 1120 479 diffi-

107 503 245 559 cillimum
255 505 300 558 est
314 503 479 571 diiudicetu,
493 501 564 570 quid
574 500 706 555 Euclides
720 501 774 556 hoc
787 500 819 554 in
832 517 934 570 genere
944 503 1121 560 committere

105 583 242 654 potuerit,
261 583 330 653 quid
347 601 405 640 non
422 582 556 653 potuerit,
574 583 604 635 et
623 582 723 636 contre
740 597 907 636 consensum
922 582 1048 638 codicum
1060 587 1121 639 tem

106 664 248 719 bonorum
266 661 428 717 cautissime
448 660 610 716 adhibenda
628 662 672 714 est
690 661 866 729 coniectura,
889 662 1047 730 ubicunque
1064 679 1122 717 non

105 743 294 812 intellegitur,
313 759 369 811 qun
388 758 473 797 cause
490 743 584 795 motus
602 739 736 794 libra-rius
756 739 860 808 aliquis
878 743 987 795 rectam
1006 741 1123 813 scriptu-

108 840 171 878 rem
189 822 294 877 uitione
312 822 486 878 sustinuerit.
513 821 611 890 iteque
624 819 765 876 rationem
779 820 902 876 Simeoni
917 821 1054 893 (Euclidis
1068 822 1124 878 ele-

107 905 270 957 mentorum
287 902 355 957 libri
371 902 479 972 priores
503 918 550 957 sex
569 902 639 956 item
656 900 822 955 undecimus
841 903 871 956 et
889 900 1072 956 duodecimus
1090 919 1125 957 ex

110 983 240 1039 versione
258 981 350 1037 letina
368 981 496 1036 Federici
514 981 710 1036 Commsndini
734 980 855 1035 sublatis
879 980 915 1035 iis
935 979 1038 1050 quibus
1058 980 1125 1036 olim

110 1063 178 1118 libri
200 1062 232 1116 hi
255 1079 274 1116 a
290 1062 404 1117 Theone
428 1061 529 1117 aliisve
551 1062 646 1116 vitiati
670 1065 735 1116 sunt
761 1063 790 1115 et
809 1061 980 1130 quibusdam
997 1061 1124 1116 Euclidis

109 1141 398 1198 demonstrationibus
417 1141 565 1197 restitutis.
604 1141 745 1211 Glusguee
766 1147 843 1210 1766,
861 1143 926 1212 lto)
945 1159 1002 1197 ΒοΒ
1020 1142 1124 1211 probc;

110 1239 178 1278 num
197 1239 368 1293 quamquam
385 1223 550 1292 plerumque
567 1254 604 1264 -
621 1238 689 1276 nam
706 1237 743 1275 Βο
761 1221 809 1277 hic
827 1220 941 1289 quidem
960 1239 1071 1292 semper
1090 1253 1123 1262 -

110 1320 161 1358 suo
176 1303 236 1358 iure
251 1320 357 1359 errores
368 1303 405 1357 ed
419 1302 650 1357 mathematicum
664 1303 824 1372 spectantes
838 1303 928 1370 notet,
942 1302 973 1355 in
983 1320 1016 1358 eo
1031 1318 1125 1358 errare

111 1381 182 1436 mihi
201 1383 318 1453 quidem
333 1382 457 1452 uidetur,
485 1382 561 1450 quod
578 1383 631 1438 hos
651 1398 747 1437 omnes
766 1381 875 1436 Theoni
899 1382 1018 1450 aliisque
1036 1382 1123 1436 inter-

110 1461 286 1533 polatoribus
300 1462 413 1528 tribuit3
431 1477 522 1530 neque
537 1461 613 1515 enim
626 1461 696 1518 licet
709 1461 856 1516 Euclidem
874 1465 928 1530 „ab
943 1463 1020 1518 omni
1032 1479 1123 1517 necno

110 1541 288 1608 uindicare“,
312 1543 345 1595 ut
367 1541 461 1596 uerbis
485 1540 650 1612 Hieronymi
670 1540 812 1596 Succherii
833 1541 975 1611 (Euclides
995 1544 1031 1596 ab
1050 1542 1126 1595 omni

111 1637 204 1676 nocuo
219 1620 388 1674 uindicatus.
411 1619 566 1674 Mediolani
581 1624 661 1690 1733)
675 1622 747 1675 utar.
771 1620 851 1675 uelut
864 1639 891 1690 p.
902 1627 955 1676 376
969 1619 1126 1675 rectissime

114 1700 147 1753 in
166 1699 219 1765 VI,
242 1705 276 1752 23
303 1698 449 1766 uituperet
475 1695 558 1768 λόγον
581 1696 632 1754 τὸν
656 1700 841 1767 συγκείμενον
864 1694 896 1752 ἔα
918 1701 974 1754 τῶν
997 1701 1126 1768 πλευρῶν

115 1794 168 1847 pro
183 1792 225 1844 eo,
245 1778 320 1846 quod
336 1777 380 1830 est
394 1773 426 1830 ἐκ
440 1777 506 1830 τῶν
520 1778 575 1830 τῶν
589 1778 718 1843 πλευρῶν
734 1778 782 1844 (sc.
796 1773 908 1845 λόγων),
926 1793 1018 1845 neque
1030 1781 1127 1832 tamen

114 1855 230 1924 dubito,
253 1856 322 1924 quin
344 1856 386 1910 itu
406 1854 552 1925 scripserit
569 1855 701 1910 Euclides
720 1855 779 1923 (cfr.
796 1855 823 1908 II
842 1873 869 1924 p.
890 1860 939 1910 147
959 1859 1035 1926 Βοὴ).
1072 1857 1127 1911 for·

112 1939 191 1992 tasse
210 1936 299 1992 etiem
317 1936 356 1990 ΙΙΙ
373 1955 401 2007 p.
416 1943 460 2005 24,
479 1942 513 1990 26
534 1935 649 1990 defendi
663 1935 762 2004 potest
780 1934 919 2004 scripture
938 1934 1127 1992 codicumPE

112 2019 164 2074 τοῦ
189 2015 222 2072 di
248 2021 275 2071 Γ
297 2015 368 2087 πρὸς
389 2012 441 2072 τὸν
464 2020 490 2070 Δ
518 2013 603 2085 λόγου
633 2031 685 2085 pro
708 2015 761 2069 rori
785 2014 818 2070 di
848 2015 908 2070 τοῦ
926 2018 953 2068 Γ
979 2012 1049 2083 πρὸς
1070 2021 1128 2074 κτλ.

115 2100 147 2153 iu
174 2096 256 2151 libris
284 2096 501 2153 steteometricis
527 2095 650 2151 maxime
678 2111 785 2150 errores
809 2111 861 2149 nec
884 2095 1048 2165 paucissimi
1076 2114 1128 2152 nec

115 2177 257 2233 lenissimi
279 2177 471 2250 adgnoscendi
497 2179 574 2247 sunt,
602 2193 672 2246 quos
698 2192 732 2230 eo
754 2176 847 2230 minus
869 2175 982 2231 Euclidi
1005 2177 1128 2232 tribuere

115 2259 223 2327 dubito,
242 2259 318 2327 quod
331 2260 402 2313 haec
415 2275 482 2328 pars
496 2256 669 2328 geometriae
683 2258 745 2310 tum
759 2257 871 2310 demum
886 2257 1050 2326 diligentius
1064 2274 1128 2328 per-

115 2337 235 2392 tractari
253 2339 355 2407 coeptu
374 2340 436 2393 erat
458 2341 496 2408 (u.
515 2338 567 2405 XI,
592 2344 635 2404 21,
654 2342 698 2403 24,
717 2341 764 2403 26,
788 2338 823 2390 de
847 2352 903 2404 qua
921 2337 969 2392 cfr.
988 2337 1028 2391 IV
1046 2357 1073 2408 p.
1093 2344 1126 2394 81

115 2423 173 2475 not.
192 2426 224 2485 23
244 2420 305 2486 XII,
325 2425 368 2487 17,
388 2419 436 2474 cir.
452 2417 490 2471 IV
510 2435 537 2486 p.
552 2422 603 2471 241
622 2417 701 2486 Βοὴ).
738 2418 860 2470 ceterum
881 2415 1024 2473 Sirnsonus
1043 2435 1128 2487 saepe

116 2500 192 2553 recte
224 2500 361 2567 acuteque
388 2514 487 2552 uerum
513 2497 603 2566 uidit,
636 2500 665 2551 et
698 2495 839 2551 interdum
867 2497 1039 2553 obiectiones
1067 2498 1128 2553 eius

117 2577 287 2632 auctoritate
306 2576 411 2632 codicis
429 2579 451 2631 P
471 2576 650 2631 confirmatae
669 2578 747 2645 sunt,
771 2575 852 2631 uelut
869 2576 899 2631 in
916 2578 955 2632 VI
978 2579 1032 2633 def.
1053 2584 1069 2631 6
1090 2581 1127 2646 (u.

116 2656 145 2709 11
161 2675 189 2726 p.
209 2663 243 2712 re
260 2659 319 2711 not..
339 2663 375 2724 ν).

190 2752 275 2806 supra
294 2755 322 2806 p.
341 2736 428 2790 LXIII
449 2737 519 2805 dixi,
548 2734 733 2806 συμπέρασμα
751 2751 808 2790 ΒοΒ
828 2752 938 2804 semper
956 2735 992 2790 ud
1011 2735 1130 2789 uerbum

122 2831 186 2870 cum
203 2818 309 2885 protasi
326 2816 494 2872 consentire.
531 2816 627 2884 itaque
645 2816 764 2870 fortasse
783 2816 841 2885 lp.
862 2822 905 2884 96,
925 2823 940 2868 2
960 2813 1009 2868 καὶ
1028 2811 1129 2871 introi

119 2892 195 2951 αὐτὰ
218 2895 287 2968 μέρη
318 2914 379 2951 cum
404 2896 482 2950 codd.
502 2894 607 2949 nostris
630 2894 725 2949 omitti
747 2898 878 2965 possunt,
906 2910 1079 2962 quamquam
1101 2897 1131 2952 in

118 2977 226 3046 protasi
243 2997 271 3047 p.
286 2984 329 3045 94,
349 2984 365 3033 8
384 2978 413 3030 in
433 2976 454 3028 P
479 2973 600 3042 aliisque
618 2977 737 3029 exstant.
771 2989 807 3028 ne
825 2974 880 3028 hoc
898 2973 1013 3040 quidem
1031 2978 1130 3045 negari

117 3057 340 3126 persentiretur,
359 3055 506 3111 Euclidem
525 3053 712 3122 συμπέρασμα
730 3054 870 3108 interdum
892 3053 1004 3108 omnino
1021 3055 1130 3111 nullum

118 3136 274 3202 addidisse3
302 3153 368 3190 nam
390 3137 421 3189 in
443 3135 523 3188 libris
542 3133 692 3188 VIlI—IX
715 3133 878 3202 saepissime
902 3134 1052 3204 omittitur,
1081 3139 1129 3196 of.

117 3218 268 3287 praetcrea
285 3215 298 3267 Ι
317 3233 344 3283 p.
365 3220 406 3281 74,
427 3219 615 3281 17;306,17;
640 3214 667 3267 Π
685 3231 712 3282 p.
734 3219 793 3279 140,
814 3218 859 3280 16,
881 3218 996 3278 198,13.
1033 3218 1130 3285 itaque

117 3296 173 3352 hoc
186 3310 298 3365 quoque
308 3293 523 3361 concedendum,
538 3293 683 3348 Euclidem
698 3292 849 3360 aliquando
862 3291 892 3346 in
906 3294 1131 3352 conclusionibus

119 3376 298 3446 longioribus
321 3389 372 3442 pro
393 3373 486 3427 uerbis
509 3370 711 3442 propositionis
733 3371 860 3440 posuisse
882 3372 1006 3428 breuiter
1029 3375 1078 3428 καὶ
1096 3374 1131 3428 rol

121 3451 199 3523 ἕξῆςς
217 3471 282 3508 nam
302 3453 367 3506 inde
386 3467 403 3505 u
420 3451 494 3506 libro
508 3452 534 3504 X
551 3451 606 3506 hoc
624 3453 684 3504 tcm
703 3467 787 3519 saepe
805 3451 835 3506 et
851 3452 938 3507 trunto
949 3452 1034 3506 'inter
1047 3467 1156 3506 omnes
