2362 3796
123 153 187 217 266
262 153 419 206 SOHOLIA
435 155 475 219 IN
492 155 766 208 ELEMENTORUM
784 155 924 207 LIBRUM
936 154 988 210 111.

120 295 332 381 τεμνέτωσαν
368 292 534 381 ἀλλήλους
569 321 651 364 κατα
688 303 827 364 πλείονα
859 310 978 384 σημεῖα
1015 290 1035 382 ἢ
1071 295 1137 365 δύο

121 399 162 468 τὰ
190 410 239 487 Α,
267 408 311 487 Β,
338 405 381 486 Γ,
418 401 474 467 καὶ
507 401 759 492 ἐπεζεύχθωσαν
791 408 829 474 αί
857 411 938 490 ΑΒ,
964 409 1036 474 ΑΓ

123 507 162 576 δὲ
185 511 263 594 δίχα
283 510 396 592 τομῶν
404 508 449 598 (9)
468 507 552 595 πρὸς

123 613 232 702 ὀρθὰς
259 612 323 682 αύτ
340 667 435 684 .....
463 615 551 701 λέγει

86 739 187 806 ὅτις,
211 719 263 790 ὅτι
286 727 368 789 έστω
393 717 480 808 ωςὴ
506 730 551 787 Δ·

122 827 178 894 καὶ
299 823 446 894 αὐτόθεν
470 826 553 894 ἀδύ-

122 957 226 1001 νατον
262 931 323 1020 τὴν
358 936 427 1001 τῶν
468 933 552 1021 πρὸς

123 1035 232 1122 ὀρθας
255 1042 390 1106 πτῶσιν.
428 1041 497 1107 ἐπεὶ
515 1039 552 1106 δὲ

124 1141 205 1212 οὐδὲ
227 1146 396 1232 τριγώνου
414 1148 452 1210 αλ
468 1147 552 1231 πρὸς

72 1274 105 1322 10
124 1263 195 1328 τοῖς
209 1257 252 1335 Δ,
268 1257 300 1316 Ε
315 1255 436 1335 γωνίαι
451 1251 551 1318 δυσὶν

124 1353 244 1443 ὀρθαῖς
255 1364 324 1423 ίοαι
338 1360 437 1424 είσίν·
452 1357 508 1424 καὶ
517 1383 582 1443 γαρ
593 1355 773 1426 ἀδύνατον.
791 1352 854 1442 οὐχ
865 1353 971 1437 οὕτως
981 1354 1048 1444 ἄρα
1056 1355 1140 1441 πρὸς

124 1458 233 1549 ὀρθὰς
246 1460 394 1549 ἥξουσιν.
431 1467 462 1530 εί
479 1463 517 1531 δέ
535 1465 626 1549 λέγοι
644 1491 694 1544 τις
711 1460 769 1543 τὰς
782 1460 867 1549 πρὸς
881 1460 989 1552 ὀρθὰς
1007 1469 1140 1532 πίπτειν

124 1565 168 1648 ὡς
195 1566 442 1656 ὑπογέγραπται
472 1574 528 1639 δια
601 1595 662 1656 μεν
690 1569 797 1649 οὕτως
823 1569 886 1656 τὴν
912 1574 1041 1639 πτῶσιν
1070 1574 1140 1639 τῶν

124 1673 280 1745 εύθειῶν.
325 1676 395 1744 ἐπεί
418 1673 482 1765 γὰρ
505 1680 551 1767 τῷ
576 1672 629 1762 ἐφ’
653 1675 791 1763 ἑκάτερα
813 1674 923 1769 κύκλῳ
948 1673 1068 1745 εύθεῑοί
1090 1703 1141 1758 τις

73 1802 104 1851 15
124 1778 145 1868 ἡ
169 1789 241 1850 ΖΗ
258 1787 321 1870 τὴν
343 1793 415 1851 ΑΔ
438 1787 515 1870 δίχα
536 1783 593 1851 καὶ
615 1785 699 1869 πρὸς
722 1779 831 1871 ὀρθὰς
852 1784 979 1871 τέμνει,
1005 1784 1060 1853 ἐπὶ
1081 1788 1141 1871 τῆς

125 1895 196 1955 ΖΗ
227 1892 265 1958 τὸ
303 1890 443 1976 κέντρον
479 1889 544 1976 ἄρα
576 1890 667 1958 ἐστὶν
699 1890 866 1978 ἑκατέρων
898 1894 967 1958 των
995 1892 1140 1959 κύκλων.

124 1990 247 2080 ὁμοίως
273 1996 329 2063 καί
358 1997 410 2064 ἐπὶ
437 2001 496 2082 τῆς
522 2002 591 2064 ΗΘ
617 1993 823 2086 τὸκένιρον
851 1995 942 2065 ἐστὶν
973 1996 1141 2084 ἑκατέρων

123 2105 192 2169 των
210 2102 355 2170 κύκλων·
380 2100 460 2189 ὅπερ
480 2103 571 2171 ἐστὶν
586 2099 767 2171 ἀδύνατον.
800 2100 864 2170 ούκ
877 2089 949 2191 ύίριτΙ
956 2107 1141 2172 πεσοῦνται

124 2207 207 2292 πρὸς
230 2205 346 2294 ὀρθάς.

71 2349 105 2398 20
488 2335 544 2400 Ad
567 2358 671 2420 prop.
694 2335 783 2401 XIII.

192 2458 244 2522 22.
277 2459 425 2522 Πλείονα
449 2469 568 2543 σημεῖα
591 2483 621 2545 p.
639 2461 782 2543 198,18]
809 2456 864 2525 διὰ
888 2458 950 2544 μὲν
972 2461 1040 2527 τῶν
1058 2482 1143 2547 προ-

124 2559 299 2646 λαβόντων
334 2560 396 2630 θύο
428 2563 658 2650 θεωρημάτων
687 2560 732 2642 ὡς
760 2561 1031 2652 ὁμολογούμενον
1061 2572 1143 2652 λαμ-

125 2665 241 2754 βάνων
265 2665 283 2738 ὁ
309 2667 518 2757 στοιχειωτὴς
540 2695 578 2737 το
601 2667 681 2737 καθ’
708 2673 745 2738 ἓν
769 2683 907 2757 σημεῖον
931 2669 1141 2757 ἐφάπτεσθαι

124 2773 204 2855 τοὺς
225 2777 369 2856 κύκλους
391 2776 546 2863 ἀλλήλων
570 2776 627 2843 διὰ
650 2775 711 2862 μὲν
734 2779 771 2844 τὸ
796 2775 858 2844 έοὶν
881 2775 985 2863 έντός,
1009 2781 1080 2868 ίὸίρι
1100 2778 1139 2847 δέ

71 2897 106 2947 25
125 2906 162 2949 το
196 2880 255 2950 ἐὰν
289 2883 394 2967 ἐκτός,
420 2871 510 2951 Ιίίλλο
534 2907 565 2948 τι
591 2880 723 2962 τούτοις
752 2880 960 2969 έφεπόμενον
984 2883 1141 2972 ἐθεώρει·

124 2991 190 3055 νύν
219 2988 256 3057 δὲ
283 2987 366 3057 κατὰ
396 2985 500 3056 ταύτὰ
528 2989 623 3074 μίξας
650 2984 718 3073 ἅμα
743 2990 914 3064 δείκνυσιν
938 2986 989 3056 ἑνὶ
1012 2989 1068 3057 καὶ
1092 2995 1139 3084 τῷ

125 3091 214 3186 αὐτῷ
238 3093 454 3182 προβλήματι.

196 3314 238 3363 22.
258 3327 285 3378 p.

189 3507 231 3556 17.
253 3498 322 3575 έπί]
339 3497 408 3560 ίπεί
423 3503 453 3561 Β.
