2362 3796
130 140 196 203 642
272 142 428 193 SGHOLIA
445 142 485 193 m
503 104 778 194 Ειπιιοαοοουυ
795 143 944 195 Lunum
958 144 1027 201 xn.

132 289 202 349 ΕΣ
222 285 424 367 κυλίνδρους
446 281 603 360 καὶτοὺς
628 287 693 348 ΕΟ
718 281 774 348 καὶ
801 288 871 348 ΕΣ
896 284 960 351 καὶ
991 280 1103 372 μέσον
1121 287 1154 355 τὸ

129 394 212 453 ΜΝ
231 388 287 455 καὶ
310 394 388 455 ΠΝ
407 386 507 471 ὕψος,
529 388 585 455 καὶ
604 387 841 472 συλλογιστέον
866 390 904 456 ἐν
929 389 1066 484 προέτφ
1090 394 1157 482 σχές

129 519 208 578 ματι
232 491 349 572 ούτοος·
388 490 433 572 ὦς
458 489 476 560 5
500 495 568 567 ΑΞ
593 491 771 579 κύλινδρος
798 493 884 578 πρὸς
910 493 981 563 τὸν
1009 505 1088 566 ΕΣ
1110 500 1157 568 κύ

129 602 285 683 λινδρον,
314 596 419 678 ούτως
441 597 480 666 τὸ
500 605 583 665 ΜΝ
600 598 686 678 ύψος
708 596 792 683 πρὸς
812 596 850 665 τὸ
874 605 963 667 ΠΝ
981 603 1095 691 ὕψος,
1119 606 1160 685 ὡς

93 704 168 776 555
195 702 233 771 τὸ
261 710 339 770 ΜΝ
367 701 453 783 ύψος
484 702 576 792 πρὸςΙ
595 701 633 772 τὸ
661 711 739 771 ΠΝ
767 700 868 789 ύψος,
903 703 1022 790 οὕτως
1054 709 1074 780 5
1101 719 1158 780 ΕΟ

127 810 308 894 κύλινδρος
334 808 418 894 πρὸς
444 809 505 878 τὸν
534 817 603 876 ΕΣ
631 809 823 898 κύλινδρον.
872 811 931 879 καὶ
966 811 1017 896 ὥς
1048 815 1157 905 ἄραδ

127 920 195 991 ΑΞ
215 915 394 1000 κύλινδρος
416 914 500 999 πρὸς
523 915 583 983 τὸν
602 922 671 983 ΕΣ
695 914 895 1001 κύλινδρον,
921 915 1044 1002 οὕτως
1064 920 1157 991 ὁΕΟ

127 1022 308 1108 κύλινδρος
326 1019 409 1107 πρὸς
428 1019 532 1088 αὐτὸν
550 1019 610 1089 τὸν
626 1027 696 1088 ΕΣ
714 1020 906 1106 κύλινδρον.
948 1028 996 1093 τδι
1018 1028 1063 1096 δὲ
1081 1028 1156 1117 πρὸς

128 1130 166 1195 τὸ
196 1127 278 1195 αύτὸ
307 1129 369 1195 τὸν
398 1125 502 1194 αὐτὸν
530 1126 635 1213 λόγον
664 1132 781 1214 ἔχοντα
804 1135 860 1195 ίσα
884 1125 1062 1218 ἀλλήλοις
1086 1137 1155 1203 ἐστί.

75 1256 109 1304 ιο
130 1240 201 1312 ίσος
229 1231 295 1317 ἄρα
323 1231 342 1302 5
370 1236 438 1309 ΑΞ
461 1235 506 1323 τῷ
534 1239 612 1300 ΕΟ·
648 1229 689 1301 ὃν
716 1232 781 1319 γὰρ
810 1233 915 1317 λόγον
946 1240 1022 1324 ἔχει
1054 1238 1075 1309 5
1100 1242 1158 1317 ΑΞ

127 1339 211 1422 πρὸς
232 1339 293 1407 τὸν
317 1346 394 1424 ΕΣ,
417 1337 477 1406 τὸν
501 1336 607 1406 αύτδν
630 1343 696 1425 ἔχει
719 1339 775 1406 καὶ
798 1335 816 1405 5
841 1345 908 1406 EO
932 1342 1030 1431 πρὸς
1055 1345 1155 1415 αύτδν

126 1443 187 1512 τὸν
210 1453 285 1513 ΕΣ.

477 1607 535 1670 Ad
558 1629 662 1691 prop.
684 1604 791 1670 XVII.

195 1732 247 1795 68.
287 1724 334 1793 Τδι
359 1727 596 1813 λαμβανόμενα
619 1731 666 1805 είς
688 1728 726 1794 τὸ
749 1723 911 1812 θεώρημα
931 1727 1004 1797 σύν
1024 1745 1102 1813 τοϊς
1117 1735 1151 1801 ἐν

74 1854 108 1903 15
128 1831 217 1923 αὐτῷ
242 1835 455 1919 ζητουμένοις
477 1832 647 1920 λήμμασίν
671 1834 739 1900 ἐστι
761 1834 802 1898 τὰ
824 1828 1099 1921 ὑποτεταγμένα.

190 1937 270 2006 Ἐὰν
295 1952 422 2026 σφαῖρα
446 1941 588 2029 ἐπιπέδῳ
612 1938 680 2005 τινὶ
702 1946 815 2025 τμηθῇ
834 1935 890 2004 διδι
907 1943 973 2006 τοῦ
990 1944 1149 2031 κέντρον,

126 2042 147 2130 5
170 2043 255 2130 τομὴ
279 2045 400 2125 κύκλος
424 2045 493 2112 ἐστὶ
515 2045 553 2112 τδ
579 2041 661 2112 αύτὸ
679 2045 820 2128 κέντρον
839 2048 925 2129 ἔχων
944 2049 987 2132 τῇ
1009 2057 1147 2139 σφαίρᾳ

126 2164 254 2237 σφαῖρα
281 2151 346 2236 γὰρ
376 2152 518 2241 ἐπιπέδῳ
541 2150 611 2218 τινὶ
633 2148 809 2237 τετμήσθω
833 2149 890 2216 διὰ
912 2155 978 2218 τοῦ
1001 2156 1149 2244 κέντρου

125 2255 243 2341 αὐτῆς,
272 2256 328 2323 καὶ
355 2264 489 2324 ποιείτω
517 2255 674 2342 γραμμὴν
702 2258 740 2324 ἐν
761 2259 801 2344 τῇ
826 2257 1009 2347 ἐπιφανείᾳ
1035 2260 1149 2349 αὐτῆς.

70 2384 106 2432 κο
126 2365 164 2427 αί
183 2360 249 2444 ἄρα
273 2358 338 2427 οίπδ
362 2365 423 2427 τού
442 2363 582 2446 κέντρου
601 2362 704 2446 αύτῆς
721 2366 991 2446 προσπίπτουσαι
1011 2366 1149 2436 εύθείαι

125 2475 195 2533 ίσαι
218 2463 377 2551 ἀλλήλαις
401 2470 495 2535 είσίν.
537 2469 573 2533 ἐν
597 2466 635 2533 δὲ
657 2471 698 2552 τῇ
723 2469 900 2557 ἐπιφανείᾳ
923 2466 1037 2556 αὐτῆς
1057 2476 1149 2542 έστιν

124 2569 145 2656 5
172 2572 329 2659 εἰρημένη
357 2571 505 2659 γραμμή·
542 2575 646 2638 πᾶσαι
674 2571 741 2659 ύρα
764 2576 803 2641 αί
822 2570 887 2641 ἀπὸ
911 2578 975 2641 τοῦ
997 2579 1152 2664 κέντρου

122 2681 182 2762 τῆς
201 2684 345 2764 σφαίρας
364 2679 447 2764 πρὸς
465 2677 527 2764 τὴν
545 2676 703 2765 γραμμὴν
716 2683 985 2764 προσπίπτουσαι
1005 2681 1148 2754 εύθεῑαι

125 2791 194 2851 ίσαι
217 2782 377 2870 ἀλλήλαις
401 2789 498 2852 είσίν·
528 2781 612 2851 ὥστε
635 2784 762 2853 κύκλου
784 2784 981 2873 περιφέρειύ
1004 2790 1105 2860 έστιν
1127 2790 1151 2879 5

69 2912 105 2961 ατ
123 2892 257 2978 γραμμὴ
289 2888 326 2959 τδ
355 2892 495 2979 κέντρον
519 2894 640 2978 ἔχουσα
662 2893 699 2959 τὸ
726 2889 807 2958 αὐτὸ
829 2895 869 2979 τῇ
894 2898 1037 2983 σφαίρᾳ.
1088 2897 1151 2967 έδιν

124 2994 190 3082 ἄρα
215 3010 341 3083 σφαῖρα
365 2998 508 3085 έπιπέδφ
531 2999 643 3084 τμηθῇ
668 2995 724 3063 διὰ
747 3007 808 3063 τοῦ
830 2997 985 3085 κέντρου,
1008 2997 1034 3087 5
1059 3002 1148 3091 τομὴ

121 3101 243 3180 κύκλος
267 3103 335 3168 ἐστὶ
358 3104 499 3190 κέντρον
523 3106 608 3188 ἔχων
630 3099 668 3169 τὸ
693 3099 775 3170 αύτδ
798 3104 838 3189 τῇ
862 3107 1000 3193 σφαίρᾳ.
1041 3115 1148 3179 τοῦτο

194 3267 237 3316 οε.
256 3264 304 3330 Pp
323 3261 369 3329 (ad
387 3280 415 3330 p.
431 3267 491 3331 κιο,
512 3264 564 3332 ιι).

153 3477 165 3490 .
193 3404 312 3554 55'EZ]
333 3405 390 3460 ΟΣ
407 3421 433 3473 q.
508 3409 548 3460 14.
568 3400 603 3457 τοί
623 3433 657 3444 -
678 3411 719 3458 15.
740 3399 969 3477 ὑποτεταγμένα]
990 3406 1032 3471 είς
1053 3409 1088 3467 τὸ
1108 3413 1147 3480 ιζ’

110 3497 197 3535 τονι
250 3498 280 3552 p.
