2362 3796
269 122 428 175 SGHOLIA
445 123 485 175 IN
502 124 777 176 ELEMENTORUM
795 125 934 177 LIBRUM
947 125 969 177 Ι.
1080 122 1121 188 81

106 263 309 350 κινουμένης
330 263 407 351 περὶ
429 261 490 331 τὸν
514 261 634 349 ἀξονα,
667 275 728 331 τοῦ
757 264 794 332 δὲ
821 270 962 352 σημείου
985 265 1038 333 έπὶ
1064 269 1124 351 της

109 368 252 448 εὐθείας.
271 422 275 431 .
294 369 358 436 δύο
381 375 504 437 τοίνυν
527 373 565 436 αί
584 368 732 456 κινήσεις
755 375 793 438 αί
813 369 1044 457 ἀπογενυῶσαι
1067 371 1123 440 καὶ

109 473 173 560 τὴν
194 474 354 562 τοιαύτην
377 477 483 544 ἕλικα·
511 471 573 544 οὐκ
596 473 662 564 ἀρα
684 478 723 543 τὸ
747 473 879 544 ἀπλούν
902 475 1123 565 ἀποδώσομεν

53 581 54 584 ’
111 578 205 668 αὐτῇ,
228 580 284 648 καὶ
307 577 419 667 ὀρθῶς
437 578 457 649 ὑ
477 586 619 668 Γεμῖνος
638 584 674 650 έκ
692 582 860 651 πλειόνων
877 582 939 670 μὲν
957 583 1123 670 κινήσεων

111 683 321 771 ὑφίστασθαι
341 692 401 754 καί
416 713 491 754 τινα
514 691 583 756 τῶν
606 686 723 756 ἁπλῶν
742 692 919 776 γραμμῶν·
952 687 994 756 οὐ
1011 691 1125 775 μέντοι
1160 713 1179 762 ο

113 794 226 860 πᾶσαν
250 789 339 859 εἶναι
360 790 422 878 τὴν
443 792 605 878 τοιαύτην
631 793 768 881 μικτήν,
796 791 880 862 ἀλλὰ
904 793 968 880 τὴν
992 796 1025 876 ἐξ
1049 793 1126 863 ἀνο·

112 903 228 985 μοίων.
272 897 329 964 καί
350 897 415 984 γὰρ
436 901 468 966 εί
488 897 699 986 τετράγωνον
721 899 879 986 νοησειας
901 899 957 967 καὶ
986 899 1050 968 δύο
1078 925 1126 967 κι-

110 1002 225 1090 νήσεις
247 1008 409 1091 ἰσοταχεῖς
430 1002 493 1089 τὴν
516 1005 578 1091 μέν
600 1004 683 1074 κατὰ
704 1004 743 1074 τὸ
762 1010 877 1094 μῆκος,
899 1004 964 1093 τὴν
987 1005 1024 1074 δὲ
1042 1003 1126 1074 κατὰ

109 1108 148 1178 τὸ
170 1108 303 1195 πλάτος,
326 1104 549 1197 ὑποστήσεται
572 1108 593 1198 ἡ
618 1111 799 1198 διαγώνιος
822 1110 941 1181 εὐθεῖα
964 1105 1051 1181 οὐσα
1068 1111 1124 1180 καί

107 1215 150 1286 οὐ
173 1216 229 1285 διὰ
253 1221 353 1287 τούτο
377 1215 484 1304 μικτή.
527 1217 634 1299 δόξειε
662 1215 693 1285 δ’
719 1214 763 1288 ἀν
786 1215 987 1306 ἀμφοτέρων
1010 1217 1123 1288 οὐσῶν
1143 1241 1179 1291 10

106 1323 224 1391 ἁπλῶν
243 1332 468 1412 προηγεῖσθαι
486 1327 544 1410 τῆς
561 1329 764 1413 περιφεροῦς
781 1330 934 1412 γραμμῆς
951 1323 972 1411 ἡ
992 1324 1125 1394 εὐθεῖα·

107 1431 161 1498 ἐπὶ
175 1428 297 1516 ταύτης
311 1429 372 1515 μέν
386 1427 452 1516 γὰρ
468 1427 548 1497 οὐδὲ
561 1426 633 1497 κατ’
647 1431 797 1499 ἐπίνοιάν
808 1433 899 1501 ἐστιν
911 1429 1125 1519 ἀνομοιότης,

109 1536 162 1604 έπὶ
192 1535 229 1602 δὲ
256 1540 318 1603 τοῦ
344 1540 548 1622 περιφεροῦς
575 1535 612 1603 τὸ
641 1544 757 1604 κοῖλον
782 1534 899 1623 ὁρᾶται
921 1538 977 1604 καὶ
1000 1533 1125 1621 κυρτὸν

110 1641 332 1724 διαφέροντα,
368 1637 425 1704 καὶ
456 1636 477 1720 ἡ
511 1635 628 1706 εὐθεῖα
655 1636 697 1706 οὐ
725 1639 916 1724 συνεισάγει
942 1641 1005 1727 τὴν
1037 1665 1125 1727 περι-

112 1744 262 1831 φέρειαν,
286 1739 519 1824 συνεισάγεται
538 1743 587 1809 δέ·
610 1742 665 1809 καὶ
684 1742 748 1830 γὰρ
768 1748 799 1810 εί
816 1742 860 1830 μὴ
879 1744 961 1812 κατὰ
980 1745 1124 1830 γένεσιν,
1143 1770 1176 1820 ιο

112 1847 196 1917 κατά
218 1875 256 1936 γε
279 1845 341 1934 τὴν
364 1845 448 1932 πρὸς
469 1846 507 1916 τὸ
526 1849 668 1936 κε’ντρον
688 1849 810 1935 σχέσιν.
838 1855 874 1916 τί
891 1842 964 1934 οὐν,
988 1855 1019 1916 εί
1035 1853 1127 1935 λέγοι

109 1982 171 2041 τις,
193 1956 250 2022 καὶ
268 1952 331 2040 τὴν
348 1955 563 2043 περιφέρειαν
582 1959 718 2022 δεῖσθαι
734 1957 794 2041 της
812 1950 947 2034 εὐθείας
964 1952 1048 2022 κατὰ
1065 1953 1127 2041 την

110 2064 260 2150 γένεσιν;
284 2057 302 2128 ὁ
326 2059 391 2148 γὰρ
414 2063 534 2141 κύκλος
557 2061 725 2148 μενούσης
746 2064 805 2147 τῆς
827 2059 965 2141 εὐθείας
987 2057 1070 2127 κατὰ
1087 2059 1125 2129 τὸ

112 2172 149 2236 ἓν
168 2168 280 2256 πέρας,
302 2165 387 2234 κατὰ
406 2166 443 2234 δὲ
459 2165 498 2235 τὸ
518 2168 634 2255 ἕτερον
652 2168 852 2254 κινουμένης
873 2171 1009 2252 γίνεται.
1046 2160 1067 2254 ἢ
1086 2166 1123 2237 τὸ

111 2273 245 2362 γράφον
268 2272 328 2342 τὸν
350 2274 475 2344 κύκλου
498 2272 536 2342 τὸ
559 2273 699 2361 σημεῖόν
717 2275 808 2343 έστιν
826 2275 901 2363 περὶ
921 2274 979 2343 τὸν
997 2275 1122 2344 κύκλον
1141 2303 1177 2352 20

112 2382 312 2469 φερόμενον;
340 2378 402 2467 τὴν
425 2379 490 2469 γὰρ
514 2379 697 2449 ἀπόστασιν
721 2383 827 2467 μόνον
851 2379 936 2468 αὐτη
963 2380 1122 2470 ἀφορίζει.

111 2485 196 2555 ἀλλὰ
216 2491 323 2556 ταῦτα
347 2486 408 2573 μὲν
432 2484 549 2572 οὕτως,
572 2488 628 2554 καὶ
651 2484 756 2554 ἁπλαῖ
776 2486 883 2574 μόνον
907 2491 945 2554 αί
965 2488 1045 2575 δύο,
1068 2489 1123 2556 καὶ

110 2592 167 2661 διὰ
190 2592 317 2679 ταύτην
340 2589 402 2678 τὴν
425 2595 536 2660 αίτίαν
558 2591 614 2659 καὶ
637 2589 658 2678 ἡ
683 2591 771 2680 ψυχὴ
795 2595 917 2662 ἐκτῶν
937 2594 1012 2680 δύο,
1035 2617 1124 2680 περι-

112 2703 238 2784 φεροῦς
260 2700 315 2766 καὶ
338 2695 489 2784 εὐθείας,
520 2695 645 2785 ὑπέστη
673 2701 708 2767 ἐκ
730 2701 871 2788 πέρατος
892 2698 949 2766 καὶ
972 2697 1123 2783 ἀπείρου,

112 2806 172 2869 ἴνα
193 2802 234 2870 τὰ
256 2802 342 2871 ἀλλα
362 2803 471 2873 πάντα
493 2803 702 2893 κατευθύυη,
731 2804 787 2873 διὰ
816 2805 877 2893 μὲν
900 2808 962 2873 τού
983 2804 1124 2891 πέρατος
1142 2829 1178 2878 25

113 2906 175 2993 τὴν
197 2913 258 2977 τού
277 2911 417 2998 πέρατος
439 2916 650 2997 συστοιχίαν,
675 2910 730 2978 διὰ
755 2910 792 2978 δέ
814 2915 876 2979 τού
899 2907 1041 2996 ἀπείρου
1062 2907 1125 2995 τὴν

114 3014 243 3102 ἑτέραν·
275 3019 321 3108 τῷ
344 3016 406 3103 μὲν
429 3015 527 3085 εὐθεῖ
547 3015 609 3103 τὴν
632 3018 780 3105 πρόοδον
804 3013 994 3102 ὑφίσταται,
1018 3018 1062 3106 τῷ
1087 3015 1124 3084 δέ

111 3135 286 3209 περιφερεῖ
309 3119 372 3208 τὴν
405 3122 619 3210 ἐπιστροφήν.
664 3121 720 3188 καὶ
747 3121 814 3207 μὴν
842 3120 898 3187 καὶ
927 3116 945 3185 ὑ
970 3123 1010 3208 τῇ
1034 3127 1123 3211 ψυχῇ

110 3225 234 3306 ταύτας
266 3230 325 3306 τὰς
358 3226 517 3313 θυνάμεις
542 3228 716 3313 παραδοὺς
742 3224 943 3313 ἀμφοτέρων
971 3231 1037 3314 ἔχει
1066 3228 1125 3309 τάς

187 3390 227 3441 10.
253 3386 373 3450 δόξειας.
468 3393 508 3440 17.
533 3386 599 3456 καί]
618 3379 662 3440 ὅτι
681 3385 743 3451 καίς
762 3381 811 3437 cfr.
829 3384 943 3438 Proolus
960 3402 989 3454 p.
1010 3393 1075 3454 107,
1098 3391 1125 3439 2.

150 3461 194 3510 27.
213 3453 352 3523 πρόωὸον.
1119 3488 1126 3497 -

165 3554 314 3604 mendas,
330 3553 380 3594 εοο.
394 3553 497 3601 naburg
510 3556 533 3592 ει
546 3554 635 3602 Moneo.
658 3553 687 3594 v.
957 3549 979 3596 υ
1083 3566 1087 3571 ·
1112 3540 1132 3571 ³¹
