2362 3796
89 184 154 249 312
247 185 403 239 scnom
420 187 460 239 m
477 186 752 241 ELEMENTORUM
769 186 908 239 mm
922 186 955 238 v.

88 327 144 394 καὶ
162 352 200 394 το
216 333 294 412 ΔΕ,
317 329 399 417 μέρη
419 328 458 396 δὲ
476 328 634 415 ἑκατέρου
657 323 769 396 αὐτῶν
788 331 832 414 μὴ
853 329 960 413 μόνον
984 328 1110 416 ἐκεῖνα,

89 438 136 513 εἰς
158 428 179 500 ἃ
205 430 360 522 ἑκάτερον
382 436 546 521 τέμνεται,
569 431 654 501 ἄλλα
678 434 733 501 καί
756 438 817 502 τοῦ
835 433 897 520 μὲν
914 441 982 502 ΑΒ
1006 434 1045 503 τὸ
1067 441 1108 521 Γ,

88 542 149 606 τοῦ
169 538 206 606 δὲ
223 546 294 606 ΛΕ
313 540 351 608 τὸ
371 548 409 627 Ζ,
432 539 516 630 πρὸς
539 536 560 608 ά
583 538 625 627 δὴ
650 539 807 629 ἑκάτερον
829 537 965 608 καὶτὸν
983 547 1109 608 πολλα-

89 650 302 732 πλασιασμον
328 643 412 735 πρὸς
434 645 591 735 ἑκάτερον
614 651 696 734 ἔχει,
723 643 744 733 ἡ
769 645 807 715 δὲ
829 650 962 725 έκθεσίς
984 665 1108 734 φησιν,

56 749 136 831 οὼς
159 756 225 839 ἔχει
247 751 285 820 τὸ
309 757 341 819 Γ
358 753 441 838 πρὸς
462 750 501 822 τὸ
524 759 561 821 Ζ.

159 860 210 924 76.
243 855 423 926 Ἐντεῦθεν
450 857 584 947 ἄρχεται
615 855 654 925 τὰ
683 855 829 926 διελόντι
859 856 916 925 καί
941 859 1110 926 συνθέντι

90 964 146 1030 καὶ
178 960 423 1045 ἀναστρέψαντι
453 965 509 1031 καὶ
537 960 704 1031 ἀνάπαλιν
735 963 791 1031 καί
819 958 865 1031 δι’
891 970 969 1030 ἰσου
997 964 1036 1030 έν
1049 989 1109 1031 τε·

90 1069 235 1156 ταγμένῃ
268 1070 324 1136 καὶ
354 1070 579 1158 τεταραγμένῃ
612 1066 784 1160 ἀναλογίᾳ.
833 1073 915 1137 ἔστι
934 1067 972 1136 δὲ
1003 1071 1110 1137 τοῦτο

91 1178 204 1261 λῆμμα
230 1178 291 1242 τοῦ
319 1174 551 1262 ἐναλλάξαντι,
585 1173 630 1256 ὡς
656 1203 693 1245 το
722 1175 754 1243 κ’
780 1179 841 1244 τοῦ
869 1171 915 1243 δι’
942 1182 1019 1242 ἰσου
1050 1175 1109 1242 ἐπὶ

41 1307 73 1356 10
91 1283 272 1367 τεταγμένῃ
291 1278 455 1372 ἀναλογίᾳ
468 1282 524 1349 καὶ
537 1281 575 1350 τὸ
590 1284 645 1368 νβ’
659 1286 721 1351 τοῦ
735 1280 790 1368 κγ’
805 1282 858 1350 ἰπὶ
871 1273 1106 1368 τεταραγμένῃ.

161 1389 211 1453 77.
236 1381 327 1471 Ἐάν,
346 1391 439 1473 φῃσί,
457 1397 590 1475 πρῶτον
604 1387 765 1475 δευτέρου
779 1384 887 1467 ἰσάκις
901 1384 968 1455 ἐστὶ
979 1389 1108 1452 πολλα-

75 1489 236 1559 πλάσιον
259 1491 314 1558 καί
336 1498 451 1579 τρίτον
473 1492 642 1581 τετάρτου,
667 1498 758 1562 ἔσται
776 1493 832 1561 καί
851 1489 897 1572 ὡς
913 1518 951 1561 το
970 1493 1109 1581 πρῶτον

93 1599 176 1685 πρὸς
199 1622 236 1666 το
262 1598 430 1686 δεύτερον,
455 1598 562 1680 οὕτως
582 1625 619 1667 το
638 1603 753 1686 τρίτον
776 1623 860 1686 προς
877 1601 915 1667 τὸ
935 1599 1111 1685 τέταρτον·

94 1703 136 1770 οὐ
159 1730 226 1791 μην
249 1701 309 1772 ἐὰν
337 1703 381 1786 ὡς
403 1732 441 1775 το
465 1715 599 1795 πρῶτον
625 1729 709 1792 προς
736 1730 773 1774 το
803 1703 962 1791 δεύτερον
988 1703 1045 1771 καὶ
1071 1728 1110 1772 το

43 1835 74 1884 15
92 1814 208 1894 τρίτον
239 1808 323 1897 πρὸς
353 1810 391 1880 τὸ
423 1813 596 1899 τέταρτον,
629 1808 757 1899 ἀνάγκη
790 1811 845 1878 καὶ
878 1809 987 1889 ἰσάκις
1019 1805 1113 1878 εἰναι

93 1916 343 1984 πολλαπλάσιον
365 1916 404 1985 τὸ
428 1921 561 2006 πρῶτον
587 1921 649 1985 τοῦ
673 1918 832 2004 δευτέρου
853 1917 910 1985 καὶ
932 1913 970 1984 τὸ
994 1920 1113 2000 τρίτου

94 2023 154 2088 τοῦ
174 2019 219 2104 δ’,
242 2020 316 2088 ἀλλ’
334 2026 365 2089 εἰ
382 2023 443 2109 μὲν
464 2022 571 2102 ἰσάκις
590 2022 654 2090 εἰσὶ
677 2020 919 2108 πολλαπλάσια,
942 2024 1035 2089 ἔσται
1054 2020 1113 2090 καὶ

96 2123 141 2204 ὡς
163 2124 201 2194 τὸ
225 2131 358 2213 πρῶτον
382 2125 466 2215 πρὸς
483 2127 521 2195 τὸ
541 2128 710 2216 δεύτερον,
734 2127 840 2208 οὕτως
858 2124 969 2195 καὶτὸ
987 2124 1114 2195 λοιπὸν

94 2229 178 2319 πρὸς
204 2229 241 2298 τὸ
269 2233 404 2318 λοιπόν,
436 2230 478 2300 οὐ
505 2233 573 2320 μὴν
596 2237 627 2301 εἰ
647 2232 685 2301 τὸ
707 2237 842 2321 πρῶτον
865 2235 925 2301 τοῦ
949 2234 1115 2320 δευτέρου

43 2364 77 2413 20
96 2333 253 2422 ἡμιόλιόν
277 2341 376 2422 ἐστιν,
400 2341 431 2405 εἰ
451 2337 558 2425 τύχοι,
581 2339 637 2406 καί
659 2336 697 2407 τὸ
717 2338 750 2425 γ’
769 2341 830 2406 τοῦ
849 2337 883 2407 δ’
903 2337 1033 2424 ἀνάγκη
1056 2337 1115 2406 καί

98 2441 206 2521 ἰσάκις
229 2438 315 2508 εἰναι
337 2441 596 2512 πολλαπλάσιον.

461 2604 517 2669 Ad
539 2626 643 2689 prop.
664 2603 753 2671 XVI.

166 2728 215 2793 78.
253 2720 439 2812 Ἐναλλαγή
468 2726 536 2793 ἐστι
563 2724 668 2811 λόγου
697 2729 797 2810 λῆψις
825 2728 887 2792 τοῦ
918 2721 1116 2813 ἡγουμένου

97 2830 180 2918 πρὸς
197 2830 235 2900 τὸ
255 2827 445 2917 ἡγούμενον
459 2833 515 2899 καὶ
529 2841 590 2899 τοῦ
604 2831 770 2917 ἑπομένου
782 2829 867 2919 πρὸς
880 2830 919 2898 τὸ
934 2828 1116 2917 ἑπόμενον.

45 2965 79 3015 25
98 2939 153 3006 καὶ
177 2937 303 3007 ἐνθάδε
327 2936 432 3017 οὕτως
455 2935 710 3006 έναλλάττονται
737 2935 777 3004 τὰ
800 2937 943 3024 μεγέθη,
971 2936 1042 3004 ἐπεὶ
1072 2935 1115 3006 τά

98 3049 180 3130 μέρη
195 3058 266 3123 τοῖς
280 3042 439 3124 ὡσαύτως
451 3048 710 3123 πολλαπλασίοις
723 3040 784 3110 τὸν
799 3041 905 3110 αὐτὸν
918 3046 985 3129 ἔχει
998 3042 1118 3130 λόγου.

171 3195 211 3243 76.
233 3184 455 3254 PBFVat.V⁸q.
530 3190 572 3239 77.
592 3182 688 3253 qOE').
762 3186 856 3240 78.A.

98 3281 311 3292 ...η-..-

171 3318 195 3369 6
216 3307 298 3372 εἰς
270 3329 302 3365 το
317 3325 345 3368 ις
350 3307 468 3363 ‘Nau
542 3304 723 3362 ένταῦθα7.
796 3305 843 3435 τά)
864 3307 948 3377 τοῖα.
1019 3311 1044 3361 8.
1067 3309 1121 3364 καλ

99 3380 341 3451 τεταραγμένῃ]ο
324 3397 379 3436 0.m
398 3377 484 3447 BVq
562 3375 702 3432 wv'wP.
781 3385 797 3434 9
841 3361 1033 3443 ναλλάξαντος
1051 3377 1121 3450 Vq.

131 3458 174 3506 10.
183 3450 366 3538 τεταγμένῃ]
353 3447 574 3524 ]τεταραγμε’νῃ
588 3447 702 3504 BFVat
689 3448 773 3519 t..vq
827 3450 904 3504 Post.
883 3448 1122 3524 λτεταραγμένῃ

55 3488 174 3586 'dd'
167 3517 324 3602 α’ναλογίῃι,
345 3522 399 3581 sed
418 3521 485 3597 del„
503 3540 532 3594 q.
