2362 3796
95 145 159 211 184
247 145 403 198 SOHOLIA
420 146 459 196 τα
477 143 752 196 mmmmm
770 142 909 194 mmm
922 142 945 193 1.

88 286 236 354 Πλάτων
273 291 337 373 ἔφη
375 285 560 368 διδάσκων,
597 280 648 351 ὅτι
677 281 698 369 ή
731 280 820 370 ὀρθή
852 291 912 369 τῆς
945 282 1117 350 ἐπιπέδου

89 391 219 478 βάσεως
238 393 272 459 έκ
287 389 462 477 τριγώνων
477 390 689 475 συνέστηκεν.
721 389 861 457 ἕκαστον
876 387 914 455 δὲ
926 385 1115 457 ἀναλύεται

90 502 137 577 είς
161 496 263 565 δυάδι
287 497 454 564 ἐλάσσονα
476 500 624 583 τρίγωνα
646 498 715 563 τών
734 499 869 563 οἰκείων
886 498 1060 581 πλευράν,
1083 498 1114 562 εί

89 602 335 692 τετράπλευρόν
355 606 457 688 ἐστιν,
476 605 523 680 είς
538 600 613 687 δύο,
633 606 664 669 εί
680 600 942 687 πεντάπλευρον,
961 603 1011 681 είς
1025 606 1114 686 τρία,

55 714 124 778 οεί
146 709 366 795 ἑξάπλευρον,
400 713 447 788 είς
474 709 627 796 τέσσαρα.
673 705 736 775 δύο
764 704 829 792 γάρ
856 712 1008 793 τρίγωνα
1032 725 1113 774 συν-

90 818 232 884 τεθέντα
255 814 502 901 τετράπλευρον
526 815 661 899 ἐποίησε
686 811 802 897 εὐθύς,
826 838 853 903 γε
878 810 916 879 δὲ
937 815 1008 880 τών
1033 831 1113 881 συν-

90 924 201 991 θέτων
224 919 399 1008 τριγώνων
420 917 556 1011 άριθμῷ
575 916 766 1005 τὸπρῶτον
785 914 911 986 συστὰν
931 916 1112 1005 διήνεγκεν

90 1039 159 1097 τών
174 1030 295 1096 ἑαυτοῦ
308 1030 474 1114 πλευραῖν,
488 1024 596 1115 τούτῳ
611 1024 667 1091 καὶ
681 1022 722 1091 τά
737 1025 811 1109 ἑξῆς
822 1022 932 1091 πάντα
946 1023 1111 1114 διαφέρει

92 1133 193 1201 δυάδι
212 1132 279 1221 άρα
297 1136 365 1199 πάν
383 1130 618 1220 πολύπλευρον
637 1135 772 1210 πλείους
791 1135 856 1216 ἔχει
875 1127 1024 1215 πλευράς
1042 1133 1113 1199 τών

39 1259 73 1308 10
92 1237 286 1326 τριγώνων,
315 1241 361 1316 είς
391 1234 412 1304 ἃ
443 1235 623 1305 διαλύεται.
668 1234 755 1304 ἀλλά
777 1262 815 1322 γε
838 1235 906 1323 μήν
928 1233 1021 1304 άπαν
1045 1240 1112 1325 τρί-

92 1370 205 1431 γωνον
231 1344 395 1410 δέδεικται
419 1344 519 1410 δυσὶν
542 1339 663 1430 ὀρθαῖς
687 1351 762 1421 ῖσας
785 1347 864 1429 ἔχον
888 1341 947 1422 τὰς
976 1346 1111 1428 γωνίας.

93 1447 269 1528 διπλάσιος
302 1446 366 1534 άρα
400 1447 417 1516 ὁ
451 1450 518 1515 τών
551 1458 687 1534 γωνιῶν
719 1446 867 1534 άριθμὸς
896 1444 1009 1515 αύτών
1042 1451 1112 1515 τών

93 1555 325 1623 συντεθέντων
344 1553 518 1640 τριγώνων
537 1553 720 1639 γενόμενος
738 1554 911 1639 παρέξεται
924 1551 963 1621 τὸ
979 1555 1115 1641 πλῆθος

92 1672 160 1730 τών
175 1659 305 1749 ὀρθών,
325 1658 420 1738 ὅσαις
435 1661 575 1727 ἕκαστον
590 1659 791 1744 πολύγωνον
806 1666 880 1739 ίσας
895 1663 961 1746 ἔχει
975 1665 1114 1746 γωνίας.

41 1787 75 1836 15
94 1767 147 1836 διὸ
171 1770 239 1835 πάν
262 1765 324 1853 μὲν
346 1764 592 1855 τετράπλευρον
615 1767 769 1852 τέτρασιν
797 1762 919 1851 ὀρθαῖς
944 1772 1020 1845 ἴσας
1044 1769 1115 1852 ἔχει

94 1880 229 1959 γωνίας·
271 1875 307 1939 έκ
336 1876 430 1939 δυεῖν
459 1870 523 1957 γὰρ
548 1870 718 1939 συνέκειτο
746 1869 935 1958 τριγώνων·
975 1880 1044 1938 πᾶν
1075 1870 1113 1939 δὲ

93 1979 344 2065 πεντάπλευρον
369 1981 402 2060 ἓξ
424 1978 480 2045 καὶ
503 1980 603 2044 τοῦτο
628 1977 701 2062 ἑξῆς
725 1975 858 2063 ὁμοίως.
903 1980 941 2044 ἓν
961 1974 1024 2063 μὲν
1044 1968 1116 2044 οὖν

94 2090 193 2152 τοῦτο
214 2083 357 2167 ληπτέον
376 2085 412 2149 έκ
430 2087 491 2150 τοῦ
509 2081 728 2169 θεωρήματος
745 2081 869 2150 τούτου
882 2081 958 2170 περὶ
969 2079 1116 2149 πάντων

94 2192 163 2256 τών
194 2186 402 2271 πολυγώνων
433 2185 502 2272 άμα
533 2188 590 2254 καὶ
622 2184 890 2274 εὐθυγράμμων,
923 2188 1038 2275 ἕτερον
1073 2187 1114 2256 δέ

41 2314 77 2362 20
97 2292 261 2378 ἑπόμενον
293 2291 400 2383 τούτῳ
435 2294 645 2380 συνέλωμεν,
684 2291 735 2360 ὅτι
767 2297 835 2361 πάν
868 2297 977 2380 σχῆμα
1008 2290 1113 2379 εήθύ-

95 2423 250 2487 γραμμον
275 2397 413 2485 ἑκάστης
435 2402 505 2467 τών
528 2402 683 2486 πλευρών
706 2396 792 2480 ἅπαξ
815 2400 1036 2486 έκβληθείσης
1054 2398 1116 2480 τὰς

96 2502 189 2583 ἐκτὸς
212 2507 454 2590 συνισταμένας
476 2510 602 2591 γωνίας
625 2513 699 2584 ῖσας
722 2509 788 2591 ἔχει
805 2507 960 2592 τέτρασιν
980 2503 1113 2593 ὀρθαῖς.

97 2614 272 2688 διπλασίας
295 2608 356 2696 μὲν
379 2609 443 2697 γάρ
468 2607 556 2678 εἶναι
581 2613 635 2677 δεῖ
655 2609 714 2689 τάς
741 2609 794 2697 ἐφ’
820 2611 958 2698 ἑκάτερα
986 2617 1117 2696 γωνίας

96 2715 204 2806 ὀρθάς
227 2721 288 2785 τού
306 2716 459 2803 πλήθους
477 2720 544 2784 τών
562 2721 730 2802 πλευρών,
754 2715 867 2805 ἐπειδή
886 2714 972 2804 πρὸς
990 2717 1114 2806 ἑκάστη

41 2846 77 2895 25
97 2824 196 2892 δυσὶν
216 2821 337 2912 ὀρθαῖς
355 2832 425 2890 ίσαι
445 2828 672 2890 συνίστανται.
709 2820 971 2910 ἀφαιρουμένων
990 2821 1029 2891 δὲ
1043 2828 1114 2892 τών

97 2937 180 2998 ίσων
203 2941 275 3010 ταῖς
298 2927 392 3008 ἐντὸς
418 2925 536 3017 ὀρθών
563 2930 601 2995 αί
626 2929 740 2996 λοιπαὶ
763 2933 918 3014 γίνονται
950 2931 988 2995 αί
1019 2930 1116 3010 ἐκτὸς

96 3038 250 3125 τέτρασιν
280 3033 401 3122 ὀρθαῖς
429 3043 506 3102 ίσαι.
554 3026 629 3101 οἷον
657 3037 688 3100 εί
718 3032 756 3101 τὸ
790 3043 900 3121 σχῆμα
930 3039 1113 3121 τρίγωνον,

96 3138 236 3226 ἑκάστης
259 3139 364 3209 αὐτοῦ
386 3144 532 3226 πλευράς
555 3137 641 3220 άπαξ
666 3140 909 3226 έκβαλλομένης
932 3142 967 3220 ἓξ
991 3138 1118 3226 ὀρθαῖς

98 3255 167 3314 ίσαι
191 3252 406 3314 συνίστανται
429 3250 549 3329 γωνίαι
573 3247 666 3312 αἵτε
689 3243 783 3324 έντὸς
805 3247 862 3312 καὶ
882 3243 985 3331 ἐκτός,
1009 3236 1060 3314 ώυ
1079 3250 1121 3313 αί

168 3480 210 3529 11.
231 3468 293 3545 τάς]
312 3470 348 3528 τά
365 3471 395 3529 Ρ.
470 3478 514 3530 25.
535 3474 607 3546 ἴσαι]
626 3474 699 3537 ἴσαις
717 3474 747 3529 Ρ.
