2362 3796
223 183 380 235 SCHOLIA
397 185 437 235 IN
454 185 729 237 ELEMENTORUM
746 186 886 237 LIBRUM
899 188 932 241 X.
1014 183 1080 248 533

135 325 209 390 278.
246 321 342 390 Κατά
364 321 401 391 τὸ
426 320 508 391 αὐτό
531 350 563 411 p.
585 327 658 411 122,
677 328 711 408 6]
736 326 791 392 καὶ
815 321 890 411 οὐχὶ
908 323 980 393 κατ’
998 323 1079 393 ἀλλο

67 428 122 494 καὶ
146 425 228 496 ἀλλο
252 443 400 516 σημεῖον.

133 537 207 601 279.
249 536 414 622 Διαφέρει
441 533 481 603 τὰ
506 531 572 603 ἀπό
600 563 630 623 p.
655 540 733 624 122,
758 540 817 620 10]
851 539 889 603 αἱ
909 542 988 623 AF,
1013 545 1079 605 ΔΒ

67 636 183 707 ἀνισοί
206 645 286 728 εἰσι,
317 641 374 709 καὶ
402 639 459 709 διὰ
486 640 524 710 τὸ
551 646 664 730 λῆμμα
688 647 749 711 τοῦ
772 644 831 729 μδ
852 643 908 709 καὶ
931 647 992 711 τοῦ
1015 642 1079 731 πρὸ

66 742 170 813 αὐτοῦ
199 747 351 835 διαφέρει
377 745 418 815 πά
446 744 511 815 ἀπὸ
539 750 608 816 τῶν
630 754 709 833 AF,
733 755 794 816 ΓΒ
822 752 896 817 τῶν
919 748 983 818 ἀπὸ
1011 753 1079 818 τῶν
1117 774 1133 824 5

66 861 147 939 AA,
171 861 247 921 AB.

411 944 467 1008 Ad
490 967 596 1029 prop.
619 944 736 1011 XLIII.

133 1071 206 1136 280.
240 1064 296 1134 Ἐκ
317 1070 376 1153 τῆς
399 1071 447 1146 είς
470 1063 596 1134 ἀτοποα
619 1063 808 1154 ἀπαγωγῆς.

133 1178 206 1243 281.
241 1171 329 1241 Ἐπεὶ
351 1172 388 1241 τὸ
414 1170 496 1240 αὐτὸ
522 1174 736 1259 συμβήσεται,
760 1174 908 1253 δυνατόν
932 1176 1001 1244 ἐστι
1024 1201 1080 1245 πο-

67 1287 227 1370 ρίσασθαι
250 1281 288 1351 τὸ
313 1283 499 1369 δεδομένον
522 1283 580 1365 τῆς
602 1277 792 1366 προτάσεως
816 1278 872 1347 διὰ
891 1280 941 1362 λζ’
965 1286 1026 1350 τοῦ
1045 1284 1080 1352 ι’.
1101 1305 1133 1354 10

132 1393 206 1458 282.
246 1387 418 1476 Φανερόν,
452 1385 503 1456 ὅτι
534 1385 555 1474 ἡ
581 1392 647 1454 AF
677 1389 717 1474 τῇ
747 1392 813 1453 ΔΒ
846 1384 907 1454 οὐκ
941 1393 1032 1457 ἔστιν
1059 1387 1080 1476 ἡ

67 1491 161 1582 αὐτή,
184 1496 239 1563 καὶ
263 1493 316 1564 ὅτι
338 1492 378 1561 τὰ
402 1499 444 1579 Γ,
470 1503 504 1561 Δ
532 1506 651 1580 σημεῖα
676 1490 738 1560 οὐκ
762 1500 818 1560 ἴσα
841 1494 1001 1581 ἀπέχουσι
1023 1499 1081 1582 τῆς

66 1605 270 1688 διχοτομίας,
299 1602 520 1688 προεδείχθη,
549 1600 605 1666 καὶ
634 1597 685 1667 ὅτι
709 1601 861 1688 διαφέρει
887 1600 927 1668 ιά
952 1604 987 1670 ἐκ
1009 1606 1077 1670 τῶν
1156 1594 1159 1596 ’

67 1714 141 1792 AF,
161 1714 221 1775 ΓΒ
244 1710 312 1775 τῶν
336 1707 463 1773 ἐκτῶν
486 1713 567 1791 ΑΔ,
592 1713 668 1776 ΔΒ.

414 1902 472 1968 Ad
494 1923 598 1987 prop.
620 1901 737 1968 XLIV.
1099 1943 1133 1994 15

133 2028 207 2094 283.
242 2023 297 2092 Ἐκ
319 2027 380 2109 τῆς
403 2027 451 2103 εἰς
474 2022 645 2093 ἀδύνατον
669 2021 856 2111 ἀπαγωγῆς.
1094 2092 1096 2095 ,
1127 2110 1129 2114 .

133 2135 207 2200 284.
245 2138 433 2215 Διαιρεῖται
456 2156 487 2218 p.
512 2135 589 2220 124,
616 2134 670 2217 19]
699 2133 1017 2219 προσυπακοαστέοα
1040 2132 1078 2200 πὸ

67 2237 225 2323 δηλονότι
249 2239 296 2316 εἰς
318 2236 358 2305 πά
384 2236 541 2325 ὀνόματα.

134 2347 207 2411 285.
247 2340 317 2410 Οὐκ
340 2349 431 2411 ἔστιν
451 2341 472 2430 ἡ
492 2342 577 2429 αὐτή
601 2371 630 2431 p.
647 2348 720 2430 128,
739 2348 795 2430 21]
820 2345 890 2414 ἐπεὶ
910 2341 971 2412 οὐκ
990 2349 1081 2414 ἔστιν

69 2450 89 2536 ἡ
119 2448 218 2537 αὐτή,
252 2447 325 2518 ἀλλ’
353 2451 463 2534 ἑτέρα,
495 2448 579 2536 ἀλέη
608 2451 664 2517 καὶ
692 2449 776 2538 ἀλλη
801 2452 943 2540 διῃρέθη
972 2455 1019 2532 εἰς
1041 2450 1080 2521 πά
1099 2476 1134 2526 20

68 2555 216 2642 ὀνόματα
238 2557 295 2624 καὶ
318 2551 381 2644 οὐχ
405 2553 425 2642 ἡ
451 2553 535 2642 αὐτὴ
559 2553 630 2624 κατ’
650 2555 731 2625 ἀλλο
750 2557 806 2624 καὶ
824 2555 906 2625 ἀλλο
930 2572 1080 2645 σημεῖον,

67 2659 129 2729 οὐκ
149 2653 191 2747 ἦν
206 2662 244 2730 δὲ
257 2667 481 2750 προκείμενον
495 2660 532 2730 τὸ
549 2659 654 2749 ἀλλην
673 2663 729 2730 καὶ
743 2661 849 2749 ἀλλην
865 2667 1081 2750 διαιρεθῆναι

67 2771 114 2848 εἰς
136 2766 175 2835 τά
200 2766 365 2855 ὀνόματα,
393 2766 478 2836 ἀλλά
501 2766 563 2854 τὴν
587 2765 693 2854 αὐτὴν
716 2766 788 2835 κατ’
814 2767 896 2837 ἀλλο
918 2770 974 2836 καὶ
997 2768 1079 2838 ἀλλο

68 2885 215 2960 σημεῖον.

424 2964 481 3029 Ad
503 2986 609 3048 prop.
631 2963 731 3030 XLV.

134 3089 208 3154 286.
243 3084 297 3153 Ἐκ
319 3091 378 3174 τῆς
400 3090 448 3167 εἰς
471 3084 597 3155 ἀποπον
620 3085 808 3175 ἀπαγωγῆς.

137 3285 200 3335 278.
219 3278 269 3334 va.
339 3288 398 3337 279.
418 3280 466 3337 va.
535 3286 595 3336 280.
617 3281 698 3349 BFq.
764 3288 825 3338 281.
843 3282 891 3337 va.
951 3287 1012 3338 282.
1031 3282 1079 3337 νε.

100 3357 163 3408 283.
183 3352 240 3408 BF.
313 3351 443 3409 ποια».
517 3359 576 3408 288.
596 3351 661 3423 v⁸q
676 3353 709 3423 (Ρ
724 3355 741 3421 ).
816 3359 877 3409 288.
897 3355 954 3410 BF.

65 3472 279 3480 u--m—

140 3537 181 3585 13.
201 3530 269 3601 πῶγ]
289 3528 339 3599 τῆς
357 3529 390 3586 V.
466 3535 510 3588 18.
529 3525 700 3602 &8828va
713 3528 752 3584 'm
765 3526 880 3582 1888,-
