2362 3796
111 139 177 204 350
260 139 417 192 SOHOLIA
433 141 473 192 IN
490 139 766 193 ELEMENTORUM
784 141 924 192 LIBRUM
936 141 983 193 VI.
1063 146 1069 155 '

23 296 26 301 ’
111 281 362 366 παραβληθέντι
385 278 475 364 παρὰ
497 279 559 366 τήν
582 281 697 365 ἑτέραν
716 277 871 366 ήμίσειαν
889 281 948 364 τής
967 282 1129 366 δοθείσης

111 384 261 471 εὐθείας,
294 377 316 473 ή
345 385 382 454 δὲ
409 385 448 454 τὸ
476 391 633 473 ἔλλειμμα
659 382 736 474 περὶ
764 385 826 472 τήν
854 384 1036 473 διάμετρον
1066 389 1128 453 τοῦ

111 493 387 580 παραβληθέντος
418 492 768 581 παραλληλογράμμου
803 489 893 580 παρὰ
925 488 987 577 τήν
1021 489 1128 577 αὐτήν

111 599 227 686 ἑτέραν
250 594 406 684 ήμίσειαν
428 602 487 684 τῆς
510 601 670 685 δοθείσης
689 596 834 684 εὐθείας,
858 597 1016 684 μέγιστον
1036 601 1128 664 ἔσται

75 714 177 772 οτῶν
205 702 317 771 άλλων
345 702 702 791 παραλληλογράμμων
729 701 767 772 τὸ
793 702 1013 791 παραβληθὲν
1036 700 1127 790 παρὰ

110 809 173 896 τήν
191 809 356 897 πρότερον
372 806 527 896 ήμίσειαν
540 813 599 895 τής
613 813 773 896 δοθείσης
787 807 931 889 εὐθείας.
963 814 1047 877 ἔστω
1061 811 1128 897 γὰρ

110 914 227 984 εὐθεῖα
246 912 266 1001 ή
288 922 365 999 ΑΒ,
388 915 444 981 καὶ
467 915 656 983 συνεστάτω
680 915 730 984 ἐπ’
752 913 855 1002 αὐτῆς
878 920 1003 1003 χωρίον
1023 911 1127 1003 ὀρθο-

110 1022 236 1108 γωύιον
268 1020 616 1110 παραλληλόγραμμον
644 1021 682 1090 τὸ
707 1032 739 1090 Α
745 1030 788 1109 Ζ,
819 1022 876 1090 καὶ
903 1019 1079 1108 τετμήσθω
1105 1017 1126 1106 ή

110 1135 175 1195 ΑΒ
199 1132 246 1207 είς
269 1135 325 1195 ίσα
348 1125 431 1195 κατὰ
453 1127 490 1196 τὸ
512 1133 549 1215 Γ,
573 1128 630 1195 καὶ
653 1126 750 1214 ήχθω
772 1126 985 1214 παράλληλος
1002 1129 1043 1214 τή
1062 1132 1127 1193 ΒΖ

58 1232 130 1319 1οή
154 1239 230 1299 ΓΗ.
271 1234 327 1301 καὶ
354 1234 424 1302 ἐπεὶ
451 1232 492 1301 τὰ
514 1241 601 1320 ΑΗ,
624 1240 692 1301 ΗΒ
720 1232 1050 1322 παραλληλόγραμμα
1073 1232 1126 1300 ἐπὶ

109 1339 241 1425 βάσεων
264 1343 333 1406 τῶν
356 1336 468 1407 αὐτῶν
491 1344 556 1408 είσι
579 1340 635 1408 καὶ
655 1342 692 1408 ἐν
711 1340 789 1407 δυσὶ
808 1337 1045 1427 παραλλήλοις,
1069 1347 1126 1406 ίσα

110 1446 175 1531 άρα
199 1445 285 1513 είσὶν
309 1442 472 1531 ἀλλήλοις.
518 1445 614 1532 ήχθω
644 1445 682 1514 δὲ
710 1444 886 1537 διάμετρος
913 1443 934 1532 ή
957 1451 1042 1530 ΗΒ,
1069 1444 1126 1512 καὶ

110 1553 263 1639 εἰλήφθω
279 1565 418 1637 σημεῖον
432 1549 470 1619 τὸ
484 1559 524 1638 Λ,
544 1549 589 1631 ὡς
603 1556 706 1640 ἔτυχε,
723 1552 778 1619 καὶ
796 1549 893 1638 ήχθω
912 1549 1139 1639 παράλληλος-

99 1662 148 1748 τή
172 1665 235 1726 ΒΖ
262 1654 283 1744 ή
308 1663 388 1742 ΛΕ,
421 1658 477 1724 καὶ
509 1656 565 1724 διὰ
594 1661 654 1725 τοῦ
680 1665 714 1725 Κ
743 1662 884 1745 σημείου
912 1655 1126 1745 παράλληλος

59 1762 129 1850 15η
154 1772 226 1832 NX
255 1773 295 1852 τῇ
323 1771 397 1832 ΑΒ.
444 1768 512 1831 ἔστι
536 1762 584 1848 ζδὲ
610 1761 649 1831 τὸ
678 1770 744 1831 ΚΒ
775 1762 1125 1851 παραλληλόγραμμον

109 1871 183 1958 περὶ
211 1868 272 1958 τήν
301 1867 482 1957 διάμετρον
509 1878 569 1937 τοῦ
594 1875 657 1936 ΓΖ
681 1867 897 1955 ὀρθογωνίου
919 1874 1047 1956 χωρίου
1068 1868 1126 1934 καὶ

110 1974 286 2063 ὁμοιοῦται
317 1975 434 2065 τούτῳ.
487 1975 543 2042 καὶ
574 1975 612 2043 τὸ
646 1981 723 2042 ΑΗ
753 1980 879 2063 χωρίον
914 1973 1126 2061 παραλληλό·

109 2108 263 2170 γραμμον
292 2081 381 2167 παρὰ
409 2080 471 2168 τήν
498 2078 653 2167 ἡμίσειαν
682 2085 739 2167 τής
763 2088 828 2149 ΑΒ
858 2078 991 2158 εὐθείας
1017 2100 1126 2166 παρα-

109 2191 277 2274 βέβληται,
301 2187 338 2256 τὸ
358 2187 392 2256 δὲ
406 2194 474 2255 ΑΚ
497 2187 574 2276 παρ’
597 2185 681 2273 ὅλην
699 2186 761 2273 τήν
780 2194 845 2254 ΑΒ
869 2189 1020 2255 ἐλλεῖπον
1039 2183 1126 2271 πρὸς

57 2316 90 2365 20
110 2292 349 2379 συμπλήρωσι
374 2292 475 2380 αὐτῆς
498 2297 581 2361 είδει
603 2297 648 2383 τῷ
672 2299 739 2360 ΚΒ
764 2289 868 2382 ὁμοίω
893 2289 969 2359 ὄντι
988 2293 1036 2380 τῷ
1055 2296 1130 2357 ΒΗ

109 2398 450 2490 παραλληλογράμμῳ.
507 2400 608 2484 λέγω,
646 2395 698 2465 ὅτι
729 2400 766 2464 τὸ
799 2402 879 2463 ΑΗ
906 2393 1124 2481 ὀρθογώνιον

109 2504 266 2590 μέγιστόν
294 2507 362 2573 ἐστι
390 2514 452 2573 τοῦ
476 2511 547 2572 ΑΚ
570 2502 793 2591 ὀρθογωνίου.
838 2499 859 2589 ή
884 2499 948 2589 γάρ
972 2506 1044 2569 ΑΓ
1067 2508 1123 2586 ίση

110 2611 178 2679 ἐστὶ
200 2614 239 2699 τή
264 2616 338 2697 ΓΒ,
361 2608 381 2696 ή
405 2609 443 2678 δὲ
466 2616 535 2677 ΑΓ
553 2613 593 2698 τή
617 2616 692 2676 ΕΒ·
725 2605 927 2676 ἀπεναντίον
950 2606 1017 2694 γάρ
1042 2608 1123 2674 ἐστι·

109 2715 191 2803 ἡδὲ
209 2723 271 2784 ΓΒ
294 2719 334 2806 τή
353 2723 429 2784 ΗΖ.
461 2714 564 2803 ήΕΒ
588 2714 654 2803 άρα
672 2711 850 2800 ααὶήΗΖ
873 2722 944 2781 ίσαι
963 2710 1123 2799 άλλήλαις

55 2844 88 2892 25
109 2828 204 2892 είσίν.
235 2822 275 2891 τὰ
295 2821 361 2910 άρα
374 2829 449 2906 ΕΤ,
467 2829 527 2889 ΤΖ
545 2819 742 2909 ὀρθογώνια
766 2827 822 2887 ίσα
845 2816 1004 2908 άλλήλοις
1023 2820 1123 2885 ἐστίν.

109 2927 191 2997 άλλδι
216 2928 253 2997 τὸ
278 2937 309 2997 Ε
317 2937 347 2996 Τ
365 2927 477 3016 μεῖζόν
502 2931 570 2996 ἐστι
594 2931 655 2994 τοῦ
679 2933 760 3012 ΚΖ,
789 2923 905 2993 καὶτὸ
931 2930 998 2991 ΚΖ
1020 2947 1123 3010 παρα-

108 3035 269 3122 πλήρωμα
298 3044 373 3103 ίσον
402 3035 471 3103 ἐστὶ
497 3039 542 3126 τῷ
566 3040 635 3101 ΚΓ
658 3030 955 3122 παραπληρώματι.
996 3026 1035 3097 τὸ
1059 3034 1127 3096 ΕΤ

109 3140 173 3229 άρα
197 3141 309 3229 μεῖζόν
334 3143 402 3208 ἐστι
424 3144 485 3208 τοῦ
503 3146 577 3207 ΚΓ.
610 3143 692 3206 ἔστω
717 3138 755 3205 δὲ
776 3140 894 3205 κοινὸν
918 3135 955 3203 τὸ
976 3143 1008 3202 Α
1017 3141 1052 3202 Τ.
1084 3131 1122 3201 τὸ

181 3332 331 3407 8.τδΑΖ]
352 3331 434 3403 ἡΑΖ
451 3353 479 3404 p.
529 3328 656 3402 9.άχθω
675 3351 703 3402 p.
755 3338 796 3388 15.
816 3330 862 3402 δέ]
883 3329 966 3385 scrib.
982 3326 1026 3398 δή.
1081 3334 1122 3383 16.

108 3407 177 3477 τοῦ]
200 3411 250 3475 τῆς
267 3423 295 3474 p.
332 3406 458 3461 Litterae
478 3407 557 3476 βην
576 3403 704 3472 dignosci
721 3402 770 3458 uix
788 3403 905 3474 possunt
923 3401 998 3470 inp.
1078 3405 1123 3453 22.

98 3473 238 3547 μέγιστόν
256 3475 331 3552 ἐστι]
349 3476 380 3533 in
399 3493 453 3533 ras,
475 3494 507 3548 p3
526 3473 609 3531 scrib.
629 3470 723 3545 μεῖζόν
744 3470 809 3530 ἐστι.
