2362 3796
120 140 186 205 208
274 140 430 192 SOHOLIA
448 142 485 192 IN
504 140 779 192 ELEMENTORUM
796 140 936 192 LIBRUM
948 140 971 192 Ῑ.

120 288 251 360 λοιποῖς
274 281 391 366 ἕξομεν
414 279 452 348 τὸ
476 279 689 367 ζητούμενον.
734 285 821 348 ἔοικε
849 279 886 347 δὲ
910 282 946 348 ἐκ
967 279 1031 347 τοῦ
1053 302 1138 366 προ-

120 385 289 472 βλήματος
315 387 438 454 τούτου
466 387 666 471 κινηθέντος
691 383 772 465 τοὺς
798 383 962 464 παλαιοὺς
987 384 1047 453 καὶ
1075 391 1137 455 τού

120 494 245 560 κύκλου
280 489 550 579 τετραγωνισμὸν
586 495 729 579 ζητήσαι.
785 496 816 559 ελ
852 490 889 560 δὲ
925 491 1138 580 παραλληλό-

120 624 275 685 γραμμον
295 606 369 665 ἴσον
389 594 575 684 εὑρίσκεται
591 598 691 664 παντὶ
710 595 951 687 εὐθυγράμμῳ,
970 595 1138 684 ζητήσεις

85 729 101 777 ε
121 703 232 790 ἄξιον,
256 704 300 790 μή
323 704 379 771 καὶ
402 702 442 771 τὰ
466 701 689 790 εὐθύγραμμα
713 712 769 771 ἴσα
789 703 960 771 δεικνύναι
984 704 1137 773 δυνατὸν

120 825 190 889 τοῖς
212 811 556 897 περιφερογρύμμοις,
585 806 630 888 ὡς
651 809 707 875 καὶ
731 805 749 876 δ
771 805 970 896 Ἀρχιμήδης
998 812 1137 897 ἔδειξεν,

121 914 173 984 ὅτι
196 927 261 994 πᾶς
281 914 404 995 κύκλος
431 923 505 994 ἶσος
527 915 595 983 ἐστὶ
622 912 774 1004 τριγώνῳ
803 912 1020 1007 ὀρθογωνίῳ,
1048 907 1137 1004 ούή

120 1022 182 1109 μὲν
206 1024 241 1089 ἐκ
264 1024 325 1089 τού
348 1023 490 1109 κέντρου
509 1029 563 1109 ἴση
584 1021 653 1089 ἐστὶ
671 1019 730 1110 μιᾷ
748 1024 816 1090 τῶν
835 1021 910 1109 περὶ
927 1019 991 1107 τήν
1011 1019 1137 1111 ὀρθήν,

120 1126 141 1213 ἡ
175 1128 212 1195 δὲ
244 1132 439 1215 περίμετρος
467 1130 507 1214 τῇ
539 1125 644 1213 βάσει.
698 1124 783 1194 ἀλλὰ
815 1130 920 1195 ταῦτα
952 1129 990 1195 ἐν
1020 1126 1138 1209 ἄλλοις

69 1256 102 1306 10
122 1232 311 1319 ζητήσομεν.
990 1316 999 1327 ·

191 1342 263 1406 142.
292 1336 372 1404 Ἐάν
389 1362 424 1405 τε
443 1336 507 1423 γὰρ
526 1337 737 1425 τετράγωνον
752 1333 773 1424 ή
789 1335 875 1418 ὅλως
888 1336 1137 1425 τετράπλευρον

122 1452 186 1513 ελτε
210 1442 291 1511 ἄλλο
315 1469 347 1510 τι
370 1442 604 1530 πολύπλευρον
627 1453 678 1531 εἴη
702 1446 902 1531 δεδομένον,
930 1443 988 1512 διὰ
1004 1442 1138 1513 Ιτούτου

120 1554 181 1619 τοῦ
207 1549 440 1637 προβλήματος
467 1558 542 1617 ἴσον
572 1547 662 1639 αύτῷ
693 1548 1044 1637 παραλληλόγραμμον
1078 1570 1137 1620 συ-

122 1659 295 1743 στήσομεν.
340 1659 407 1723 πᾶν
430 1654 495 1742 γὰρ
523 1651 781 1743 εὐθύγραμμον,
815 1653 859 1736 ὡς
884 1656 941 1723 καλ
967 1654 1136 1745 πρότερον

70 1787 103 1836 15
122 1772 270 1849 εἴπαμεν,
293 1765 340 1842 εἰς
361 1767 509 1850 τρίγωνα
532 1758 724 1829 ἀναλύεται·
747 1763 798 1829 ἑνὶ
820 1763 857 1830 δὲ
879 1760 1033 1853 τριγύνρο
1058 1771 1135 1832 λ’σον

120 1868 467 1957 παραλληλόγραμμον
491 1866 726 1954 συστήσαντες,
749 1881 819 1948 τοϊς
838 1868 876 1936 δὲ
894 1875 1024 1948 λοιποῖς
1043 1867 1136 1958 παρὰ

119 1974 181 2061 τήν
219 1977 383 2041 δοθεῖσαν
420 1971 558 2042 εύθεῖαν
596 1982 652 2041 ἴσα
689 1973 1018 2061 παραλληλόγραμμα
1056 1982 1136 2063 λαμ-

120 2079 281 2165 βάνοντες
309 2081 456 2165 ἐκείνην,
486 2077 564 2165 παρ’
590 2076 634 2164 ἣν
662 2080 865 2166 ἐποιήσαμεν
891 2080 953 2166 τήν
986 2079 1137 2171 πρώτην,

120 2182 185 2252 κᾶν
205 2186 432 2269 δεκύπλευρον
451 2175 472 2271 ᾖ
491 2184 528 2252 τὸ
545 2182 798 2272 εὐθύγραμμον,
817 2190 864 2265 εἰς
878 2183 963 2255 ὀκτιδ
983 2191 1135 2273 τρίγωνα

67 2314 102 2362 20
122 2289 337 2376 διαλύσομεν,
352 2290 403 2357 ἑνὶ
418 2290 455 2357 δὲ
470 2297 545 2358 ἴσον
560 2290 768 2376 συστήσομεν
782 2284 1137 2381 παραλληλόγραμμον

120 2396 176 2462 καὶ
200 2394 330 2474 ἑπτάκις
352 2395 621 2484 παραβάλλοντες
644 2405 700 2464 ἴσα
722 2410 792 2477 τοῖς
809 2406 938 2478 λοιποϊς
956 2399 1079 2485 ἕξομεν
1096 2397 1135 2468 τὸ

123 2499 334 2587 ζητούμενον.
371 2504 406 2570 ἐκ
429 2501 551 2571 τούτου
570 2504 618 2588 δέ,
642 2500 744 2590 οἶμαι,
767 2508 828 2572 τοῦ
845 2503 1084 2591 προβλήματος
1102 2506 1138 2574 οἱ

120 2608 256 2674 παλαιοὶ
278 2608 333 2675 καὶ
355 2605 416 2676 τὸν
438 2606 708 2696 τετραγωνισμὸν
730 2612 790 2677 τοῦ
813 2608 938 2678 κύκλου
961 2608 1134 2698 ἐζήτησαν.

120 2718 152 2782 εἰ
168 2714 233 2800 γὰρ
252 2713 600 2801 παραλληλόγραμμον
619 2722 694 2782 ἴσον
714 2712 899 2802 εὑρίσκεται
915 2716 1015 2784 παντὶ
1031 2714 1134 2785 εύθυ-

67 2842 101 2892 25
120 2818 271 2909 γρύμμςο,
296 2820 457 2905 ζητήσεως
479 2818 587 2904 ἄξιον,
610 2819 654 2906 μή
679 2821 734 2887 καὶ
757 2818 796 2888 τὰ
817 2818 1046 2908 εύθύγραμμα
1063 2834 1132 2901 τοῖς

120 2926 444 3013 περιφερογρύμμοις
459 2932 515 2991 ἴσα
534 2927 706 2992 δεικνύναι
726 2925 883 2995 δυνατόν.
918 2926 975 2994 καὶ
994 2923 1130 3014 δἈργι-

119 3033 229 3118 μήδής
261 3031 400 3115 ἔδειξεν,
438 3027 490 3097 ὅτι
521 3034 586 3110 πᾶς
616 3030 736 3112 κύκλος
768 3041 839 3112 ἴσος
871 3033 940 3101 ἐστὶ
976 3031 1129 3123 τριγώνῳ

192 3405 215 3452 7.
236 3393 282 3470 ού]
299 3418 352 3456 om.
367 3400 429 3471 Vq3
449 3401 497 3457 cfr.
507 3400 621 3457 Proelus
631 3421 658 3472 p.
669 3408 729 3472 423,
740 3409 765 3458 4.
824 3410 865 3458 16.
885 3400 1086 3473 συστήσασθαι
1098 3404 1128 3460 Ρ.

150 3474 191 3523 18,
212 3465 321 3542 ἕκείνηι
339 3471 370 3530 Ρ.
