2362 3796
213 141 370 194 scflom
387 143 426 195 IN
443 141 719 194 οτωιωιυοεοω
736 141 876 192 mmm
888 142 922 193 x
1008 137 1071 202 591

340 318 396 384 Ad
420 341 502 403 app.
525 341 578 384 nr.
601 321 643 383 37
668 341 699 403 p.
721 319 797 384 408.

125 447 201 510 477.
235 440 290 508 Ἐκ
312 444 371 527 τῆς
394 444 442 519 εἰς
463 442 591 508 άτοπον
614 437 801 526 άπαγωγης.

126 552 201 616 478.
230 546 340 616 Ἔστω
363 546 575 635 τετράγωνον
598 544 636 613 τὸ
661 552 810 632 ΑΒΓΔ,
835 545 1012 632 διάμετρος
1036 545 1073 612 δὲ

60 653 166 723 αὐτοῦ
185 652 207 741 6
226 659 299 722 ΑΓ.
336 650 487 740 φανερὸν
505 651 558 739 66,
577 648 629 720 ὅτι
649 653 816 731 ἰσοσκελές
835 655 903 720 ἐστι
921 650 958 720 τὸ
974 657 1073 719 ΓΑΔ

59 767 226 850 τρίγωνον
250 769 327 847 λσην
351 765 429 847 ἔχον
450 758 513 845 τὴν
538 767 609 826 ΛΑ
630 762 670 847 τῇ
695 763 778 825 ΛΓ·
811 755 891 844 ὁμοί
890 786 933 838 ως
876 758 1065 825 ίκαὶ
1033 784 1071 826 το
1109 787 1126 837 5

60 875 162 936 ΒΑΓ
189 871 356 954 τράγωνον
390 866 557 944 ἰσοσκελές
589 867 689 933 ἐστιν.
741 869 823 932 ἔστω
856 857 919 932 οὖν
953 863 974 950 6
1004 873 1074 932 ΔΑ

61 974 222 1061 μονάδων
245 965 311 1040 δ
290 1000 310 1101 6
334 976 450 1039 ποδῶν
474 959 505 1056 δ,
530 967 687 1050 ὡσαύτως
709 968 808 1058 6666
832 976 895 1039 ΓΔ
918 957 947 1038 6.
989 968 1073 1038 ὥστε

61 1076 220 1168 δῆλον,”
200 1105 251 1147 οτι
274 1075 312 1146 τὸ
335 1074 401 1145 άπὸ
420 1081 479 1164 τῆς
494 1085 565 1145 ΛΑ
582 1079 703 1146 ἐστι
671 1097 703 1148 ις
725 1073 881 1145 ποδῶν”
860 1103 881 1162 η
901 1076 1073 1164 μονάδων,

60 1187 185 1274 ὁμοίως
206 1183 316 1253 καὶ
285 1212 322 1253 το
347 1181 411 1253 άπὸ
435 1188 494 1272 τῆς
511 1190 575 1252 ΓΔ
596 1183 759 1253 τοιούτων
784 1190 825 1255 ιξ.
861 1184 918 1251 καὶ
941 1180 1066 1250 ἐπεὶ
1033 1208 1071 1250 το

60 1291 126 1360 άπὸ
149 1295 208 1378 τῆς
231 1299 299 1360 ΑΓ
324 1300 400 1359 ἴσον
428 1291 497 1360 ἐστὶ
525 1305 595 1372 τοῖς
623 1290 689 1359 άπὸ
716 1294 784 1359 τῶν
809 1298 893 1375 ΔΑ,
917 1294 993 1375 ΓΛ,
1027 1289 1072 1369 ὡς
1092 1318 1125 1368 10

60 1400 225 1466 δέδεικται
243 1401 280 1466 ἐν
298 1403 344 1490 τῷ
364 1398 416 1485 μζ
436 1402 497 1466 τοῦ
516 1397 551 1465 α’
571 1404 714 1484 βιβλίου,
739 1401 856 1482 δῆλον,
880 1394 931 1464 ὅτι
950 1394 987 1463 τὸ
1005 1393 1070 1464 άπὸ

59 1510 117 1591 τῆς
139 1511 207 1572 ΑΓ
235 1504 416 1573 διπλάσιόν
444 1506 513 1572 ἐστι
542 1509 603 1572 τοῦ
636 1502 702 1572 άπὸ
731 1508 789 1589 τῆς
812 1510 891 1569 ΔΑ.
937 1507 1006 1569 ἔστι
1035 1500 1073 1569 δέ

58 1609 96 1677 τὸ
114 1609 179 1678 άπὸ
199 1615 258 1696 τῆς
272 1620 342 1677 ΔΑ
361 1615 406 1680 ιξ·
430 1608 467 1676 τὸ
487 1607 551 1676 άπὸ
571 1619 630 1696 τῆς
649 1610 830 1694 διαμέτρου
853 1609 918 1694 άρα
942 1610 1011 1677 ἐστὶ
1024 1601 1071 1695 66

58 1715 132 1803 ἤτοι
148 1715 334 1784 διπλάσιον.
366 1716 421 1782 καὶ
437 1715 505 1782 ἐπεὶ
520 1714 616 1801 μήκει
631 1713 813 1800 σύμμετροι
828 1713 963 1782 εὐθεῖαί
973 1718 1071 1799 εἰσιν,

60 1820 141 1890 ὅταν
164 1824 299 1908 μεγέθει
321 1824 595 1908 καταμετρῶνταί
614 1847 697 1906 τινι,
728 1819 841 1888 καὶ
806 1846 845 1888 τα
874 1818 930 1889 ἀπ’
956 1818 1069 1888 αὐτῶν
1090 1845 1123 1896 15

58 1926 248 2014 τετράγωνα
281 1926 383 2012 λόγον
412 1923 528 2015 ἔχη,
518 1925 560 1994 66
585 1924 795 2013 τετράγωνος
817 1925 963 2013 ἀριθμὸς
988 1923 1071 2014 πρὸς

58 2036 268 2122 τετράγωνον
297 2029 464 2120 ἀριθμόν,
495 2029 516 2118 6
551 2032 588 2100 δὲ
616 2031 845 2119 δυναμένη
814 2059 873 2101 τον
902 2039 943 2119 66
968 2033 1068 2117 6666

58 2138 185 2223 πλευρά
210 2136 251 2206 06
273 2143 556 2223 καταμετροῦνται
579 2139 714 2225 μεγέθει
736 2143 820 2225 τινί,
793 2136 981 2207 [0666
947 2165 987 2207 τα
1010 2136 1067 2205 άπ’

58 2243 170 2311 αὐτῶν
194 2242 384 2329 τετράγωνα
407 2243 511 2330 λόγον
535 2241 653 2330 ἔχει,“
636 2271 677 2311 ον
700 2243 908 2330 τετράγωνος
926 2242 1071 2332 ἀριθμὸς

58 2347 140 2436 πρὸς
160 2349 384 2436 τετράγωνον·
409 2346 580 2428 οὐδεὶς
543 2377 607 2436 γαρ
629 2349 838 2436 τετράγωνος
860 2350 1070 2438 τετραγώνου
1088 2379 1124 2428 20

59 2453 247 2534 διπλάσιος
292 2453 500 2542 ἀσύμμετρός
533 2458 602 2523 ἐστι
639 2458 766 2586 μηκει
768 2455 789 2542 6
824 2456 999 2544 διάμετρος
1029 2461 1069 2546 τῇ

56 2566 192 2650 πλευρᾷ.
238 2566 307 2629 ἔστι
336 2560 413 2629 δέ
396 2589 416 2647 6
442 2563 612 2649 δυναμένη
640 2562 701 2631 τὸν
724 2564 815 2650 66''
792 2588 867 2649 ητοι
894 2559 915 2649 6
942 2562 1070 2650 πλευρά

57 2667 154 2734 πέντε
183 2668 343 2754 μονάδων
370 2668 426 2735 καὶ
454 2672 582 2736 λεπτῶν
612 2669 754 2754 πρώτων
778 2677 838 2754 66,
866 2665 887 2735 6
909 2678 991 2737 ελθ
1013 2670 1069 2737 καὶ

58 2771 99 2840 τά
123 2761 145 2840 6
167 2773 270 2841 οὐδὲν
294 2779 406 2861 ἔχουσι
429 2773 548 2841 κοινὸν
572 2775 707 2861 μέτρον,
735 2773 846 2861 ὥσπερ
870 2771 987 2842 0666‘
974 2801 992 2842 ο
1016 2782 1068 2860 λβ,

57 2873 102 2957 ὡς
125 2887 267 2966 εἴρηται,
299 2879 383 2968 πρὸς
409 2879 468 2947 τὸν
491 2885 527 2950 a}
555 2885 620 2966 ἔχει
644 2877 808 2967 λόγον,
797 2907 839 2948 06
861 2880 1068 2967 τετράγωνος
1087 2905 1120 2956 25

56 2983 202 3070 ἀριθμὸς
225 2984 308 3071 πρὸς
331 2985 543 3073 τετράγωνον
567 2983 726 3073 ἀριθμόν.

127 3132 188 3180 ιιι.
207 3125 236 3180 ε.
310 3133 371 3183 ιω.
391 3126 533 3197 666²).

127 3257 152 3304 3.
172 3248 293 3304 ἔστ-ω
313 3247 461 3323 66606]
463 3270 506 3306 οτι
523 3274 555 3307 ιο
548 3249 608 3307 ’.7
683 3259 707 3307 6.
727 3243 791 3323 οὖν]
812 3268 866 3306 om.
885 3252 919 3306 V
980 3259 1004 3308 3.
1024 3254 1066 3325 ῖς]

55 3333 208 3404 ἑξκαίδεκα
227 3338 260 3392 7.
353 3345 394 3394 12.
419 3337 555 3411 &wamy
557 3341 631 3398 ω7.
724 3345 764 3395 13.
789 3341 839 3414 λβ]
854 3331 874 3396 6
892 3340 942 3394 καὶ
960 3336 1014 3396 666
1032 3341 1066 3395 V.

91 3416 132 3463 16
153 3409 250 3482 λόγον]
269 3406 419 3480 άλογονη.
509 3417 553 3467 21.
577 3413 622 3484 τῇ]
642 3429 695 3466 om.
715 3412 749 3466 V.
839 3419 883 3467 22.
908 3409 966 3466 ἔστι
984 3409 1016 3467 66
1035 3409 1071 3481 61

53 3471 87 3534 06
107 3479 140 3533 7.
215 3486 256 3536 33.
276 3481 373 3553 πέντε]
393 3499 446 3537 om.
465 3481 500 3536 V
