2362 3796
261 138 416 190 scnomA
434 139 472 189 m
490 138 765 191 ELEMENTORUM
783 139 921 190 LIBRUM
936 140 967 190 v.
1059 99 1121 200 291
1162 135 1164 140 '

515 297 573 362 Ad
597 297 665 363 def.
692 300 719 362 7.

176 423 228 486 28.
266 422 311 484 Εἰ
332 418 447 503 βούλει
475 427 614 513 μαθεῖν,
642 419 722 486 πότε
749 417 788 487 τά
818 423 879 487 τοῦ
907 420 1041 507 πράτου
1068 421 1142 488 καί

106 530 225 613 τρίτου
260 523 493 592 πολλαπλάσια
524 523 723 612 ὑπερέχουσι
759 535 829 594 τῶν
866 533 1124 593 πολλαπλασίων

106 634 170 699 τοῦ
193 630 229 715 β’
252 630 308 696 καί
336 629 512 718 τετάρτου,
545 633 600 699 καί
627 629 707 699 πότε
735 631 918 717 ἐλάσσονα,
950 659 980 700 τ(
1015 630 1125 719 παρὸν

107 728 286 821 άνάχνοοθι
311 737 461 822 σχόλιον·
498 737 620 822 ἰστέον,
644 736 710 822 ὅτι,
735 737 816 805 ὅταν
839 737 880 806 τά
903 738 1047 825 τέσσαρα
1070 765 1123 825 με·
1161 755 1176 802 5

107 842 193 928 μέθη
218 842 255 909 ἐν
277 843 324 933 τῷ
343 845 402 928 τῆς
421 840 573 928 ἰσότητος
589 852 768 930 θεωρεῖται
788 842 888 934 λόγῳ,
911 842 1044 911 τότετά
1063 847 1125 911 τοῦ

107 950 242 1033 πράτου
264 947 321 1014 καί
339 954 453 1034 τρίτου
472 948 581 1028 ἰσάκις
598 949 830 1017 πολλαπλάσια
849 952 918 1017 τῶν
933 953 997 1017 ’τοῦ
1015 948 1049 1034 β’
1069 949 1126 1017 καὶ

107 1053 268 1139 τετάρτου
301 1053 410 1133 ἰσάκις
437 1061 696 1122 πολλαπλασίων
724 1053 792 1142 ἅμα
818 1063 874 1123 ἰσα
898 1058 998 1123 ἐστίν.
1045 1053 1125 1127 ὅταν

67 1151 81 1172 ’
110 1160 148 1228 δέ
168 1162 205 1227 έν
224 1165 500 1246 πολλαπλασίονι,
522 1164 554 1227 εί
570 1160 631 1247 μὲν
645 1161 886 1246 προτάττονται
901 1165 937 1229 οἰ
951 1163 1127 1255 πρόλοχοι,

106 1263 309 1352 ὑπερέχουσι
336 1268 377 1332 τὰ
404 1271 465 1334 τοῦ
492 1264 628 1351 πράσου
654 1267 709 1333 καὶ
732 1265 984 1353 τρίτουίσάκις
1006 1274 1126 1335 πολλα·
1144 1285 1177 1336 10

106 1371 232 1439 πλάσια
254 1375 323 1438 τῶν
346 1382 407 1439 τοῦ
432 1371 591 1459 δευτέρου
613 1372 669 1439 καὶ
691 1370 862 1460 τετάρτου,
886 1378 917 1440 εἰ
935 1372 973 1441 δὲ
992 1377 1028 1441 οί
1043 1371 1125 1441 ὑπό-

110 1485 206 1563 λοχοι
229 1476 487 1564 προτάττονται,
515 1475 715 1565 ὑπερέχουσι
738 1477 779 1546 τά
801 1482 863 1547 τοῦ
887 1482 1046 1566 δευτέρου
1069 1479 1125 1546 καὶ

109 1583 268 1668 τετάρτου
292 1584 401 1664 ἰσάκις
423 1582 656 1652 πολλαπλάσια
674 1588 742 1652 τῶν
760 1589 820 1652 τοί
841 1583 875 1651 α’
895 1585 951 1651 καὶ
969 1584 999 1671 γ’
1019 1583 1126 1663 ἰσάκις

107 1696 377 1758 πολλαπλασίων.
542 1724 547 1733 ·

515 1781 572 1846 Ad
596 1783 666 1849 def.
689 1783 720 1847 9.
1144 1797 1177 1847 ιι

176 1905 229 1970 29.
264 1899 364 1971 Ὅταν
390 1909 467 1989 τρία
495 1904 622 1990 μεγέθη
653 1900 823 1987 ἀνάλογον
850 1895 888 1992 ᾖ,
920 1901 957 1971 τὸ
991 1905 1126 1987 πρῶτον

108 2007 192 2094 πρὸς
215 2008 252 2075 τὸ
276 2013 391 2093 τρίτον
415 2011 616 2076 διπλασίονα
639 2006 742 2093 λόγον
773 2012 862 2095 ἔχειν
889 2009 1018 2094 λέγεται
1041 2005 1125 2094 ἥπερ

106 2113 190 2201 πρὸς
208 2112 246 2182 τὸ
267 2112 438 2204 δεύτερον]
464 2112 506 2181 οὐ
525 2114 624 2200 λέγει,
650 2111 700 2180 ὅτι
720 2116 756 2181 οἰ
772 2112 835 2181 δύο
855 2113 952 2200 λάχοι
969 2118 1031 2181 τοῦ
1051 2111 1136 2194 ἑνὸς

109 2225 306 2298 διπλασίους
329 2225 428 2287 εἰσίν·
451 2220 625 2288 καὶτοῦτο
644 2219 705 2306 μὲν
724 2219 803 2305 γάρ·
827 2217 900 2288 ἀλλ’
918 2216 969 2287 ὅτι
989 2217 1007 2288 5
1026 2217 1126 2306 λόγος

110 2321 262 2392 ὁέκτοὸν
278 2325 340 2394 δύο
356 2325 532 2405 διπλάσιός
547 2329 648 2412 ἐστιν,
668 2323 747 2412 ὡςῆ
761 2317 785 2392 δ
796 2332 818 2412 β
834 2318 1126 2412 καὶπάλινδχᾶ,
1145 2343 1179 2394 20

109 2428 127 2497 5
153 2429 214 2516 μὲν
238 2423 301 2499 οὖν
324 2430 425 2518 λόγος
453 2431 645 2518 διπλάσιος,
677 2430 714 2500 τὸ
750 2431 788 2500 δὲ
815 2433 957 2520 μέγεθος
984 2434 1037 2501 ἐπὶ
1065 2431 1127 2519 μέν

110 2539 294 2605 διπλασίων
327 2541 389 2605 τοῦ
421 2540 588 2625 μεγέθους
615 2536 876 2624 τετραπλάσιον,
909 2539 962 2607 ἐπὶ
990 2538 1028 2607 δὲ
1059 2542 1136 2626 αρἰ-

110 2647 213 2707 πλασί
214 2669 261 2709 ων
284 2641 522 2730 ἐνναπλάσιον,
543 2644 599 2711 ἐπὶ
618 2643 655 2711 δὲ
674 2650 923 2731 τετραπλασίων
942 2645 1126 2725 ἑξκαίδεκα-

111 2744 268 2814 πλάσιον·
306 2752 475 2832 δείκνυται
505 2746 570 2836 γάρ
599 2752 635 2817 έν
665 2763 735 2831 τοῖς
763 2750 904 2837 εξῆς,”
884 2778 935 2819 οτι
962 2776 1003 2818 τα
1030 2748 1127 2836 μήκει

111 2851 270 2919 διπλάσια
295 2855 436 2942 δυνάμει
458 2851 681 2940 τετραπλάσια
699 2854 808 2922 καί
772 2881 813 2922 τα
832 2853 1010 2942 τριπλάσια
1029 2851 1127 2940 μήκει
1144 2870 1179 2923 νδ

111 2958 319 3026 ἐνναπλάσια
347 2961 497 3046 δυνάμει.
545 2953 632 3028 5
592 2987 655 3029 ουν
682 2960 782 3048 λόγος
809 2972 878 3029 τῶν
907 2957 1126 3047 τετραγώνων

64 3197 66 3202 Ι
181 3124 223 3173 τε
244 3119 290 3173 v⁰
363 3124 406 3173 νο.
425 3118 572 3174 νοντα.

181 3268 204 3317 9
226 3257 326 3332 δέ]δή
346 3259 379 3315 V.
472 3264 513 3315 11.
534 3257 635 3348 &flavi
653 3259 687 3317 V
781 3268 822 3316 16.
843 3257 913 3315 ὅταν
932 3244 1014 3315 δέΒ.
1094 3253 1125 3333 ᾖ]

109 3334 174 3420 post
192 3348 246 3387 ras.
267 3333 357 3398 λάλο
378 3331 407 3387 F.
478 3336 520 3386 1⁷.
539 3327 658 3402 πρός]
641 3352 678 3394 ως
695 3332 717 3385 F
737 3349 829 3402 comp.
894 3337 937 3387 23.
957 3326 1127 3387 ἑκκαιδεκα·

108 3401 277 3459 πλάσιονΒ.
348 3409 390 3458 24.
411 3397 531 3474 ἐν]οω
550 3401 581 3454 Ρ.
641 3399 764 3472 μήκηΡ
834 3408 876 3459 25
896 3394 1021 3472 μῆκηΡ.
1081 3406 1127 3459 2⁶.

109 3470 300 3528 ἰννεαπλάσια
318 3473 349 3528 Β
1077 3472 1134 3585 J

937 3552 998 3610 w
1055 3560 1080 3585 ,κ
