2362 3796
92 141 158 207 276
236 143 392 196 SGHOLIA
409 145 448 196 IN
465 143 740 196 ELEMENTORUM
757 141 897 193 LIBRUM
909 141 956 192 IV.

92 293 160 352 ίσαι
187 289 261 352 είσί.
317 287 384 351 τῶν
412 275 475 352 οὖν
508 282 571 351 δύο
602 285 751 351 ἐνταῦθα
782 293 855 363 ταῖς
887 281 988 350 δυσὶν
1019 288 1105 349 ίσων

91 392 302 477 γιγνομένων
333 401 393 476 τῆς
424 389 486 476 μὲν
516 387 582 458 ὑπὸ
612 395 714 457 ΘΑΓ
741 390 782 477 τῇ
809 386 875 456 ὑπὸ
901 395 1019 475 ΔΕΖ,
1045 398 1108 473 τῆς

93 496 131 564 δὲ
157 493 224 565 ὑπὸ
250 503 355 565 ΗΑΒ
387 506 426 584 τῇ
454 494 518 563 ὑπὸ
547 502 652 563 ΔΖΕ
676 500 821 563 λείπεται
849 491 937 563 εἶναι
963 493 1020 561 καὶ
1047 490 1108 573 τὰς

92 600 154 670 δύο
186 608 311 688 γωνίας
341 600 399 681 τὰς
430 604 611 682 λειπούσας
641 599 772 681 εἰςτὰς
798 605 868 670 τών
894 599 958 668 δύο
987 597 1107 685 ὀρθῶν

56 713 247 794 σσυζυγίας
275 716 348 789 ίσας
375 708 550 794 ἀλλήλαις,
578 710 663 793 λέγω
689 705 732 795 δή
759 707 821 794 τήν
848 705 913 775 ὑπὸ
938 712 1042 774 ΒΑΓ
1065 709 1106 795 τῇ

90 810 157 881 ὑπὸ
181 821 291 881 ΕΔΖ.
337 813 396 882 ἐὰν
418 812 483 901 γὰρ
506 811 572 882 ἀπὸ
596 820 682 881 ίσων
705 821 762 881 ίσα
785 810 925 903 ἀφέλής,
946 810 987 881 τά
1009 839 1106 881 κατα·

91 918 269 1005 λειπόμενα
297 928 353 987 ίσα
381 918 538 1007 ἀλλήλοις
565 924 660 987 είσίν.
701 917 785 987 ιιατά
812 919 874 1007 μὲν
903 923 1023 988 τοίνυν
1044 944 1107 986 τον

91 1024 196 1094 αὐτὸν
219 1026 323 1112 λόγον
347 1027 457 1093 ἕπεται
481 1022 569 1094 εἶναι
591 1027 625 1106 ἐξ
647 1023 797 1111 ἀνάγκης
817 1025 874 1093 καί
898 1023 979 1094 ὅλον
1007 1022 1045 1093 τὸ
1069 1026 1107 1093 ἐν

91 1135 137 1221 τῷ
151 1130 263 1221 κύκλῳ
279 1130 420 1218 γεγονὸς
437 1137 605 1218 τρίγωνον
624 1131 808 1217 ίσογώνιον
821 1130 889 1222 ὅλςο
905 1134 952 1224 τῷ
968 1131 1107 1199 δοθέντι

40 1261 74 1311 10
90 1236 242 1328 τριγώνῳ
266 1242 310 1328 τῷ
335 1245 444 1306 ΔΕΖ.

160 1346 212 1411 10.
251 1347 293 1410 Ec
318 1341 382 1429 γάρ
410 1343 535 1423 παντὸς
561 1342 730 1429 τριγώνου
758 1347 795 1410 αί
815 1371 838 1429 γ
862 1348 982 1430 γωνίαι
1007 1343 1108 1411 δυσὶν
1155 1414 1161 1429 .

92 1446 213 1537 ὀρθαῖς
240 1456 309 1517 ίσαι
341 1454 443 1536 εἰσίν,
476 1447 520 1529 ώς
548 1451 587 1517 ἐν
616 1452 662 1540 τῷ
686 1448 741 1536 λβ’
764 1449 958 1578 θεωρήματι
986 1459 1049 1517 τοῦ
1072 1449 1108 1516 α’

92 1560 226 1642 βιβλίου
245 1562 388 1642 εἴρηκεν,
407 1555 578 1643 ἐμάθομεν
600 1554 637 1623 33
656 1554 764 1635 σάσας
781 1554 840 1636 τὰς
859 1552 965 1644 ὀρθὰς
982 1560 1110 1641 γωνίας

92 1671 166 1742 ίσας
184 1659 343 1747 ἀλλήλαις
362 1659 460 1747 είναι,
479 1659 580 1730 ἐάν”
558 1688 625 1748 αρα
640 1660 773 1729 δύοί
716 1667 773 1748 τρί
771 1688 864 1748 γωυα
877 1660 936 1742 τὰς
949 1667 971 1748 β
982 1666 1111 1747 γωνίας

40 1790 73 1840 15
91 1781 163 1847 ταῖς
192 1767 271 1834 δνσὶ
298 1772 436 1852 γωνίαις
464 1775 538 1847 ίσας
566 1765 690 1855 ἔχή,’
672 1765 802 1853 ανάγιιή
829 1767 884 1834 καὶ
911 1765 973 1854 τήν
1001 1765 1110 1853 ἀλλην

92 1879 220 1959 γωνίαν
244 1876 283 1960 τῇ
308 1874 402 1964 ἑτέρᾳ
420 1878 527 1963 γωνίᾳ
546 1881 623 1959 ίσήν
645 1869 744 1958 εἶναι,
766 1871 812 1940 ἵν’
835 1871 885 1941 ἐπ’
908 1870 1109 1961 ἀμφοτέρων

91 1984 161 2048 τών
182 1978 358 2067 τριγώνων
381 1991 485 2069 συστῇ
508 1979 546 2048 τὸ
569 1979 629 2059 τὰς
651 1985 678 2064 γ’
703 1984 829 2076 γωνίας
856 1979 957 2047 δυσὶν
985 1977 1110 2064 ὀρθαῖς

94 2093 168 2165 ίσας
190 2083 285 2154 εἶναι.
389 2122 391 2126 ·

164 2195 212 2258 ll.
250 2190 411 2259 Λυνατὸν
435 2192 472 2260 33
494 2193 550 2260 καί
578 2196 626 2271 είς
648 2190 685 2260 τὸ
714 2190 821 2259 δοθὲν
848 2195 959 2278 τμῆμα
981 2191 1113 2260 κύκλου

41 2321 76 2371 20
95 2295 296 2380 ἰσόπλευρον
318 2297 432 2382 μέντοι
456 2299 615 2383 ἐντεῖναι,
643 2297 754 2365 οὐκέτι
786 2296 823 2364 δὲ
850 2294 1064 2381 τετράγωνον
1088 2294 1111 2384 ή

93 2400 176 2469 ἀλλο
198 2427 230 2468 τι
252 2405 320 2469 τών
343 2401 558 2488 πολυγώνων.
596 2407 678 2470 ἔστω
702 2401 767 2490 γάρ
793 2400 831 2469 τὸ
858 2407 963 2469 ΑΒΓ
980 2402 1037 2469 καὶ
1057 2404 1113 2471 ἐστὶ

94 2563 307 2576 .——

169 2654 209 2705 10
228 2649 291 2704 Ab1
305 2649 419 2717 (Coislu)
475 2655 515 2703 11.
531 2649 677 2707 PBFVat.
692 2652 737 2720 (ex
749 2667 780 2705 re
793 2650 857 2720 ipsa
871 2650 998 2720 adparet,
1012 2655 1115 2721 τμῆμα

95 2719 166 2774 illud
185 2719 390 2775 semicirculum
409 2721 490 2788 esse).

168 2955 192 3004 ὁ
212 2950 354 3021 συζυγίας]
373 2965 463 3019 comp.
479 2949 635 3004 dubiumr.
692 2954 732 3004 11.
752 2946 914 3019 σχόλιονΑ.
975 2954 1017 3003 12.
1039 2949 1114 3005 είσίν

96 3035 319 3123 -θεωρήματή
334 3032 449 3091 scama&
465 3036 516 3090 τοῦ
531 3033 574 3108 λβ’
589 3036 621 3092 Α.
678 3042 719 3092 13.
741 3038 865 3109 είρηνεν]
881 3032 995 3126 ειμμὶ),
1007 3054 1064 3093 om.
1079 3039 1116 3098 A.

133 3103 338 3178 ίμάθομεν-
363 3113 403 3161 14.
429 3103 518 3178 εἷναι]
548 3104 620 3160 αίδ
603 3104 746 3177 δὲόρθαὶ
768 3111 870 3178 γωνίαι
893 3111 953 3163 ἴσαι
977 3104 1117 3178 ἀλλήλαις

99 3176 141 3233 είσ
142 3179 215 3233 ίνΑ.
273 3185 312 3233 13.
326 3178 378 3265 δέ]
399 3175 475 3240 (fieb.
535 3182 575 3233 15.
596 3179 659 3232 δυσί
673 3180 800 3250 γωνίαις]
815 3180 943 3235 θυσινΑ
1001 3177 1116 3250 ἕχειΑ.

134 3245 184 3303 ἀλλ
185 3250 231 3321 ην]
252 3246 352 3317 λοιπήν
371 3249 404 3304 A
492 3255 532 3303 16.
558 3244 640 3324 ἕτὲρα
658 3250 763 3325 γωνία]
783 3250 865 3322 λοιπή
886 3253 918 3304 A
1006 3252 1058 3306 ἵνα
1078 3254 1115 3308 A.

135 3317 183 3373 ἐπί
198 3320 231 3374 A.
324 3326 363 3375 19.
384 3318 426 3382 εις
443 3315 524 3390 τοβ
545 3304 661 3376 PFVfat.
752 3326 794 3375 20.
815 3305 992 3375 ἕκτοιναιΒ
1079 3323 1116 3381 δὲ

98 3386 466 3472 τοτράγωνον]δετερνῖίαλ.
521 3394 563 3447 21.
580 3387 662 3462 ἔστω]
677 3386 971 3462 ήμινύνλιονέστωΒ.
1022 3395 1120 3468 ΑΒΓ]

83 3480 171 3530 ΑΓΒ
186 3476 255 3546 A·
242 3496 272 3534 m
291 3478 318 3533 Β
336 3495 420 3537 θααο.
