2362 3796
97 151 163 216 680
371 150 553 203 ΔΡΡοαοω
572 151 842 205 scflomossvm

97 292 135 359 δὲ
159 299 228 358 ἴσαι
252 293 290 357 αἴ
310 289 394 377 πρὸς
412 295 458 383 τῷ
479 298 506 358 Ζ
524 291 580 358 καῖ
594 297 632 375 Γ,
657 294 755 376 διπλῆ
776 293 868 359 ἐστιν
890 289 914 378 ἡ
935 290 1012 362 ὑπὸ
1028 300 1129 362 ΑΔΓ

95 400 155 482 τῆς
177 395 262 482 πρὸς
284 400 329 487 τῷ
354 404 381 463 Ζ
404 402 537 482 γωνίας.

165 506 194 569 5.
240 505 353 586 Διπλῇ
386 501 452 588 ἄρα
484 528 514 589 p.
539 506 569 588 6,
592 505 627 586 3]
661 500 718 569 διὰ
748 501 786 570 τὸ
812 500 854 570 τὰ
884 501 1127 573 ὑποδιπλάσιί

97 633 189 686 τινος
213 608 372 675 διπλάσια
396 605 484 675 εἴναι
506 618 568 674 τοῦ
590 605 904 694 ὑποτετοαπλασίου
928 610 1085 680 ἐκείνου.

61 737 79 786 5
165 717 194 779 6.
223 711 318 780 Ἔστι
347 713 384 780 δὲ
411 712 467 780 καῖ
494 710 515 798 ἡ
546 710 612 780 ὑπὸ
640 719 742 780 ΕΖΓ
768 740 798 800 p.
822 717 857 799 6,
881 717 921 798 4]
959 715 1034 784 δύο
1068 715 1127 803 γὰρ

97 823 245 904 τρίγωνα
268 816 307 886 τὰ
330 823 448 902 ΗΓΕ,
473 823 569 884 ΕΓΖ
595 816 654 896 τὰς
682 819 743 885 δύο
772 815 922 905 πλευρὰς
946 834 1032 900 ταῖς
1056 821 1127 890 σνσῖ

97 931 256 1010 πλευραῖς
285 930 358 1002 ἴσας
386 927 452 1009 ἔχει
480 921 617 1002 καὶτὰς
645 920 729 1008 πρὸς
750 926 797 1013 τῷ
821 928 853 987 Ε
878 932 1022 1007 γωνίας
1047 934 1128 1005 ἴσας·

99 1026 202 1115 ὀρθαὶ
230 1027 308 1114 γάρ·
345 1029 401 1094 καῖ
427 1027 490 1113 τὴν
518 1026 619 1112 βάσιν
646 1030 687 1115 τῇ
715 1026 811 1112 βάσει
840 1034 922 1113 ἴσην
953 1031 1030 1111 ἔξει
1058 1030 1128 1118 ἦτοι

97 1131 159 1219 τὴν
178 1140 249 1200 ΗΓ
268 1136 307 1221 τῇ
327 1138 388 1199 ΓΖ
410 1133 466 1199 καῖ
489 1129 548 1212 τὰς
570 1137 694 1218 γωνίας
717 1130 776 1212 τὰς
797 1129 882 1220 πρὸς
901 1137 950 1224 τῷ
969 1141 1016 1202 Η
1033 1138 1127 1204 καῖΖ

47 1264 80 1312 ιο
100 1246 184 1323 ἴσας,
208 1236 268 1324 ὑφ’
290 1235 330 1317 ἃς
353 1241 391 1304 αἴ
412 1246 482 1304 ἴσαι
504 1237 644 1326 πλευραὶ
666 1233 892 1304 ὑποτείνουσα

168 1349 197 1412 λ.
243 1343 316 1430 Ἴση
349 1342 415 1432 ἄρα
446 1343 501 1410 καῖ
528 1340 549 1428 ἡ
582 1350 660 1411 ΔΗ
687 1347 728 1431 τῇ
757 1348 821 1409 ΖΓ
852 1366 883 1426 p.
914 1346 952 1429 6,
987 1351 1027 1432 7]
1066 1375 1128 1436 τρι-

99 1448 215 1536 γωνον
237 1448 303 1538 γὰρ
326 1453 387 1516 τοῦ
406 1454 517 1516 ΗΔΓ
536 1446 629 1528 ἐκτός
653 1452 722 1518 ἐστι
744 1453 850 1534 γωνία
873 1443 896 1534 ἡ
917 1444 995 1519 ὑπὸ
1018 1459 1128 1538 ΕΗΓ,

99 1561 159 1622 καί
185 1557 274 1624 ἐστιν
308 1563 363 1640 ἴση
398 1555 476 1622 δνσὶ
502 1567 575 1635 ταῖς
602 1553 697 1634 ἐντὸς
726 1555 782 1622 καῖ
809 1550 1031 1626 ἀπεναντίον
1059 1557 1128 1646 ἤτοι

99 1674 173 1740 ταῖς
190 1661 273 1751 πρὸς
291 1665 336 1751 τῷ
351 1668 385 1726 Δ
403 1659 459 1727 καὶ
473 1666 509 1727 Γ.
547 1665 617 1728 ἔστι
641 1660 678 1728 δὲ
700 1664 759 1746 τῆς
780 1657 864 1749 πρὸς
882 1663 930 1751 τῷ
953 1673 995 1728 Δ
1017 1668 1128 1750 διπλῆ·

49 1790 82 1839 15
100 1767 157 1834 καὶ
179 1771 239 1852 της
260 1766 344 1853 πρὸς
371 1771 416 1859 τῷ
441 1773 473 1834 Γ
495 1765 569 1853 ἄρα.
616 1774 670 1852 ἴση
694 1764 759 1855 ἄρα
786 1763 807 1852 ἡ
832 1762 918 1852 πρὸς
947 1773 1004 1860 τῷ
1032 1781 1067 1838 Δ
1093 1772 1130 1858 τῇ

101 1871 184 1961 πρὸς
205 1878 251 1965 τῷ
276 1880 320 1941 Γ·
345 1882 400 1957 ἴση
424 1871 489 1957 ἄρα
512 1870 533 1959 ἡ
558 1879 635 1940 ΔΗ
653 1870 780 1956 πλευρὰ
801 1881 840 1957 τῇ
864 1876 943 1938 ΗΓ.

169 1983 200 2047 8.
233 1976 322 2046 Ἐπεὶ
341 1978 406 2065 γὰρ
424 1979 567 2058 κάθετος
586 1977 758 2046 ὑπόκειται
775 1974 795 2062 ἡ
812 1985 845 2043 Δ
851 1982 878 2042 Ζ
899 1977 955 2044 ἐπὶ
973 1979 1045 2068 τὴν
1061 1988 1130 2065 ΒΓ,

101 2110 122 2169 η
146 2091 178 2149 Α
185 2090 212 2150 Ζ
244 2082 310 2170 ἄρα
342 2087 543 2169 ἐκβληθεῖσα
568 2084 621 2153 ἐπὶ
644 2083 681 2152 τὸ
706 2090 738 2150 E
763 2079 870 2170 ὀρθὰς
898 2084 1048 2170 ποιήσει
1079 2088 1131 2156 καῖ

102 2187 161 2266 τὰς
183 2186 248 2256 ὑπὸ
268 2195 375 2273 ΒΖΕ,
393 2194 502 2255 ΓΖΕ·
534 2187 593 2256 ἐὰν
616 2188 679 2276 γὰρ
704 2186 767 2256 δύο
939 2213 985 2271 Α

47 2320 84 2369 20
103 2291 235 2360 εὐθεῖαι
253 2294 417 2378 τέμνωσιν
436 2290 592 2380 ἀλλήλας,
611 2293 669 2374 τὰς
684 2294 768 2361 κατὰ
826 2280 960 2666 l

102 2396 259 2483 κορυφὴν
282 2403 406 2483 γωνίας
430 2405 504 2478 ἴσας
522 2396 679 2485 ἀλλήλαις
697 2425 769 2467 ποι-

102 2501 233 2588 ήσουσι.
280 2507 349 2571 ἔστι
378 2504 415 2571 δὲ
437 2504 493 2571 καὶ
516 2502 536 2589 ἡ
560 2503 645 2592 πρὸς
665 2509 712 2596 τςό
736 2515 769 2573 Δ

103 2611 210 2693 γωνία
234 2615 288 2694 ἴση
312 2621 351 2697 τῇ
370 2609 453 2697 πρὸς
470 2614 517 2701 τῷ
536 2616 578 2676 Ε·
603 2612 770 2693 ίσοσκελῖς
802 2656 834 2710 B
848 2281 1112 2678 h

102 2711 169 2799 γὰρ
192 2711 230 2780 τὸ
251 2722 356 2782 ΔΒΕ
376 2721 542 2802 τρίγωνον
566 2714 623 2783 διὰ
641 2716 678 2784 τὸ
700 2718 769 2798 ἐξα·
850 2660 1131 2805 ’,Γ

49 2844 86 2894 25
104 2817 220 2904 γω’νον
241 2818 390 2908 πλευρὰν
409 2819 577 2907 εἶναιτὴν
595 2829 668 2906 ΒΕ,
692 2831 770 2908 ἴσην
941 2812 983 2870 Ε

106 2923 144 2991 δὲ
169 2923 256 2992 εἶναι
279 2924 382 3013 ταύτη
406 2925 467 3010 τὴν
492 2928 527 2994 ἐκ
549 2931 610 2994 τοῦ
633 2928 773 3014 κέντρον
792 2929 853 3016 τὴν
873 2938 950 2999 ΔΒ.
994 2936 1066 3005 δύο
1093 2938 1137 3023 δὴ

104 3036 253 3117 τρίγωνα
271 3028 311 3096 τὰ
327 3037 438 3116 ΔΒΖ,
454 3036 552 3097 ΖΒΕ
569 3032 729 3117 ίσογωναί
744 3039 842 3102 είσιν·
867 3032 1051 3124 ἀνάλογον
1068 3043 1137 3133 ἄρα

127 3330 130 3334 ,
178 3267 200 3314 5.
221 3259 268 3313 τ’.
342 3266 366 3314 6.
385 3259 433 3314 τ’.
507 3266 531 3314 τ.
556 3257 601 3316 v2.
675 3265 699 3316 ε.
719 3261 759 3315 τ’
778 3260 936 3333 (ηοω).

96 3395 318 3406 .-..-.--.--

61 3510 93 3572 .
176 3487 201 3538 7.
223 3481 303 3537 Ante
324 3473 385 3550 ἔχει
404 3473 462 3531 ἀεὶ
480 3471 586 3528 mm.
653 3476 701 3522 Χὶ.
716 3468 884 3537 τὶλτλςνῑὶ,
