2362 3796
209 146 365 199 SOHOLIA
383 147 422 197 IN
440 145 714 198 ELEMENTORUM
732 145 870 196 LIBRUM
884 146 917 198 X.
1004 142 1070 206 493

14 308 16 313 ·
53 287 207 376 ἀριθμοῦ
235 285 377 354 δύναται
404 289 442 353 τὸ
470 284 535 353 όπὸ
563 288 623 370 τῆς
644 292 691 369 Α,
724 282 798 372 ἤτοι
826 290 1070 352 πολλαπλασια-

56 393 198 481 ζομένον
216 395 278 462 τοῦ
296 384 318 478 6
337 396 384 472 εἰς
401 391 440 458 τὸ
460 396 541 477 ᾶμῖγ
554 395 592 458 νε
609 396 737 476 γίνεται
755 388 793 458 τὸ
811 381 917 476 ᾦιῖζν
933 397 1069 477 χωρίον,

57 499 161 588 ὅπερ
164 499 232 568 ἐστὶ
255 497 292 568 τὸ
316 496 382 567 ότιὸ
405 501 465 585 τῆς
487 498 597 585 μέσης.

125 610 198 677 164.
239 603 284 675 Τό
314 602 379 674 ιἰιτὸ
408 606 510 692 μέσης
536 631 605 733 χωρ
607 610 661 672 ίον
692 602 730 673 τό
765 601 846 672 αὐτὸ
879 601 1003 684 θὲς
972 630 1070 688 ειναι,

57 712 140 801 ὅπερ
164 721 300 798 εἴπομεν
328 711 443 779 καλέ
412 714 460 791 εἰς
481 710 519 780 τὸ
543 709 599 778 ια’
618 708 783 841 θεώρημα
811 711 917 796 μέσην
945 708 1071 795 ἄλογον
1109 732 1124 781 ο

55 821 132 907 ἤτοι
150 817 190 888 τὰ
210 847 231 907 ν
211 824 287 900 κζ
303 821 395 900 ζ
303 843 406 904 ιη,
429 815 511 904 ότερ
529 813 586 885 ὑπ’
583 813 808 907 ἀμφοτέρων
831 820 900 885 τῶν
917 820 1072 903 πλευρῶν

58 925 190 1011 ἐγένετο
213 928 274 992 τοῦ
298 929 318 995 ξ
340 924 480 992 καὶτοῦ
504 910 534 1008 6.
574 926 674 990 τοῦτο
699 913 762 991 οὖν
786 920 846 990 έόιν
869 926 1072 1011 παραβληθῇ

57 1028 148 1118 ταρὰ
179 1028 243 1116 τὴν
275 1026 423 1116 πλευρὰν
455 1032 516 1097 τοῦ
548 1025 694 1116 τρία,”
675 1051 756 1114 οιτερ
783 1025 907 1106 ταύτόν
931 1031 1000 1097 ἐστι
1026 1032 1073 1120 τῷ

58 1145 216 1225 μερισθῆ,
240 1133 458 1265 εὑρεθήσεται
482 1136 517 1202 ἐκ
540 1137 601 1202 τοῦ
623 1132 917 1223 ἑτιμοιρασμοῦ
883 1160 921 1202 το
940 1134 1073 1215 τιλότος.

57 1254 120 1312 τοῦ
149 1242 211 1327 μὲν
240 1232 303 1310 οὖν
326 1270 348 1329 γ
374 1237 395 1329 6
422 1241 549 1331 αλευρό
581 1242 717 1309 έστιί
677 1247 735 1327 μία
763 1268 808 1327 μγ
830 1246 884 1326 νἐ,
916 1241 1001 1329 πρὸς
1027 1238 1125 1328 6610

57 1347 100 1418 τὰ
120 1336 253 1434 γκζνζ
213 1375 302 1478 ννη
325 1346 649 1478 ταραβαλλόμενα”
627 1374 702 1435 ητοι
724 1347 922 1435 μεριζόμενα
940 1351 1073 1434 ποιήσει

60 1451 184 1534 πλάτος
213 1453 319 1523 αὐτὸν
346 1453 408 1525 τὸν
429 1445 519 1541 6,‘'
500 1478 581 1542 οπερ
604 1456 737 1533 ττλότος
769 1454 872 1543 ῥητὸν
904 1455 965 1540 μέν
993 1455 1072 1538 ἐστι,

61 1558 175 1647 ἐπειδὴ
208 1559 308 1642 αὐτός
336 1558 475 1629 ἐστιν
460 1587 477 1628 ο
507 1557 696 1647 6666669‘
681 1587 698 1628 ο
726 1551 762 1645 6,
793 1558 1007 1687 ἀσύμμετρον
1036 1562 1073 1628 δε

60 1665 159 1753 μήκει
187 1663 374 1754 εὑρίσκεται
400 1670 440 1756 τῇ
469 1670 529 1736 τοῦ
557 1672 634 1753 τρία
660 1670 803 1758 πλευρᾷ,
835 1664 919 1755 πρὸς
947 1662 991 1752 ἣν
1017 1667 1073 1733 καὶ

59 1774 265 1861 παράκειται,
283 1772 434 1841 τουτέστι
453 1770 531 1859 μεθ’
547 1762 587 1859 ἧς
608 1771 845 1859 συμπληροῖ
814 1799 852 1840 το
867 1772 1073 1878 ταραλληλό-
1094 1792 1126 1841 15

58 1904 222 1966 νοιονον·

130 1987 201 2053 165.
243 1982 288 2053 Τό
312 1974 377 2053 όιιό
398 1985 501 2071 μέσης
519 2011 547 2072 p.
564 1988 614 2075 64,
630 1988 664 2069 5]
688 1986 726 2053 τὸ
745 1983 810 2053 ἀπὸ
829 1985 930 2072 μέσης
948 1980 1073 2052 ταύτόν

60 2092 129 2158 ἐστι
152 2094 198 2183 τῷ
223 2091 282 2158 ἐὰν
304 2090 417 2176 μέσον.

131 2199 204 2263 166.
246 2194 315 2262 Διὰ
346 2195 418 2282 τὴν
441 2193 608 2265 ὑπόθεσιν
640 2195 723 2283 ῥητή
756 2198 845 2265 ἐστιν
878 2193 898 2283 6
926 2202 987 2264 ΓΒ
1018 2196 1074 2263 καὶ

60 2299 99 2369 τὸ
124 2299 180 2366 ἆτ’
204 2297 322 2386 αὐτῆς,
346 2299 449 2387 ῥητὸν
474 2300 511 2369 66
534 2300 650 2370 καὶτὸ
675 2299 740 2370 ιἰιιὸ
763 2305 823 2387 τῆς
844 2309 908 2368 ΕΖ
932 2301 1073 2387 δυνάμει
1093 2323 1127 2373 20

61 2404 326 2475 κατεσκεύασται.

407 2533 464 2598 Ad
486 2556 591 2619 prop.
614 2533 732 2600 xxm

134 2655 205 2720 167.
237 2649 282 2720 Ἡ
305 2653 434 2742 μέση’
416 2653 481 2723 αττό
510 2659 571 2724 τοῦ
599 2655 653 2723 αα’
677 2650 894 2745 θεωρήματός
922 2658 990 2723 ἐστι
1019 2682 1074 2743 μο-

64 2754 211 2836 νόθος·
187 2785 207 2824 α
228 2785 271 2825 να
290 2786 324 2846 μ,
347 2757 368 2846 6
388 2758 457 2827 B‘
440 2787 461 2846 6
484 2766 524 2848 τῇ
548 2762 631 2849 μέση
651 2761 836 2889 σύμμετρος
853 2754 970 2849 όμζλ
951 2753 1077 2847 ,ἥτις

66 2861 215 2947 ἔχειτὸν
244 2861 402 2950 ἡμιόλιον
425 2866 529 2951 λόγον
557 2865 640 2953 πρὸς
666 2866 728 2955 τὴν
752 2877 792 2936 A.
838 2866 858 2955 6
883 2895 904 2953 γ
926 2870 994 2935 ἐστι
1018 2892 1076 2952 μο-
1096 2884 1129 2934 25

65 2965 182 3036 νόόων
200 2973 304 3057 τριῶν
325 2970 418 3059 ῥητή.
456 2970 494 3040 τὸ
514 2977 600 3058 γοῦν
623 2970 688 3042 ιἰττὸ
707 2978 766 3061 τῆς
783 2972 866 3061 A‚‘'
847 2998 927 3062 οπερ
948 2973 1016 3040 ἐστὶ
1034 2998 1074 3040 τα

65 3079 142 3159 γιιζ
158 3080 268 3160 μθ““
226 3097 267 3146 τις
286 3103 320 3163 μ,
343 3077 541 3165 παραβληθὲ
543 3106 563 3146 ν
582 3078 671 3168 παρὰ
690 3079 752 3167 τὴν
769 3087 841 3153 ΓΔ
848 3077 972 3176 πλάτος
989 3093 1080 3147 ποιει

136 3256 195 3307 164.
216 3259 293 3322 6⁰3⁶
281 3248 363 3316 cs
334 3273 366 3308 το
382 3251 428 3326 νβ
445 3261 482 3324 q0.
542 3262 601 3312 166.
620 3257 651 3312 P.
708 3263 767 3313 166.
787 3253 871 3326 Vb(q
872 3258 891 3326 ).
948 3263 1006 3312 167.
1027 3254 1075 3312 Vb.

79 3499 95 3537 0
127 3414 272 3541 ..όνμέσην
291 3410 413 3488 ἄλογον]
434 3431 486 3472 scr.
506 3414 593 3486 μέσον
611 3413 771 3486 ιἰνοὶλομονλ
861 3421 907 3472 20.
931 3416 1008 3484 Ezk
1024 3420 1049 3468 Z
1064 3434 1084 3467 z

62 3500 77 3539 0
97 3501 125 3538 Π
