2362 3796
302 931 501 1027 Appcndix
528 933 759 1006 scholiorum
786 933 846 1007 IV.

379 1107 559 1164 BAPAAAM
572 1105 766 1158 MONAXOT

106 1199 285 1272 άριθμητικη
307 1195 454 1266 ἀπόδειξις
470 1202 526 1255 τῶν
544 1201 709 1270 μραμμιιιῶς
728 1196 760 1255 ἒν
778 1202 817 1275 τῷ
836 1200 959 1273 δευτέρῳ
979 1201 1035 1254 τῶν

367 1280 512 1348 στοιχείων
531 1275 775 1349 ἀποδειχθέντων.

507 1400 623 1488 Ὅροι.

126 1527 291 1614 Ἀριθμὸν
323 1525 478 1613 άριθμὸν
509 1527 811 1609 πολλαπλασιάζειν
845 1529 947 1614 λέγω,
986 1529 1079 1614 ὅταν,

63 1631 144 1702 ὅσαι
158 1633 245 1700 εἰσὶν
259 1634 355 1726 ἐντῷ
369 1632 692 1714 πολλαπλασιάζοντι
706 1636 863 1721 μονάδες,
881 1632 1081 1714 τοσαυτάκις

60 1737 239 1818 συντεθεὶς
261 1735 280 1806 ὁ
303 1739 673 1826 πολλαπλασιαζόμενος
695 1739 820 1829 ποιῇσῇ
843 1741 936 1826 τινά,
960 1737 1002 1808 ὃν
1024 1741 1080 1808 καλ

63 1856 179 1932 μετρεῖ
197 1843 280 1912 κατὰ
302 1844 362 1924 τὰς
385 1846 422 1913 ἐν
444 1850 490 1936 τῷ
513 1845 835 1927 πολλαπλασιάζοντι
858 1847 1018 1934 μονάδας.
1116 1865 1134 1917 5

128 1955 219 2020 καλά
243 1948 275 2018 δ’
297 1947 402 2018 αὐτὸν
420 1949 482 2018 τὸν
501 1952 537 2018 ἐκ
556 1952 687 2020 τούτων
705 1952 892 2039 γενόμενον
911 1955 1079 2021 ἐπίπεδον.

56 2056 275 2143 τετράγωνον
295 2052 327 2122 δ’
344 2053 495 2143 ἀριθμὸν
514 2058 598 2143 λέγω
617 2057 679 2126 τὸν
697 2059 885 2146 γενόμενον
903 2056 969 2127 άπό
988 2085 1081 2138 τινος

57 2160 186 2231 ἑαυτὸν
208 2161 571 2243 πολλαπλασιάσαντος.

131 2265 281 2354 ἀριθμὸν
307 2264 461 2354 ἀριθμοῦ
489 2269 590 2356 μέρος
616 2270 701 2355 λέγω
732 2269 793 2339 τὸν
826 2268 986 2338 ἐλάττονα
1017 2281 1079 2337 τοῦ

58 2377 224 2462 μείζονος,
248 2371 292 2440 άν
313 2399 349 2441 τε
373 2379 475 2461 μετρῇ
498 2371 543 2441 άν
564 2400 600 2443 τε
623 2374 668 2462 μὴ
693 2381 795 2465 μετρῇ
817 2375 878 2445 τὸν
902 2381 1044 2463 μείζονα.
1099 2395 1133 2444 10

549 2595 570 2635 α
586 2622 593 2636 .

129 2684 211 2753 Ἐὰν
234 2684 297 2753 δύο
318 2684 474 2774 ἀριθμῶν
494 2687 605 2757 ὄντων
624 2692 783 2778 διαιρεθῇ
802 2687 819 2757 ὁ
840 2691 952 2776 ἕτερος
965 2692 1079 2759 αὐτῶν

63 2797 114 2871 εἰς
137 2788 413 2876 ὁσουσδηποτοῦν
435 2794 614 2883 ἀριθμούς,
639 2792 657 2862 ὁ
682 2797 718 2863 ἐκ
740 2799 809 2863 τῶν
832 2797 866 2876 ἐξ
888 2795 992 2882 ἀρχῆς
1016 2795 1079 2862 δύο

138 2985 221 3040 Hunc
243 2984 372 3040 libellum
394 3003 427 3042 cx
450 2989 574 3043 editione
603 2988 685 3044 (ἔστι.
705 2986 861 3057 Dasypodii
888 2989 1081 3058 (Argentorati

65 3059 155 3126 1564)
178 3055 285 3127 recepi,
312 3055 417 3112 nullius
443 3059 549 3113 codicis
572 3075 627 3128 opc
655 3059 777 3115 adiutus.
818 3060 1081 3130 interpretationem

61 3127 198 3186 Latinam
215 3126 326 3183 omissis
345 3127 556 3184 definitionibus
574 3131 662 3184 habet
677 3128 894 3186 Commandinuc
912 3131 960 3186 fol.
977 3136 1028 3184 104
1038 3147 1080 3198 sq.

61 3199 268 3270 discrepantias
286 3198 443 3270 Dasypodii
459 3199 535 3254 infra
553 3201 696 3270 adscripsi

12 3398 20 3445 ἱ.
133 3384 160 3434 4.
179 3373 300 3447 ποιήσει.
357 3381 401 3431 10.
419 3380 526 3447 μετρεῖ.
584 3383 697 3452 μετρεῖ.
751 3382 805 3434 n.
819 3373 1000 3448 προτάσεις.
1055 3356 1136 3424 σὺ·

14 3472 20 3485 ⁶
59 3467 139 3510 τνσις
154 3444 191 3500 α’
205 3443 354 3518 θεώρημα,
376 3449 407 3503 ολ
425 3445 471 3506 sic
489 3448 646 3528 deinceps.
