<?xml version="1.0" encoding="UTF-8"?>
<!DOCTYPE html PUBLIC "-//W3C//DTD XHTML 1.0 Transitional//EN"
    "http://www.w3.org/TR/xhtml1/DTD/xhtml1-transitional.dtd">
<html xmlns="http://www.w3.org/1999/xhtml" xml:lang="en" lang="en">
 <head>
  <title>
</title>
<meta http-equiv="Content-Type" content="text/html;charset=utf-8" />
  <meta name='ocr-system' content='tesseract 3.04.00' />
  <meta name='ocr-capabilities' content='ocr_page ocr_carea ocr_par ocr_line ocrx_word'/>
</head>
<body>
  <div class='ocr_page' id='page_1' title='image "./euclidisoperaom02unkngoog_0751.png"; bbox 0 0 2362 3796; ppageno 0'>
   <div class='ocr_carea' id='block_1_1' title="bbox 124 158 1025 223">
    <p class='ocr_par' dir='ltr' id='par_1_1' title="bbox 124 158 1025 223">
     <span class='ocr_line' id='line_1_1' title="bbox 124 158 1025 223; baseline -0.003 -8"><span class='ocrx_word' id='word_1_1' title='bbox 124 159 191 223; x_wconf 79' lang='grc'><em>634</em></span> <span class='ocrx_word' id='word_1_2' title='bbox 264 160 420 213; x_wconf 79' lang='lat' dir='ltr'>SCHOLIA</span> <span class='ocrx_word' id='word_1_3' title='bbox 438 162 477 211; x_wconf 79' lang='lat' dir='ltr'><em>IN</em></span> <span class='ocrx_word' id='word_1_4' title='bbox 495 158 768 211; x_wconf 76' lang='lat' dir='ltr'><strong>ELEMENTORUM</strong></span> <span class='ocrx_word' id='word_1_5' title='bbox 785 158 941 211; x_wconf 81' lang='lat' dir='ltr'><strong>LIBRUM</strong></span> <span class='ocrx_word' id='word_1_6' title='bbox 954 160 1025 213; x_wconf 87' lang='lat' dir='ltr'><strong>XII.</strong></span> 
     </span>
    </p>
   </div>
   <div class='ocr_carea' id='block_1_2' title="bbox 67 295 1150 2623">
    <p class='ocr_par' dir='ltr' id='par_1_2' title="bbox 124 295 1150 715">
     <span class='ocr_line' id='line_1_2' title="bbox 126 295 1150 388; baseline -0.001 -19"><span class='ocrx_word' id='word_1_7' title='bbox 126 304 391 387; x_wconf 82' lang='grc' dir='ltr'><em>αλληλεπίπεδον</em></span> <span class='ocrx_word' id='word_1_8' title='bbox 414 304 527 388; x_wconf 75' lang='grc' dir='ltr'><em>τμηθῇ</em></span> <span class='ocrx_word' id='word_1_9' title='bbox 553 304 645 387; x_wconf 83' lang='grc' dir='ltr'><em>δίχα,</em></span> <span class='ocrx_word' id='word_1_10' title='bbox 669 295 785 366; x_wconf 83' lang='grc' dir='ltr'><em>διὰτὸ</em></span> <span class='ocrx_word' id='word_1_11' title='bbox 808 297 867 384; x_wconf 87' lang='grc' dir='ltr'><em>λβ’</em></span> <span class='ocrx_word' id='word_1_12' title='bbox 893 304 966 369; x_wconf 85' lang='grc' dir='ltr'><em>τοῦ</em></span> <span class='ocrx_word' id='word_1_13' title='bbox 992 301 1047 369; x_wconf 88' lang='grc' dir='ltr'><em>ια’</em></span> <span class='ocrx_word' id='word_1_14' title='bbox 1072 308 1150 371; x_wconf 80' lang='grc' dir='ltr'><em>ἔσται</em></span> 
     </span>
     <span class='ocr_line' id='line_1_3' title="bbox 124 402 1150 496; baseline 0.005 -21"><span class='ocrx_word' id='word_1_15' title='bbox 124 404 171 486; x_wconf 78' lang='grc' dir='ltr'><em>ὥς</em></span> <span class='ocrx_word' id='word_1_16' title='bbox 194 403 215 493; x_wconf 83' lang='grc' dir='ltr'><em>ἡ</em></span> <span class='ocrx_word' id='word_1_17' title='bbox 240 404 339 491; x_wconf 90' lang='grc' dir='ltr'><em>βάσις</em></span> <span class='ocrx_word' id='word_1_18' title='bbox 361 406 444 495; x_wconf 88' lang='grc' dir='ltr'><em>πρὸς</em></span> <span class='ocrx_word' id='word_1_19' title='bbox 466 409 530 492; x_wconf 84' lang='grc' dir='ltr'><em>τὴν</em></span> <span class='ocrx_word' id='word_1_20' title='bbox 553 405 669 492; x_wconf 99' lang='grc' dir='ltr'><em>βάσιν,</em></span> <span class='ocrx_word' id='word_1_21' title='bbox 698 402 803 485; x_wconf 83' lang='grc' dir='ltr'><em>οὕτως</em></span> <span class='ocrx_word' id='word_1_22' title='bbox 832 408 872 473; x_wconf 90' lang='grc' dir='ltr'><em>τδ</em></span> <span class='ocrx_word' id='word_1_23' title='bbox 899 407 1057 496; x_wconf 84' lang='grc' dir='ltr'><em>στερεὸν</em></span> <span class='ocrx_word' id='word_1_24' title='bbox 1079 411 1150 496; x_wconf 82' lang='grc' dir='ltr'><em>πρὸς</em></span> 
     </span>
     <span class='ocr_line' id='line_1_4' title="bbox 124 510 1150 606; baseline 0.003 -26"><span class='ocrx_word' id='word_1_25' title='bbox 124 512 162 581; x_wconf 87' lang='grc' dir='ltr'><em>τὸ</em></span> <span class='ocrx_word' id='word_1_26' title='bbox 187 512 332 598; x_wconf 85' lang='grc' dir='ltr'><em>στερεόν.</em></span> <span class='ocrx_word' id='word_1_27' title='bbox 370 522 425 600; x_wconf 86' lang='grc' dir='ltr'><em>ίση</em></span> <span class='ocrx_word' id='word_1_28' title='bbox 450 514 487 581; x_wconf 73' lang='grc' dir='ltr'><em>δὲ</em></span> <span class='ocrx_word' id='word_1_29' title='bbox 510 510 531 600; x_wconf 78' lang='grc' dir='ltr'><em>ἡ</em></span> <span class='ocrx_word' id='word_1_30' title='bbox 556 511 652 599; x_wconf 89' lang='grc' dir='ltr'><em>βάσις</em></span> <span class='ocrx_word' id='word_1_31' title='bbox 674 516 714 600; x_wconf 78' lang='grc' dir='ltr'><em>τῇ</em></span> <span class='ocrx_word' id='word_1_32' title='bbox 737 510 847 598; x_wconf 81' lang='grc' dir='ltr'><em>βάσει,</em></span> <span class='ocrx_word' id='word_1_33' title='bbox 869 514 937 581; x_wconf 81' lang='grc' dir='ltr'><em>καὶ</em></span> <span class='ocrx_word' id='word_1_34' title='bbox 955 514 999 584; x_wconf 88' lang='grc' dir='ltr'><em>τὸ</em></span> <span class='ocrx_word' id='word_1_35' title='bbox 1023 514 1150 606; x_wconf 82' lang='grc' dir='ltr'><em>στερεάν</em></span> 
     </span>
     <span class='ocr_line' id='line_1_5' title="bbox 124 619 1148 715; baseline 0.006 -29"><span class='ocrx_word' id='word_1_36' title='bbox 124 631 169 712; x_wconf 75' lang='grc' dir='ltr'><em>τῷ</em></span> <span class='ocrx_word' id='word_1_37' title='bbox 195 630 325 713; x_wconf 77' lang='grc' dir='ltr'><em>στερεῷ.</em></span> <span class='ocrx_word' id='word_1_38' title='bbox 372 619 433 688; x_wconf 87' lang='grc' dir='ltr'><em>έάν</em></span> <span class='ocrx_word' id='word_1_39' title='bbox 462 619 498 687; x_wconf 76' lang='grc' dir='ltr'><em>δὲ</em></span> <span class='ocrx_word' id='word_1_40' title='bbox 526 621 667 687; x_wconf 81' lang='grc' dir='ltr'><em>ἕκαστον</em></span> <span class='ocrx_word' id='word_1_41' title='bbox 693 622 763 687; x_wconf 77' lang='grc' dir='ltr'><em>τῶν</em></span> <span class='ocrx_word' id='word_1_42' title='bbox 789 619 986 705; x_wconf 78' lang='grc' dir='ltr'><em>τμημάτων</em></span> <span class='ocrx_word' id='word_1_43' title='bbox 1012 622 1148 715; x_wconf 83' lang='grc' dir='ltr'><em>έπιπέδμ</em></span> 
     </span>
    </p>

    <p class='ocr_par' dir='ltr' id='par_1_3' title="bbox 89 722 1148 1245">
     <span class='ocr_line' id='line_1_6' title="bbox 89 722 1148 816; baseline 0.008 -25"><span class='ocrx_word' id='word_1_44' title='bbox 89 754 105 801; x_wconf 80' lang='lat'><strong>5</strong></span> <span class='ocrx_word' id='word_1_45' title='bbox 124 735 236 814; x_wconf 76' lang='grc' dir='ltr'><em>τμηθῇ</em></span> <span class='ocrx_word' id='word_1_46' title='bbox 252 724 333 793; x_wconf 85' lang='grc' dir='ltr'><em>κατὰ</em></span> <span class='ocrx_word' id='word_1_47' title='bbox 349 724 407 804; x_wconf 86' lang='grc' dir='ltr'><em>τάς</em></span> <span class='ocrx_word' id='word_1_48' title='bbox 422 729 635 811; x_wconf 78' lang='grc' dir='ltr'><em>διαγωνίους,</em></span> <span class='ocrx_word' id='word_1_49' title='bbox 650 729 727 811; x_wconf 81' lang='grc' dir='ltr'><em>δίχα</em></span> <span class='ocrx_word' id='word_1_50' title='bbox 740 722 960 812; x_wconf 77' lang='grc' dir='ltr'><em>τμηθήσεται</em></span> <span class='ocrx_word' id='word_1_51' title='bbox 975 726 1043 797; x_wconf 82' lang='grc' dir='ltr'><em>διὰ</em></span> <span class='ocrx_word' id='word_1_52' title='bbox 1056 728 1148 816; x_wconf 86' lang='grc' dir='ltr'><em>τδκη’</em></span> 
     </span>
     <span class='ocr_line' id='line_1_7' title="bbox 123 829 1147 925; baseline 0.005 -26"><span class='ocrx_word' id='word_1_53' title='bbox 123 836 186 899; x_wconf 81' lang='grc' dir='ltr'><em>τοῦ</em></span> <span class='ocrx_word' id='word_1_54' title='bbox 199 834 256 901; x_wconf 88' lang='grc' dir='ltr'><em>ια’.</em></span> <span class='ocrx_word' id='word_1_55' title='bbox 288 832 467 899; x_wconf 90' lang='grc' dir='ltr'><em>διπλάσιον</em></span> <span class='ocrx_word' id='word_1_56' title='bbox 487 830 552 920; x_wconf 88' lang='grc' dir='ltr'><em>άρα</em></span> <span class='ocrx_word' id='word_1_57' title='bbox 571 832 640 899; x_wconf 84' lang='grc' dir='ltr'><em>ἐστὶ</em></span> <span class='ocrx_word' id='word_1_58' title='bbox 653 833 691 898; x_wconf 87' lang='grc' dir='ltr'><em>τὸ</em></span> <span class='ocrx_word' id='word_1_59' title='bbox 707 836 834 919; x_wconf 80' lang='grc' dir='ltr'><em>πρίσμα</em></span> <span class='ocrx_word' id='word_1_60' title='bbox 846 829 886 899; x_wconf 85' lang='grc' dir='ltr'><em>τὸ</em></span> <span class='ocrx_word' id='word_1_61' title='bbox 904 830 973 919; x_wconf 79' lang='grc' dir='ltr'><em>ἀφ’</em></span> <span class='ocrx_word' id='word_1_62' title='bbox 993 836 1147 925; x_wconf 84' lang='grc' dir='ltr'><em>ἑκατέρου</em></span> 
     </span>
     <span class='ocr_line' id='line_1_8' title="bbox 122 936 1147 1027; baseline 0.005 -21"><span class='ocrx_word' id='word_1_63' title='bbox 122 942 192 1007; x_wconf 81' lang='grc' dir='ltr'><em>τάν</em></span> <span class='ocrx_word' id='word_1_64' title='bbox 215 936 571 1026; x_wconf 78' lang='grc' dir='ltr'><em>παραλληλογράμμων</em></span> <span class='ocrx_word' id='word_1_65' title='bbox 594 937 773 1024; x_wconf 84' lang='grc' dir='ltr'><em>τμημάτων</em></span> <span class='ocrx_word' id='word_1_66' title='bbox 791 940 854 1004; x_wconf 78' lang='grc' dir='ltr'><em>τοῦ</em></span> <span class='ocrx_word' id='word_1_67' title='bbox 871 945 1081 1027; x_wconf 88' lang='grc' dir='ltr'><em>πρίσματος</em></span> <span class='ocrx_word' id='word_1_68' title='bbox 1097 945 1147 1011; x_wconf 79' lang='grc' dir='ltr'><em>τοῦ</em></span> 
     </span>
     <span class='ocr_line' id='line_1_9' title="bbox 124 1042 1147 1139; baseline 0.006 -27"><span class='ocrx_word' id='word_1_69' title='bbox 124 1044 224 1130; x_wconf 83' lang='grc' dir='ltr'><em>βάσιν</em></span> <span class='ocrx_word' id='word_1_70' title='bbox 248 1050 384 1131; x_wconf 81' lang='grc' dir='ltr'><em>ἔχοντος</em></span> <span class='ocrx_word' id='word_1_71' title='bbox 410 1042 448 1112; x_wconf 91' lang='grc' dir='ltr'><em>τὸ</em></span> <span class='ocrx_word' id='word_1_72' title='bbox 472 1042 576 1130; x_wconf 78' lang='grc' dir='ltr'><em>ἥμισυ</em></span> <span class='ocrx_word' id='word_1_73' title='bbox 602 1046 663 1111; x_wconf 86' lang='grc' dir='ltr'><em>τοῦ</em></span> <span class='ocrx_word' id='word_1_74' title='bbox 685 1043 1062 1135; x_wconf 65' lang='grc' dir='ltr'><em>παραλληλογράμμου</em></span> <span class='ocrx_word' id='word_1_75' title='bbox 1090 1055 1147 1139; x_wconf 90' lang='grc' dir='ltr'><em>τρί-</em></span> 
     </span>
     <span class='ocr_line' id='line_1_10' title="bbox 123 1145 1147 1245; baseline 0.006 -27"><span class='ocrx_word' id='word_1_76' title='bbox 123 1177 237 1235; x_wconf 90' lang='grc' dir='ltr'><em>γωνον</em></span> <span class='ocrx_word' id='word_1_77' title='bbox 261 1145 302 1217; x_wconf 84' lang='grc' dir='ltr'><em>ὂν</em></span> <span class='ocrx_word' id='word_1_78' title='bbox 325 1150 380 1217; x_wconf 80' lang='grc' dir='ltr'><em>καὶ</em></span> <span class='ocrx_word' id='word_1_79' title='bbox 403 1148 489 1231; x_wconf 80' lang='grc' dir='ltr'><em>ὕψος</em></span> <span class='ocrx_word' id='word_1_80' title='bbox 513 1157 598 1217; x_wconf 88' lang='grc' dir='ltr'><em>ίσον.</em></span> <span class='ocrx_word' id='word_1_81' title='bbox 635 1146 696 1217; x_wconf 86' lang='grc' dir='ltr'><em>έάν</em></span> <span class='ocrx_word' id='word_1_82' title='bbox 715 1150 752 1217; x_wconf 78' lang='grc' dir='ltr'><em>δέ</em></span> <span class='ocrx_word' id='word_1_83' title='bbox 770 1151 898 1236; x_wconf 83' lang='grc' dir='ltr'><em>μεγέθη</em></span> <span class='ocrx_word' id='word_1_84' title='bbox 920 1148 1147 1245; x_wconf 76' lang='grc' dir='ltr'><em>άνάλογονῇ,</em></span> 
     </span>
    </p>

    <p class='ocr_par' dir='ltr' id='par_1_4' title="bbox 72 1253 1147 1769">
     <span class='ocr_line' id='line_1_11' title="bbox 72 1253 1146 1349; baseline 0.007 -27"><span class='ocrx_word' id='word_1_85' title='bbox 72 1283 105 1332; x_wconf 93' lang='lat'><em>10</em></span> <span class='ocrx_word' id='word_1_86' title='bbox 125 1261 216 1323; x_wconf 85' lang='grc' dir='ltr'><em>ἔσται</em></span> <span class='ocrx_word' id='word_1_87' title='bbox 240 1253 285 1335; x_wconf 78' lang='grc' dir='ltr'><em>ὡς</em></span> <span class='ocrx_word' id='word_1_88' title='bbox 307 1259 344 1323; x_wconf 78' lang='grc' dir='ltr'><em>’ἐν</em></span> <span class='ocrx_word' id='word_1_89' title='bbox 367 1260 434 1324; x_wconf 78' lang='grc' dir='ltr'><em>τῶν</em></span> <span class='ocrx_word' id='word_1_90' title='bbox 457 1253 656 1342; x_wconf 84' lang='grc' dir='ltr'><em>ἡγουμένων</em></span> <span class='ocrx_word' id='word_1_91' title='bbox 683 1254 767 1341; x_wconf 88' lang='grc' dir='ltr'><em>πρὸς</em></span> <span class='ocrx_word' id='word_1_92' title='bbox 793 1258 830 1322; x_wconf 78' lang='grc' dir='ltr'><em>ἓν</em></span> <span class='ocrx_word' id='word_1_93' title='bbox 858 1259 934 1324; x_wconf 77' lang='grc' dir='ltr'><em>τῶν</em></span> <span class='ocrx_word' id='word_1_94' title='bbox 960 1260 1146 1349; x_wconf 78' lang='grc' dir='ltr'><em>ἑπομένων,</em></span> 
     </span>
     <span class='ocr_line' id='line_1_12' title="bbox 126 1358 1147 1448; baseline 0.008 -20"><span class='ocrx_word' id='word_1_95' title='bbox 126 1362 232 1441; x_wconf 84' lang='grc' dir='ltr'><em>οὕτως</em></span> <span class='ocrx_word' id='word_1_96' title='bbox 258 1360 388 1429; x_wconf 80' lang='grc' dir='ltr'><em>ἅπαντα</em></span> <span class='ocrx_word' id='word_1_97' title='bbox 414 1362 455 1428; x_wconf 88' lang='grc' dir='ltr'><em>τά</em></span> <span class='ocrx_word' id='word_1_98' title='bbox 484 1358 655 1448; x_wconf 78' lang='grc' dir='ltr'><em>ἡγούμενα</em></span> <span class='ocrx_word' id='word_1_99' title='bbox 681 1362 737 1429; x_wconf 84' lang='grc' dir='ltr'><em>καὶ</em></span> <span class='ocrx_word' id='word_1_100' title='bbox 764 1360 804 1429; x_wconf 83' lang='grc' dir='ltr'><em>τά</em></span> <span class='ocrx_word' id='word_1_101' title='bbox 831 1361 922 1447; x_wconf 81' lang='grc' dir='ltr'><em>ἑξῆς·</em></span> <span class='ocrx_word' id='word_1_102' title='bbox 964 1369 1147 1438; x_wconf 82' lang='grc' dir='ltr'><em>διπλάσιον</em></span> 
     </span>
     <span class='ocr_line' id='line_1_13' title="bbox 124 1463 1147 1563; baseline 0.011 -30"><span class='ocrx_word' id='word_1_103' title='bbox 124 1465 190 1555; x_wconf 84' lang='grc' dir='ltr'><em>άρα</em></span> <span class='ocrx_word' id='word_1_104' title='bbox 208 1465 246 1534; x_wconf 85' lang='grc' dir='ltr'><em>τὸ</em></span> <span class='ocrx_word' id='word_1_105' title='bbox 266 1466 330 1535; x_wconf 89' lang='grc' dir='ltr'><em>άπὸ</em></span> <span class='ocrx_word' id='word_1_106' title='bbox 348 1471 410 1535; x_wconf 84' lang='grc' dir='ltr'><em>τοῦ</em></span> <span class='ocrx_word' id='word_1_107' title='bbox 428 1466 779 1555; x_wconf 84' lang='grc' dir='ltr'><em>παραλληλογράμμου</em></span> <span class='ocrx_word' id='word_1_108' title='bbox 798 1463 1006 1540; x_wconf 75' lang='grc' dir='ltr'><em>ἀνασταθὲν</em></span> <span class='ocrx_word' id='word_1_109' title='bbox 1027 1480 1147 1563; x_wconf 79' lang='grc' dir='ltr'><em>πρίσμα</em></span> 
     </span>
     <span class='ocr_line' id='line_1_14' title="bbox 123 1571 1146 1668; baseline 0.009 -28"><span class='ocrx_word' id='word_1_110' title='bbox 123 1580 185 1643; x_wconf 85' lang='grc' dir='ltr'><em>τοῦ</em></span> <span class='ocrx_word' id='word_1_111' title='bbox 204 1572 268 1643; x_wconf 89' lang='grc' dir='ltr'><em>άπὸ</em></span> <span class='ocrx_word' id='word_1_112' title='bbox 283 1576 344 1641; x_wconf 86' lang='grc' dir='ltr'><em>τοῦ</em></span> <span class='ocrx_word' id='word_1_113' title='bbox 358 1572 535 1661; x_wconf 80' lang='grc' dir='ltr'><em>τριγώνου,</em></span> <span class='ocrx_word' id='word_1_114' title='bbox 555 1571 635 1661; x_wconf 82' lang='grc' dir='ltr'><em>ὅπερ</em></span> <span class='ocrx_word' id='word_1_115' title='bbox 650 1571 755 1660; x_wconf 81' lang='grc' dir='ltr'><em>ἥμισύ</em></span> <span class='ocrx_word' id='word_1_116' title='bbox 770 1574 838 1641; x_wconf 87' lang='grc' dir='ltr'><em>έστι</em></span> <span class='ocrx_word' id='word_1_117' title='bbox 851 1578 917 1642; x_wconf 83' lang='grc' dir='ltr'><em>τοῦ</em></span> <span class='ocrx_word' id='word_1_118' title='bbox 933 1590 1146 1668; x_wconf 91' lang='grc' dir='ltr'><em>παραλληλο-</em></span> 
     </span>
     <span class='ocr_line' id='line_1_15' title="bbox 123 1677 772 1769; baseline -0.003 -21"><span class='ocrx_word' id='word_1_119' title='bbox 123 1679 289 1769; x_wconf 88' lang='grc' dir='ltr'><em>γράμμου,</em></span> <span class='ocrx_word' id='word_1_120' title='bbox 312 1677 561 1758; x_wconf 79' lang='grc' dir='ltr'><em>ἀνασταθέντος</em></span> <span class='ocrx_word' id='word_1_121' title='bbox 580 1684 772 1766; x_wconf 81' lang='grc' dir='ltr'><em>πρίσματος.</em></span> 
     </span>
    </p>

    <p class='ocr_par' dir='ltr' id='par_1_5' title="bbox 71 1783 1148 2305">
     <span class='ocr_line' id='line_1_16' title="bbox 71 1783 1147 1871; baseline 0.007 -17"><span class='ocrx_word' id='word_1_122' title='bbox 71 1810 104 1859; x_wconf 79' lang='lat'><em>15</em></span> <span class='ocrx_word' id='word_1_123' title='bbox 190 1791 241 1855; x_wconf 83' lang='lat'><em>46.</em></span> <span class='ocrx_word' id='word_1_124' title='bbox 286 1783 418 1871; x_wconf 79' lang='grc' dir='ltr'><em>Ἐπειδὴ</em></span> <span class='ocrx_word' id='word_1_125' title='bbox 452 1786 591 1853; x_wconf 79' lang='grc' dir='ltr'><em>ἕκαστον</em></span> <span class='ocrx_word' id='word_1_126' title='bbox 623 1790 691 1852; x_wconf 80' lang='grc' dir='ltr'><em>τῶν</em></span> <span class='ocrx_word' id='word_1_127' title='bbox 724 1783 921 1871; x_wconf 83' lang='grc' dir='ltr'><em>πρισμάτων</em></span> <span class='ocrx_word' id='word_1_128' title='bbox 956 1795 1037 1860; x_wconf 73' lang='grc' dir='ltr'><em>τῶν</em></span> <span class='ocrx_word' id='word_1_129' title='bbox 1076 1793 1147 1863; x_wconf 89' lang='grc' dir='ltr'><em>άνα-</em></span> 
     </span>
     <span class='ocr_line' id='line_1_17' title="bbox 123 1890 1147 1980; baseline 0.006 -19"><span class='ocrx_word' id='word_1_130' title='bbox 123 1895 317 1961; x_wconf 82' lang='grc' dir='ltr'><em>σταθέντων</em></span> <span class='ocrx_word' id='word_1_131' title='bbox 346 1890 406 1979; x_wconf 81' lang='grc' dir='ltr'><em>ἀφ’</em></span> <span class='ocrx_word' id='word_1_132' title='bbox 440 1893 581 1960; x_wconf 83' lang='grc' dir='ltr'><em>ἑκάστου</em></span> <span class='ocrx_word' id='word_1_133' title='bbox 607 1895 678 1959; x_wconf 75' lang='grc' dir='ltr'><em>τῶν</em></span> <span class='ocrx_word' id='word_1_134' title='bbox 703 1892 879 1979; x_wconf 75' lang='grc' dir='ltr'><em>τριγώνων</em></span> <span class='ocrx_word' id='word_1_135' title='bbox 906 1890 1026 1980; x_wconf 79' lang='grc' dir='ltr'><em>ἥμισύ</em></span> <span class='ocrx_word' id='word_1_136' title='bbox 1062 1904 1147 1970; x_wconf 81' lang='grc' dir='ltr'><em>ἐστιν</em></span> 
     </span>
     <span class='ocr_line' id='line_1_18' title="bbox 123 1995 1147 2085; baseline 0.01 -18"><span class='ocrx_word' id='word_1_137' title='bbox 123 1999 263 2067; x_wconf 86' lang='grc' dir='ltr'><em>ἑκάστου</em></span> <span class='ocrx_word' id='word_1_138' title='bbox 286 2002 353 2067; x_wconf 77' lang='grc' dir='ltr'><em>τῶν</em></span> <span class='ocrx_word' id='word_1_139' title='bbox 376 1997 742 2085; x_wconf 88' lang='grc' dir='ltr'><em>παραλληλογράμμων,</em></span> <span class='ocrx_word' id='word_1_140' title='bbox 766 1995 887 2084; x_wconf 79' lang='grc' dir='ltr'><em>μεταξὺ</em></span> <span class='ocrx_word' id='word_1_141' title='bbox 912 1999 954 2068; x_wconf 75' lang='grc' dir='ltr'><em>δὲ</em></span> <span class='ocrx_word' id='word_1_142' title='bbox 976 2016 1060 2074; x_wconf 80' lang='grc' dir='ltr'><em>τῶν</em></span> <span class='ocrx_word' id='word_1_143' title='bbox 1085 2029 1147 2076; x_wconf 71' lang='grc' dir='ltr'><em>ατε</em></span> 
     </span>
     <span class='ocr_line' id='line_1_19' title="bbox 123 2102 1147 2191; baseline 0.002 -18"><span class='ocrx_word' id='word_1_144' title='bbox 123 2118 210 2191; x_wconf 76' lang='grc' dir='ltr'><em>ρεοδυ</em></span> <span class='ocrx_word' id='word_1_145' title='bbox 233 2102 590 2191; x_wconf 88' lang='grc' dir='ltr'><em>παραλληλογράμμων</em></span> <span class='ocrx_word' id='word_1_146' title='bbox 617 2103 764 2172; x_wconf 78' lang='grc' dir='ltr'><em>καὶτῶν</em></span> <span class='ocrx_word' id='word_1_147' title='bbox 787 2103 990 2189; x_wconf 86' lang='grc' dir='ltr'><em>πρισμάτων</em></span> <span class='ocrx_word' id='word_1_148' title='bbox 1018 2115 1091 2181; x_wconf 79' lang='grc' dir='ltr'><em>εἰσὶ</em></span> <span class='ocrx_word' id='word_1_149' title='bbox 1113 2112 1147 2182; x_wconf 76' lang='grc' dir='ltr'><em>τά</em></span> 
     </span>
     <span class='ocr_line' id='line_1_20' title="bbox 121 2200 1148 2305; baseline 0.005 -29"><span class='ocrx_word' id='word_1_150' title='bbox 121 2216 182 2278; x_wconf 88' lang='grc' dir='ltr'><em>τοῦ</em></span> <span class='ocrx_word' id='word_1_151' title='bbox 213 2214 398 2294; x_wconf 77' lang='grc' dir='ltr'><em>κυλίνδρου</em></span> <span class='ocrx_word' id='word_1_152' title='bbox 429 2208 596 2294; x_wconf 81' lang='grc' dir='ltr'><em>τμήματα,</em></span> <span class='ocrx_word' id='word_1_153' title='bbox 633 2210 708 2297; x_wconf 82' lang='grc' dir='ltr'><em>περὶ</em></span> <span class='ocrx_word' id='word_1_154' title='bbox 745 2200 793 2276; x_wconf 68' lang='grc' dir='ltr'><em>οἷν</em></span> <span class='ocrx_word' id='word_1_155' title='bbox 824 2212 1015 2295; x_wconf 85' lang='grc' dir='ltr'><em>τμημάτων</em></span> <span class='ocrx_word' id='word_1_156' title='bbox 1051 2221 1148 2305; x_wconf 77' lang='grc' dir='ltr'><em>λέγει,</em></span> 
     </span>
    </p>

    <p class='ocr_par' dir='ltr' id='par_1_6' title="bbox 67 2308 1149 2623">
     <span class='ocr_line' id='line_1_21' title="bbox 67 2308 1149 2412; baseline 0.005 -30"><span class='ocrx_word' id='word_1_157' title='bbox 67 2341 103 2389; x_wconf 79' lang='lat'><em>20</em></span> <span class='ocrx_word' id='word_1_158' title='bbox 122 2315 234 2402; x_wconf 79' lang='grc' dir='ltr'><em>ἐπειδὴ</em></span> <span class='ocrx_word' id='word_1_159' title='bbox 258 2308 322 2382; x_wconf 84' lang='grc' dir='ltr'><em>οὖν</em></span> <span class='ocrx_word' id='word_1_160' title='bbox 346 2313 466 2399; x_wconf 83' lang='grc' dir='ltr'><em>μεταξύ</em></span> <span class='ocrx_word' id='word_1_161' title='bbox 490 2318 569 2401; x_wconf 86' lang='grc' dir='ltr'><em>είσι,</em></span> <span class='ocrx_word' id='word_1_162' title='bbox 597 2316 653 2382; x_wconf 79' lang='grc' dir='ltr'><em>καὶ</em></span> <span class='ocrx_word' id='word_1_163' title='bbox 681 2318 800 2402; x_wconf 82' lang='grc' dir='ltr'><em>δῆλον,</em></span> <span class='ocrx_word' id='word_1_164' title='bbox 828 2311 880 2382; x_wconf 87' lang='grc' dir='ltr'><em>ὅτι</em></span> <span class='ocrx_word' id='word_1_165' title='bbox 902 2318 947 2383; x_wconf 90' lang='grc' dir='ltr'><em>τδι</em></span> <span class='ocrx_word' id='word_1_166' title='bbox 971 2328 1149 2412; x_wconf 77' lang='grc' dir='ltr'><em>πρίσματα</em></span> 
     </span>
     <span class='ocr_line' id='line_1_22' title="bbox 122 2417 1149 2516; baseline 0.015 -28"><span class='ocrx_word' id='word_1_167' title='bbox 122 2420 256 2508; x_wconf 80' lang='grc' dir='ltr'><em>μείζονά</em></span> <span class='ocrx_word' id='word_1_168' title='bbox 284 2425 348 2486; x_wconf 82' lang='grc' dir='ltr'><em>εἰσι</em></span> <span class='ocrx_word' id='word_1_169' title='bbox 374 2422 443 2487; x_wconf 77' lang='grc' dir='ltr'><em>τῶν</em></span> <span class='ocrx_word' id='word_1_170' title='bbox 472 2417 621 2506; x_wconf 78' lang='grc' dir='ltr'><em>ἡμισέων</em></span> <span class='ocrx_word' id='word_1_171' title='bbox 649 2425 710 2488; x_wconf 86' lang='grc' dir='ltr'><em>τοῦ</em></span> <span class='ocrx_word' id='word_1_172' title='bbox 733 2423 918 2507; x_wconf 84' lang='grc' dir='ltr'><em>κυλίνδρου</em></span> <span class='ocrx_word' id='word_1_173' title='bbox 942 2430 1149 2516; x_wconf 85' lang='grc' dir='ltr'><em>τμημάτων·</em></span> 
     </span>
     <span class='ocr_line' id='line_1_23' title="bbox 122 2523 1149 2623; baseline 0.015 -30"><span class='ocrx_word' id='word_1_174' title='bbox 122 2532 152 2594; x_wconf 85' lang='grc' dir='ltr'><em>εί</em></span> <span class='ocrx_word' id='word_1_175' title='bbox 182 2525 246 2612; x_wconf 89' lang='grc' dir='ltr'><em>γάρ</em></span> <span class='ocrx_word' id='word_1_176' title='bbox 280 2530 345 2592; x_wconf 80' lang='grc' dir='ltr'><em>είσι</em></span> <span class='ocrx_word' id='word_1_177' title='bbox 377 2528 417 2592; x_wconf 85' lang='grc' dir='ltr'><em>τά</em></span> <span class='ocrx_word' id='word_1_178' title='bbox 451 2531 617 2611; x_wconf 88' lang='grc' dir='ltr'><em>πρίσματα</em></span> <span class='ocrx_word' id='word_1_179' title='bbox 645 2523 687 2593; x_wconf 85' lang='grc' dir='ltr'><em>οὐ</em></span> <span class='ocrx_word' id='word_1_180' title='bbox 715 2533 849 2612; x_wconf 81' lang='grc' dir='ltr'><em>μείζονα</em></span> <span class='ocrx_word' id='word_1_181' title='bbox 875 2530 947 2595; x_wconf 78' lang='grc' dir='ltr'><em>τῶν</em></span> <span class='ocrx_word' id='word_1_182' title='bbox 979 2529 1149 2623; x_wconf 83' lang='grc' dir='ltr'><em>ἡμισέων,</em></span> 
     </span>
    </p>
   </div>
   <div class='ocr_carea' id='block_1_3' title="bbox 67 2629 1150 2932">
    <p class='ocr_par' dir='ltr' id='par_1_7' title="bbox 67 2629 1150 2932">
     <span class='ocr_line' id='line_1_24' title="bbox 121 2629 1150 2732; baseline 0 -34"><span class='ocrx_word' id='word_1_183' title='bbox 121 2629 195 2698; x_wconf 86' lang='grc' dir='ltr'><em>άλλ’</em></span> <span class='ocrx_word' id='word_1_184' title='bbox 217 2640 288 2717; x_wconf 90' lang='grc' dir='ltr'><em>ίσα,</em></span> <span class='ocrx_word' id='word_1_185' title='bbox 318 2636 408 2700; x_wconf 82' lang='grc' dir='ltr'><em>ἔσται</em></span> <span class='ocrx_word' id='word_1_186' title='bbox 431 2631 486 2698; x_wconf 78' lang='grc' dir='ltr'><em>καὶ</em></span> <span class='ocrx_word' id='word_1_187' title='bbox 510 2632 648 2699; x_wconf 77' lang='grc' dir='ltr'><em>ἕκαστον</em></span> <span class='ocrx_word' id='word_1_188' title='bbox 671 2643 741 2700; x_wconf 78' lang='grc' dir='ltr'><em>τῶν</em></span> <span class='ocrx_word' id='word_1_189' title='bbox 764 2643 824 2701; x_wconf 88' lang='grc' dir='ltr'><em>τοῦ</em></span> <span class='ocrx_word' id='word_1_190' title='bbox 845 2639 1046 2723; x_wconf 85' lang='grc' dir='ltr'><em>κυλίνδρου</em></span> <span class='ocrx_word' id='word_1_191' title='bbox 1071 2670 1150 2732; x_wconf 81' lang='grc' dir='ltr'><em>τμη.</em></span> 
     </span>
     <span class='ocr_line' id='line_1_25' title="bbox 122 2736 1149 2830; baseline 0.014 -26"><span class='ocrx_word' id='word_1_192' title='bbox 122 2736 236 2823; x_wconf 88' lang='grc' dir='ltr'><em>μάτων</em></span> <span class='ocrx_word' id='word_1_193' title='bbox 261 2736 386 2830; x_wconf 78' lang='grc' dir='ltr'><em>ἑκάστῳ</em></span> <span class='ocrx_word' id='word_1_194' title='bbox 410 2742 477 2804; x_wconf 80' lang='grc' dir='ltr'><em>τῶν</em></span> <span class='ocrx_word' id='word_1_195' title='bbox 501 2740 645 2824; x_wconf 80' lang='grc' dir='ltr'><em>στερεῶν</em></span> <span class='ocrx_word' id='word_1_196' title='bbox 668 2739 1038 2830; x_wconf 85' lang='grc' dir='ltr'><em>παραλληλογράμμων</em></span> <span class='ocrx_word' id='word_1_197' title='bbox 1059 2759 1149 2821; x_wconf 76' lang='grc' dir='ltr'><em>ἴσον·</em></span> 
     </span>
     <span class='ocr_line' id='line_1_26' title="bbox 67 2835 893 2932; baseline -0.001 -20"><span class='ocrx_word' id='word_1_198' title='bbox 67 2869 103 2919; x_wconf 78' lang='lat'><em>25</em></span> <span class='ocrx_word' id='word_1_199' title='bbox 122 2835 171 2911; x_wconf 68' lang='grc' dir='ltr'><em>οἷν</em></span> <span class='ocrx_word' id='word_1_200' title='bbox 194 2845 258 2932; x_wconf 85' lang='grc' dir='ltr'><em>γάρ</em></span> <span class='ocrx_word' id='word_1_201' title='bbox 282 2842 385 2930; x_wconf 76' lang='grc' dir='ltr'><em>ἥμισυ</em></span> <span class='ocrx_word' id='word_1_202' title='bbox 407 2840 444 2910; x_wconf 87' lang='grc' dir='ltr'><em>τὸ</em></span> <span class='ocrx_word' id='word_1_203' title='bbox 469 2838 563 2927; x_wconf 84' lang='grc' dir='ltr'><em>αὐτό,</em></span> <span class='ocrx_word' id='word_1_204' title='bbox 588 2846 697 2912; x_wconf 82' lang='grc' dir='ltr'><em>έκεῖνα</em></span> <span class='ocrx_word' id='word_1_205' title='bbox 721 2852 777 2911; x_wconf 90' lang='grc' dir='ltr'><em>ίσα</em></span> <span class='ocrx_word' id='word_1_206' title='bbox 800 2848 867 2912; x_wconf 83' lang='grc' dir='ltr'><em>είσί</em></span> <span class='ocrx_word' id='word_1_207' title='bbox 887 2897 893 2911; x_wconf 93' lang='grc'><em>.</em></span> 
     </span>
    </p>
   </div>
   <div class='ocr_carea' id='block_1_4' title="bbox 192 3072 611 3143">
    <p class='ocr_par' dir='ltr' id='par_1_8' title="bbox 192 3072 611 3143">
     <span class='ocr_line' id='line_1_27' title="bbox 192 3072 611 3143; baseline 0 -17"><span class='ocrx_word' id='word_1_208' title='bbox 192 3081 235 3129; x_wconf 86' lang='grc'><em>46.</em></span> <span class='ocrx_word' id='word_1_209' title='bbox 255 3074 328 3143; x_wconf 87' lang='lat' dir='ltr'><strong>q(l);</strong></span> <span class='ocrx_word' id='word_1_210' title='bbox 349 3072 385 3127; x_wconf 84' lang='grc' dir='ltr'><em>αδ</em></span> <span class='ocrx_word' id='word_1_211' title='bbox 403 3090 430 3142; x_wconf 87' lang='lat' dir='ltr'><em>p.</em></span> <span class='ocrx_word' id='word_1_212' title='bbox 446 3077 506 3140; x_wconf 88' lang='lat'>188,</span> <span class='ocrx_word' id='word_1_213' title='bbox 525 3076 559 3126; x_wconf 76' lang='lat'><em>22</em></span> <span class='ocrx_word' id='word_1_214' title='bbox 571 3088 611 3140; x_wconf 81' lang='lat' dir='ltr'><em>sq.</em></span> 
     </span>
    </p>
   </div>
   <div class='ocr_carea' id='block_1_5' title="bbox 109 3280 1147 3580">
    <p class='ocr_par' dir='ltr' id='par_1_9' title="bbox 109 3280 1147 3580">
     <span class='ocr_line' id='line_1_28' title="bbox 193 3280 1145 3371; baseline 0.018 -32"><span class='ocrx_word' id='word_1_215' title='bbox 193 3292 217 3340; x_wconf 86' lang='lat'><em>1.</em></span> <span class='ocrx_word' id='word_1_216' title='bbox 236 3280 284 3338; x_wconf 86' lang='grc' dir='ltr'><em>διά</em></span> <span class='ocrx_word' id='word_1_217' title='bbox 300 3281 330 3338; x_wconf 87' lang='grc' dir='ltr'><em>τὸ</em></span> <span class='ocrx_word' id='word_1_218' title='bbox 345 3281 402 3357; x_wconf 83' lang='grc' dir='ltr'><em>λβ]</em></span> <span class='ocrx_word' id='word_1_219' title='bbox 423 3301 503 3340; x_wconf 79' lang='grc' dir='ltr'><em>οαοο.</em></span> <span class='ocrx_word' id='word_1_220' title='bbox 513 3285 547 3340; x_wconf 90' lang='lat' dir='ltr'><em>V.</em></span> <span class='ocrx_word' id='word_1_221' title='bbox 611 3291 635 3339; x_wconf 88' lang='lat'><em>3.</em></span> <span class='ocrx_word' id='word_1_222' title='bbox 655 3285 712 3356; x_wconf 80' lang='grc' dir='ltr'><em>ἴση]</em></span> <span class='ocrx_word' id='word_1_223' title='bbox 728 3284 758 3340; x_wconf 88' lang='lat' dir='ltr'><em>in</em></span> <span class='ocrx_word' id='word_1_224' title='bbox 773 3302 826 3341; x_wconf 79' lang='lat' dir='ltr'><em>ras.</em></span> <span class='ocrx_word' id='word_1_225' title='bbox 837 3284 871 3341; x_wconf 87' lang='lat' dir='ltr'><em>V.</em></span> <span class='ocrx_word' id='word_1_226' title='bbox 929 3294 953 3343; x_wconf 78' lang='grc' dir='ltr'><em>λ.</em></span> <span class='ocrx_word' id='word_1_227' title='bbox 974 3302 1145 3371; x_wconf 85' lang='grc' dir='ltr'><em>παραλληλο</em></span> 
     </span>
     <span class='ocr_line' id='line_1_29' title="bbox 121 3352 1145 3444; baseline 0.01 -37"><span class='ocrx_word' id='word_1_228' title='bbox 121 3373 205 3426; x_wconf 83' lang='lat' dir='ltr'>supra</span> <span class='ocrx_word' id='word_1_229' title='bbox 229 3373 279 3410; x_wconf 79' lang='lat' dir='ltr'><em>scr.</em></span> <span class='ocrx_word' id='word_1_230' title='bbox 299 3352 434 3426; x_wconf 89' lang='grc' dir='ltr'><em>γράμμων</em></span> <span class='ocrx_word' id='word_1_231' title='bbox 459 3354 497 3423; x_wconf 84' lang='lat' dir='ltr'><em>V;</em></span> <span class='ocrx_word' id='word_1_232' title='bbox 526 3371 578 3424; x_wconf 81' lang='lat' dir='ltr'><em>ego</em></span> <span class='ocrx_word' id='word_1_233' title='bbox 598 3355 686 3411; x_wconf 85' lang='lat' dir='ltr'>deleo.</span> <span class='ocrx_word' id='word_1_234' title='bbox 778 3363 802 3412; x_wconf 90' lang='lat'><em>8.</em></span> <span class='ocrx_word' id='word_1_235' title='bbox 827 3361 1145 3444; x_wconf 69' lang='grc' dir='ltr'><em>παραλληλογράμμου]</em></span> 
     </span>
     <span class='ocr_line' id='line_1_30' title="bbox 115 3422 1147 3507; baseline 0.019 -27"><span class='ocrx_word' id='word_1_236' title='bbox 115 3428 192 3487; x_wconf 77' lang='lat' dir='ltr'>infra</span> <span class='ocrx_word' id='word_1_237' title='bbox 212 3447 265 3488; x_wconf 79' lang='lat' dir='ltr'>sor.</span> <span class='ocrx_word' id='word_1_238' title='bbox 286 3422 430 3502; x_wconf 77' lang='grc' dir='ltr'><em>τμήματος</em></span> <span class='ocrx_word' id='word_1_239' title='bbox 444 3425 488 3496; x_wconf 61' lang='grc' dir='ltr'><em>Ἲς</em></span> <span class='ocrx_word' id='word_1_240' title='bbox 506 3428 536 3482; x_wconf 61' lang='grc' dir='ltr'><em>οδ</em></span> <span class='ocrx_word' id='word_1_241' title='bbox 552 3426 594 3481; x_wconf 60' lang='grc' dir='ltr'><em>εἰς.</em></span> <span class='ocrx_word' id='word_1_242' title='bbox 609 3426 795 3482; x_wconf 61' lang='grc' dir='ltr'><em>εοτίδοαδοω.</em></span> <span class='ocrx_word' id='word_1_243' title='bbox 856 3434 897 3483; x_wconf 82' lang='grc'><em>14.</em></span> <span class='ocrx_word' id='word_1_244' title='bbox 919 3425 1147 3507; x_wconf 77' lang='grc' dir='ltr'><em>ἀνασταθέντος</em></span> 
     </span>
     <span class='ocr_line' id='line_1_31' title="bbox 109 3500 474 3580; baseline 0.003 -19"><span class='ocrx_word' id='word_1_245' title='bbox 109 3503 290 3580; x_wconf 81' lang='grc' dir='ltr'><em>πρίσματος]</em></span> <span class='ocrx_word' id='word_1_246' title='bbox 308 3504 340 3560; x_wconf 87' lang='lat' dir='ltr'><em>in</em></span> <span class='ocrx_word' id='word_1_247' title='bbox 359 3519 417 3560; x_wconf 72' lang='lat' dir='ltr'><em>tas.</em></span> <span class='ocrx_word' id='word_1_248' title='bbox 434 3500 474 3557; x_wconf 68' lang='lat' dir='ltr'><em>V·</em></span> 
     </span>
    </p>
   </div>
   <div class='ocr_carea' id='block_1_6' title="bbox 0 0 1186 3796">
    <p class='ocr_par' dir='ltr' id='par_1_10' title="bbox 0 0 1186 3796">
     <span class='ocr_line' id='line_1_32' title="bbox 0 0 1186 3796; baseline 0 0"><span class='ocrx_word' id='word_1_249' title='bbox 0 0 1186 3796; x_wconf 95' lang='lat' dir='ltr'><em> </em></span> 
     </span>
    </p>
   </div>
  </div>
 </body>
</html>
