2362 3796
74 195 139 260 '138
333 196 515 247 mmlx
534 195 771 248 scnomomffl
789 196 835 247 w,

72 355 174 423 σαρσι
191 349 263 415 τοῖς
280 333 346 404 ἀπὸ
366 341 434 405 τών
453 362 507 422 αγ,
521 339 563 420 γβ
578 333 810 420 τετραγώνοις·
835 341 909 412 ἶσος
923 333 990 418 γάρ
1005 335 1080 401 ἐστιν

72 439 156 527 δαγ
179 444 224 532 τῷ
243 447 297 528 γβ.
334 444 369 509 οί
389 439 454 529 ἄρα
476 439 543 509 ἀπὸ
565 443 635 509 τών
659 443 713 524 αδ,
729 444 772 525 δβ
794 437 1002 523 τετράγωνοι
1026 448 1080 506 ίσοι

51 537 140 614 ἐἰσὶ
161 550 208 637 τῷ
231 572 267 614 τε
289 548 343 626 δὶς
365 549 401 613 έκ
423 558 492 615 τῶν
516 550 570 630 αδ,
590 549 633 630 δβ
659 545 715 611 καὶ
742 545 899 628 τέσσαρσι
930 559 1003 624 τοῖς
1024 543 1079 613 ιἰπδ

73 655 142 721 τών
164 656 219 737 βγ,
233 678 286 737 γα.
330 652 386 718 καὶ
410 652 480 720 ἐπεὶ
504 650 522 719 ὁ
547 654 582 719 ἐκ
604 655 672 719 τών
696 654 749 735 αδ,
768 653 810 735 δβ
832 647 914 735 μετὰ
940 653 1002 717 τοῦ
1025 648 1080 718 ἀπὸ

37 760 136 830 στοῦ
159 762 203 843 γβ
230 766 302 837 ίσος
330 757 399 826 ἐστὶ
425 761 470 847 τῷ
494 755 559 825 ἀπὸ
583 761 643 824 τοῦ
667 760 724 842 γδ,
754 753 772 823 ὁ
797 754 863 843 ἄρα
886 755 940 834 δὶς
964 758 1001 823 ἐκ
1023 759 1081 824 τών

72 867 127 945 αδ,
145 866 189 946 δβ
219 860 300 948 μετὰ
333 862 395 930 δύο
427 867 496 930 τών
529 860 595 930 ἀπὸ
646 916 665 949 a
817 916 832 963 7
981 900 999 969 β
1064 899 1078 950 5

71 971 133 1036 τοῦ
155 972 198 1052 γβ
226 976 300 1047 ίσος
327 970 396 1036 ἐστὶ
425 969 503 1036 δυσὶ
526 981 596 1046 τοῖς
654 966 1076 1003 '—-‘'—*—‘¹

73 1069 139 1141 ἀπὸ
162 1076 224 1141 τοῦ
247 1078 297 1158 γδ.
335 1077 371 1140 οί
391 1072 458 1162 ἄρα
480 1071 546 1141 ἀπὸ
569 1077 639 1141 τών
662 1077 718 1157 αδ,
732 1077 774 1158 δβ
797 1071 1001 1157 τετράγωνοι
1025 1081 1083 1140 ίσοι

72 1178 137 1246 εἰσὶ
161 1179 238 1246 δυσὶ
261 1192 332 1258 τοῖς
354 1178 420 1246 ἀπὸ
444 1183 506 1247 τοῦ
530 1184 572 1264 γδ
595 1179 651 1246 καὶ
677 1177 756 1246 δνσὶ
778 1190 849 1256 τοῖς
872 1173 939 1244 ἀπὸ
959 1183 1022 1245 τοῦ
1040 1204 1082 1262 αγ.

21 1309 55 1358 10
74 1284 245 1352 διπλάσιοι
268 1283 333 1368 ἄρα
356 1284 443 1351 εἰσὶν
465 1296 534 1352 τών
558 1283 624 1351 ἀπὸ
647 1289 716 1351 τών
746 1310 803 1369 αγ,
823 1287 874 1368 γδ.
921 1288 982 1350 καί
1003 1285 1083 1352 ἐστιν

74 1388 93 1459 ὁ
121 1389 183 1476 μὲν
210 1388 274 1457 ἀπὸ
301 1394 362 1457 τοῦ
391 1393 435 1456 αδ
461 1390 669 1475 τετράγωνος
697 1387 715 1456 ὁ
745 1387 811 1456 ἆπδ
839 1399 900 1455 τοῦ
929 1386 1015 1457 ὅλου
1036 1388 1081 1457 καί

72 1499 135 1564 τοῦ
157 1495 410 1580 προσκειμένου,
435 1493 452 1563 ὁ
478 1495 516 1564 δὲ
539 1492 604 1563 ἀπὸ
627 1499 688 1563 τοῦ
708 1500 750 1582 δβ
776 1493 792 1562 ὁ
818 1490 883 1562 ἀπὸ
907 1499 972 1563 τοῦ
991 1514 1082 1584 προσ-

72 1601 238 1686 κειμένου,
262 1598 280 1667 ὁ
306 1601 343 1669 δὲ
366 1600 431 1670 ἀπὸ
455 1606 517 1670 τοῦ
536 1606 579 1688 γδ
603 1599 621 1670 ὁ
644 1600 709 1669 ἀπὸ
730 1605 792 1668 τοῦ
812 1602 1082 1687 συγκειμένουέιι

72 1731 107 1773 τε
128 1710 190 1773 τοῦ
213 1703 349 1793 ἡμίσεος
371 1709 427 1775 καὶ
447 1719 509 1776 τοῦ
527 1709 776 1795 προσκειμένου.
814 1704 832 1774 ὁ
852 1704 919 1792 ἄρα
939 1703 1079 1775 ἀπὸτοῦ

21 1831 55 1882 15
74 1808 158 1879 ὅλον
181 1811 244 1880 σὺν
272 1817 318 1904 τώ
340 1815 568 1904 προσκειμένῳ
591 1813 798 1901 τετράγωνος
825 1811 906 1898 μετὰ
936 1817 999 1881 τοῦ
1025 1813 1082 1880 ἀπὸ

72 1920 133 1985 τοῦ
156 1921 399 2006 προσκειμένου
423 1919 597 1998 διπλάσιός
616 1922 684 1987 ἐστι
702 1922 763 1986 τοῦ
781 1917 930 2002 ἀπὸτοῦ
952 1921 1083 2006 ἡμίσεος

73 2021 154 2108 μετὰ
176 2030 237 2093 τοῦ
260 2024 324 2093 ἀπὸ
348 2030 409 2093 τοῦ
433 2025 652 2111 συγκειμένου
676 2030 712 2092 έκ
736 2051 770 2091 τε
793 2027 854 2091 τοῦ
873 2021 1013 2110 ἡμίσεος
1036 2023 1084 2091 καὶ

72 2133 133 2196 τοῦ
156 2132 407 2218 προσκειμένου.Ι

141 2234 200 2302 ἐὰν
223 2235 290 2324 ἄρα
312 2235 426 2323 ἄρτιος
449 2236 597 2323 ἀριθμὸς
619 2241 702 2322 δίχα·
720 2238 894 2322 διαιρεθῇ,
918 2236 1085 2322 προστεθὴ

21 2364 55 2411 20
75 2341 116 2407 δέ
134 2366 184 2419 τις
207 2340 297 2434 αὐτῷ
323 2345 434 2429 ἕτερος
456 2341 616 2429 ἀριθμός,
640 2341 659 2410 ὁ
683 2340 748 2409 ἀπὸ
772 2346 832 2409 τοῦ
857 2341 940 2408 ὅλου
960 2339 1028 2408 σὺν
1046 2341 1086 2430 τῷ

73 2448 301 2539 προσκειμένῳ
334 2448 390 2515 καὶ
424 2444 442 2514 ὁ
475 2445 541 2515 ἀπὸ
575 2452 636 2514 τοῦ
668 2448 911 2535 προσκειμένου
946 2449 982 2512 οί
1014 2467 1085 2514 συν-

73 2553 258 2639 αμφότεροι
290 2553 494 2641 τετράγωνοι
528 2552 702 2620 διπλάσιοί
731 2558 795 2621 είσι
831 2557 893 2619 τοῦ
929 2549 997 2619 ἀπὸ
1031 2559 1086 2619 τοῦ

72 2656 210 2742 ἡμίσεος
231 2658 446 2746 τετραγώνου
472 2659 529 2725 καὶ
551 2662 612 2726 τοῦ
636 2655 701 2724 ἀπὸ
725 2668 786 2724 τοῦ
810 2658 1033 2743 συγκειμένου
1056 2660 1088 2722 έκ

58 2772 107 2830 ’τε
139 2767 200 2830 τοῦ
231 2761 367 2850 ἡμίσεος
396 2764 451 2830 καὶ
483 2767 544 2830 τοῦ
576 2764 819 2850 προσκειμένου
847 2760 891 2842 ώς
920 2760 984 2849 ἀφ’
1015 2760 1088 2840 ἑνὸς

21 2890 55 2940 25
74 2869 300 2958 τετραγώνου·
329 2870 410 2958 ὅπερ
433 2874 501 2937 ἔδει
525 2871 640 2950 δείξαι.
