<?xml version="1.0" encoding="UTF-8"?>
<!DOCTYPE html PUBLIC "-//W3C//DTD XHTML 1.0 Transitional//EN"
    "http://www.w3.org/TR/xhtml1/DTD/xhtml1-transitional.dtd">
<html xmlns="http://www.w3.org/1999/xhtml" xml:lang="en" lang="en">
 <head>
  <title>
</title>
<meta http-equiv="Content-Type" content="text/html;charset=utf-8" />
  <meta name='ocr-system' content='tesseract 3.04.00' />
  <meta name='ocr-capabilities' content='ocr_page ocr_carea ocr_par ocr_line ocrx_word'/>
</head>
<body>
  <div class='ocr_page' id='page_1' title='image "./euclidisoperaom02unkngoog_0754.png"; bbox 0 0 2362 3796; ppageno 0'>
   <div class='ocr_carea' id='block_1_1' title="bbox 201 152 1061 220">
    <p class='ocr_par' dir='ltr' id='par_1_1' title="bbox 201 152 1061 220">
     <span class='ocr_line' id='line_1_1' title="bbox 201 152 1061 220; baseline -0.008 -4"><span class='ocrx_word' id='word_1_1' title='bbox 201 164 356 216; x_wconf 79' lang='lat' dir='ltr'>SOHOLIA</span> <span class='ocrx_word' id='word_1_2' title='bbox 374 164 413 215; x_wconf 83' lang='lat' dir='ltr'><strong><em>IN</em></strong></span> <span class='ocrx_word' id='word_1_3' title='bbox 431 159 706 213; x_wconf 80' lang='lat' dir='ltr'><strong>ELEMENTORUM</strong></span> <span class='ocrx_word' id='word_1_4' title='bbox 723 159 862 210; x_wconf 87' lang='lat' dir='ltr'>LIBRUM</span> <span class='ocrx_word' id='word_1_5' title='bbox 876 160 937 211; x_wconf 89' lang='lat' dir='ltr'>XII.</span> <span class='ocrx_word' id='word_1_6' title='bbox 997 152 1061 220; x_wconf 79' lang='grc'><strong><em>637</em></strong></span> 
     </span>
    </p>
   </div>
   <div class='ocr_carea' id='block_1_2' title="bbox 52 296 1121 1450">
    <p class='ocr_par' dir='ltr' id='par_1_2' title="bbox 52 296 1064 604">
     <span class='ocr_line' id='line_1_2' title="bbox 52 296 1063 392; baseline -0.009 -18"><span class='ocrx_word' id='word_1_7' title='bbox 52 317 113 375; x_wconf 84' lang='grc' dir='ltr'><strong><em>τοῦ</em></strong></span> <span class='ocrx_word' id='word_1_8' title='bbox 136 310 251 392; x_wconf 82' lang='grc' dir='ltr'><strong><em>τρίτου</em></strong></span> <span class='ocrx_word' id='word_1_9' title='bbox 274 304 395 390; x_wconf 79' lang='grc' dir='ltr'><strong><em>μέρους</em></strong></span> <span class='ocrx_word' id='word_1_10' title='bbox 416 305 478 369; x_wconf 84' lang='grc' dir='ltr'><strong><em>τοῦ</em></strong></span> <span class='ocrx_word' id='word_1_11' title='bbox 497 303 692 388; x_wconf 73' lang='grc' dir='ltr'><strong><em>κυλίνδρου,</em></strong></span> <span class='ocrx_word' id='word_1_12' title='bbox 716 296 760 378; x_wconf 79' lang='grc' dir='ltr'><strong><em>ὡς</em></strong></span> <span class='ocrx_word' id='word_1_13' title='bbox 779 301 928 384; x_wconf 76' lang='grc' dir='ltr'><em>ἐδείχθη·</em></span> <span class='ocrx_word' id='word_1_14' title='bbox 952 304 1063 384; x_wconf 81' lang='grc' dir='ltr'><strong><em>μεῖζον</em></strong></span> 
     </span>
     <span class='ocr_line' id='line_1_3' title="bbox 52 403 1064 497; baseline -0.009 -18"><span class='ocrx_word' id='word_1_15' title='bbox 52 411 119 495; x_wconf 85' lang='grc' dir='ltr'><strong><em>ἀρα</em></strong></span> <span class='ocrx_word' id='word_1_16' title='bbox 152 411 208 478; x_wconf 84' lang='grc' dir='ltr'><strong><em>καὶ</em></strong></span> <span class='ocrx_word' id='word_1_17' title='bbox 239 408 277 478; x_wconf 88' lang='grc' dir='ltr'><strong><em>τὸ</em></strong></span> <span class='ocrx_word' id='word_1_18' title='bbox 310 413 437 497; x_wconf 84' lang='grc' dir='ltr'><strong><em>πρίσμα</em></strong></span> <span class='ocrx_word' id='word_1_19' title='bbox 467 409 530 475; x_wconf 91' lang='grc' dir='ltr'><strong><em>τοῦ</em></strong></span> <span class='ocrx_word' id='word_1_20' title='bbox 560 409 743 494; x_wconf 78' lang='grc' dir='ltr'><strong><em>κυλίνδρου</em></strong></span> <span class='ocrx_word' id='word_1_21' title='bbox 776 403 832 472; x_wconf 80' lang='grc' dir='ltr'><strong><em>διὰ</em></strong></span> <span class='ocrx_word' id='word_1_22' title='bbox 862 403 908 471; x_wconf 89' lang='grc' dir='ltr'><strong><em>ιδ’</em></strong></span> <span class='ocrx_word' id='word_1_23' title='bbox 935 407 997 472; x_wconf 90' lang='grc' dir='ltr'><strong><em>τοῦ</em></strong></span> <span class='ocrx_word' id='word_1_24' title='bbox 1026 404 1064 471; x_wconf 79' lang='grc' dir='ltr'><strong><em>ε’·</em></strong></span> 
     </span>
     <span class='ocr_line' id='line_1_4' title="bbox 54 511 1019 604; baseline -0.009 -18"><span class='ocrx_word' id='word_1_25' title='bbox 54 517 136 604; x_wconf 81' lang='grc' dir='ltr'><strong><em>ὅπερ</em></strong></span> <span class='ocrx_word' id='word_1_26' title='bbox 160 515 299 601; x_wconf 85' lang='grc' dir='ltr'><strong><em>ἀτοπον,</em></strong></span> <span class='ocrx_word' id='word_1_27' title='bbox 325 511 362 582; x_wconf 88' lang='grc' dir='ltr'><strong><em>τὸ</em></strong></span> <span class='ocrx_word' id='word_1_28' title='bbox 388 515 664 600; x_wconf 81' lang='grc' dir='ltr'><strong><em>ἐμπεριεχόμενον</em></strong></span> <span class='ocrx_word' id='word_1_29' title='bbox 687 515 748 580; x_wconf 92' lang='grc' dir='ltr'><strong><em>τοῦ</em></strong></span> <span class='ocrx_word' id='word_1_30' title='bbox 770 511 1019 598; x_wconf 67' lang='grc' dir='ltr'><strong><em>περιίχοντος.1)</em></strong></span> 
     </span>
    </p>

    <p class='ocr_par' dir='ltr' id='par_1_3' title="bbox 55 615 1121 1450">
     <span class='ocr_line' id='line_1_5' title="bbox 121 615 1064 704; baseline -0.008 -14"><span class='ocrx_word' id='word_1_31' title='bbox 121 626 173 691; x_wconf 86' lang='grc'><strong><em>54.</em></strong></span> <span class='ocrx_word' id='word_1_32' title='bbox 211 618 279 688; x_wconf 88' lang='grc' dir='ltr'><strong><em>Διά</em></strong></span> <span class='ocrx_word' id='word_1_33' title='bbox 300 618 338 687; x_wconf 89' lang='grc' dir='ltr'><strong><em>τὸ</em></strong></span> <span class='ocrx_word' id='word_1_34' title='bbox 359 620 498 687; x_wconf 80' lang='grc' dir='ltr'><strong><em>δέκατον</em></strong></span> <span class='ocrx_word' id='word_1_35' title='bbox 516 621 579 686; x_wconf 92' lang='grc' dir='ltr'><strong><em>τοῦ</em></strong></span> <span class='ocrx_word' id='word_1_36' title='bbox 597 617 626 686; x_wconf 80' lang='grc' dir='ltr'><strong><em>ε’</em></strong></span> <span class='ocrx_word' id='word_1_37' title='bbox 645 622 792 704; x_wconf 78' lang='grc' dir='ltr'><strong><em>βιβλίου·</em></strong></span> <span class='ocrx_word' id='word_1_38' title='bbox 813 620 875 685; x_wconf 90' lang='grc' dir='ltr'><strong><em>τοῦ</em></strong></span> <span class='ocrx_word' id='word_1_39' title='bbox 892 615 957 703; x_wconf 77' lang='grc' dir='ltr'><strong><em>γὰρ</em></strong></span> <span class='ocrx_word' id='word_1_40' title='bbox 972 621 1064 704; x_wconf 85' lang='grc' dir='ltr'><strong><em>πρίσ-</em></strong></span> 
     </span>
     <span class='ocr_line' id='line_1_6' title="bbox 55 724 1118 815; baseline -0.004 -19"><span class='ocrx_word' id='word_1_41' title='bbox 55 754 158 815; x_wconf 81' lang='grc' dir='ltr'><strong><em>ματος</em></strong></span> <span class='ocrx_word' id='word_1_42' title='bbox 180 729 241 795; x_wconf 86' lang='grc' dir='ltr'><strong><em>τοῦ</em></strong></span> <span class='ocrx_word' id='word_1_43' title='bbox 263 725 301 795; x_wconf 87' lang='grc' dir='ltr'><strong><em>τὸ</em></strong></span> <span class='ocrx_word' id='word_1_44' title='bbox 330 724 529 812; x_wconf 77' lang='grc' dir='ltr'><strong><em>πολύγωνον</em></strong></span> <span class='ocrx_word' id='word_1_45' title='bbox 558 730 692 811; x_wconf 75' lang='grc' dir='ltr'><strong><em>ἔχοντος</em></strong></span> <span class='ocrx_word' id='word_1_46' title='bbox 719 724 820 810; x_wconf 85' lang='grc' dir='ltr'><strong><em>βάσιν</em></strong></span> <span class='ocrx_word' id='word_1_47' title='bbox 846 729 1065 808; x_wconf 85' lang='grc' dir='ltr'><strong><em>τριπλασίονα</em></strong></span> <span class='ocrx_word' id='word_1_48' title='bbox 1103 742 1118 792; x_wconf 78' lang='grc' dir='ltr'><strong><em>ο</em></strong></span> 
     </span>
     <span class='ocr_line' id='line_1_7' title="bbox 55 822 1066 921; baseline -0.006 -19"><span class='ocrx_word' id='word_1_49' title='bbox 55 834 159 921; x_wconf 77' lang='grc' dir='ltr'><strong><em>λόγον</em></strong></span> <span class='ocrx_word' id='word_1_50' title='bbox 183 838 317 920; x_wconf 81' lang='grc' dir='ltr'><strong><em>ἔχοντος</em></strong></span> <span class='ocrx_word' id='word_1_51' title='bbox 339 830 424 921; x_wconf 86' lang='grc' dir='ltr'><strong><em>πρὸς</em></strong></span> <span class='ocrx_word' id='word_1_52' title='bbox 444 829 506 919; x_wconf 82' lang='grc' dir='ltr'><strong><em>τὴν</em></strong></span> <span class='ocrx_word' id='word_1_53' title='bbox 529 835 715 918; x_wconf 79' lang='grc' dir='ltr'><strong><em>πυραμίδα,</em></strong></span> <span class='ocrx_word' id='word_1_54' title='bbox 739 822 778 918; x_wconf 79' lang='grc' dir='ltr'><strong><em>ἧς</em></strong></span> <span class='ocrx_word' id='word_1_55' title='bbox 800 829 837 899; x_wconf 89' lang='grc' dir='ltr'><strong><em>τὸ</em></strong></span> <span class='ocrx_word' id='word_1_56' title='bbox 862 827 943 898; x_wconf 86' lang='grc' dir='ltr'><strong><em>αῦτό</em></strong></span> <span class='ocrx_word' id='word_1_57' title='bbox 968 831 1066 897; x_wconf 87' lang='grc' dir='ltr'><strong><em>πολύ-</em></strong></span> 
     </span>
     <span class='ocr_line' id='line_1_8' title="bbox 55 935 1066 1028; baseline -0.007 -19"><span class='ocrx_word' id='word_1_58' title='bbox 55 966 170 1028; x_wconf 77' lang='grc' dir='ltr'><strong><em>γωνον</em></strong></span> <span class='ocrx_word' id='word_1_59' title='bbox 189 937 295 1025; x_wconf 85' lang='grc' dir='ltr'><strong><em>βάσις,</em></strong></span> <span class='ocrx_word' id='word_1_60' title='bbox 314 942 376 1006; x_wconf 93' lang='grc' dir='ltr'><strong><em>τοῦ</em></strong></span> <span class='ocrx_word' id='word_1_61' title='bbox 395 936 433 1005; x_wconf 73' lang='grc' dir='ltr'><strong><em>δὲ</em></strong></span> <span class='ocrx_word' id='word_1_62' title='bbox 446 941 630 1024; x_wconf 84' lang='grc' dir='ltr'><strong><em>κυλίνδρου</em></strong></span> <span class='ocrx_word' id='word_1_63' title='bbox 644 939 802 1005; x_wconf 80' lang='grc' dir='ltr'><strong><em>ἐλάττονα</em></strong></span> <span class='ocrx_word' id='word_1_64' title='bbox 817 935 873 1004; x_wconf 84' lang='grc' dir='ltr'><strong><em>διὰ</em></strong></span> <span class='ocrx_word' id='word_1_65' title='bbox 887 935 925 1007; x_wconf 87' lang='grc' dir='ltr'><strong><em>τὸ</em></strong></span> <span class='ocrx_word' id='word_1_66' title='bbox 941 935 1066 1022; x_wconf 84' lang='grc' dir='ltr'><strong><em>ταύτην</em></strong></span> 
     </span>
     <span class='ocr_line' id='line_1_9' title="bbox 56 1039 1066 1134; baseline -0.006 -20"><span class='ocrx_word' id='word_1_67' title='bbox 56 1051 192 1134; x_wconf 78' lang='grc' dir='ltr'><strong><em>μείζονα</em></strong></span> <span class='ocrx_word' id='word_1_68' title='bbox 212 1047 388 1130; x_wconf 74' lang='grc' dir='ltr'><strong><em>δειχθῆναι</em></strong></span> <span class='ocrx_word' id='word_1_69' title='bbox 411 1039 432 1130; x_wconf 78' lang='grc' dir='ltr'><em>ἢ</em></span> <span class='ocrx_word' id='word_1_70' title='bbox 451 1042 489 1111; x_wconf 90' lang='grc' dir='ltr'><strong><em>τὸ</em></strong></span> <span class='ocrx_word' id='word_1_71' title='bbox 508 1047 621 1130; x_wconf 89' lang='grc' dir='ltr'><strong><em>τρίτον</em></strong></span> <span class='ocrx_word' id='word_1_72' title='bbox 639 1053 700 1111; x_wconf 86' lang='grc' dir='ltr'><strong><em>τοῦ</em></strong></span> <span class='ocrx_word' id='word_1_73' title='bbox 719 1046 913 1127; x_wconf 89' lang='grc' dir='ltr'><strong><em>κυλίνδρου,</em></strong></span> <span class='ocrx_word' id='word_1_74' title='bbox 937 1039 1066 1127; x_wconf 78' lang='grc' dir='ltr'><strong><em>ἀνάγκη</em></strong></span> 
     </span>
     <span class='ocr_line' id='line_1_10' title="bbox 57 1146 1067 1239; baseline -0.005 -18"><span class='ocrx_word' id='word_1_75' title='bbox 57 1152 190 1231; x_wconf 83' lang='grc' dir='ltr'><strong><em>πάντως</em></strong></span> <span class='ocrx_word' id='word_1_76' title='bbox 216 1149 254 1218; x_wconf 89' lang='grc' dir='ltr'><strong><em>τὸ</em></strong></span> <span class='ocrx_word' id='word_1_77' title='bbox 283 1155 409 1239; x_wconf 82' lang='grc' dir='ltr'><strong><em>πρίσμα</em></strong></span> <span class='ocrx_word' id='word_1_78' title='bbox 433 1155 545 1237; x_wconf 79' lang='grc' dir='ltr'><strong><em>μεῖζον</em></strong></span> <span class='ocrx_word' id='word_1_79' title='bbox 568 1146 655 1218; x_wconf 88' lang='grc' dir='ltr'><strong><em>είναι</em></strong></span> <span class='ocrx_word' id='word_1_80' title='bbox 679 1152 740 1236; x_wconf 85' lang='grc' dir='ltr'><strong><em>τοῦ</em></strong></span> <span class='ocrx_word' id='word_1_81' title='bbox 762 1152 954 1237; x_wconf 89' lang='grc' dir='ltr'><strong><em>κυλίνδρου.</em></strong></span> <span class='ocrx_word' id='word_1_82' title='bbox 999 1150 1067 1216; x_wconf 83' lang='grc' dir='ltr'><strong><em>τῦν</em></strong></span> 
     </span>
     <span class='ocr_line' id='line_1_11' title="bbox 56 1253 1121 1346; baseline 0 -23"><span class='ocrx_word' id='word_1_83' title='bbox 56 1255 121 1346; x_wconf 77' lang='grc' dir='ltr'><strong><em>γὰρ</em></strong></span> <span class='ocrx_word' id='word_1_84' title='bbox 149 1256 231 1346; x_wconf 89' lang='grc' dir='ltr'><strong><em>πρὸς</em></strong></span> <span class='ocrx_word' id='word_1_85' title='bbox 258 1255 296 1324; x_wconf 91' lang='grc' dir='ltr'><strong><em>τὸ</em></strong></span> <span class='ocrx_word' id='word_1_86' title='bbox 325 1254 408 1324; x_wconf 82' lang='grc' dir='ltr'><strong><em>αὐτὸ</em></strong></span> <span class='ocrx_word' id='word_1_87' title='bbox 436 1255 540 1342; x_wconf 72' lang='grc' dir='ltr'><strong><em>λόγον</em></strong></span> <span class='ocrx_word' id='word_1_88' title='bbox 568 1255 713 1342; x_wconf 80' lang='grc' dir='ltr'><strong><em>ἐχόντων</em></strong></span> <span class='ocrx_word' id='word_1_89' title='bbox 740 1253 777 1323; x_wconf 91' lang='grc' dir='ltr'><strong><em>τὸ</em></strong></span> <span class='ocrx_word' id='word_1_90' title='bbox 807 1260 940 1341; x_wconf 82' lang='grc' dir='ltr'><strong><em>μείζονα</em></strong></span> <span class='ocrx_word' id='word_1_91' title='bbox 963 1253 1067 1340; x_wconf 84' lang='grc' dir='ltr'><strong><em>λόγον</em></strong></span> <span class='ocrx_word' id='word_1_92' title='bbox 1088 1274 1121 1324; x_wconf 84' lang='lat'><strong><em>10</em></strong></span> 
     </span>
     <span class='ocr_line' id='line_1_12' title="bbox 58 1362 525 1450; baseline 0 -20"><span class='ocrx_word' id='word_1_93' title='bbox 58 1368 136 1450; x_wconf 78' lang='grc' dir='ltr'><strong><em>ἔχον</em></strong></span> <span class='ocrx_word' id='word_1_94' title='bbox 160 1366 266 1432; x_wconf 82' lang='grc' dir='ltr'><strong><em>ἐκεῖνο</em></strong></span> <span class='ocrx_word' id='word_1_95' title='bbox 291 1362 403 1450; x_wconf 82' lang='grc' dir='ltr'><strong><em>μεῖζόν</em></strong></span> <span class='ocrx_word' id='word_1_96' title='bbox 427 1365 525 1430; x_wconf 77' lang='grc' dir='ltr'><strong><em>ἐστιν.</em></strong></span> 
     </span>
    </p>
   </div>
   <div class='ocr_carea' id='block_1_3' title="bbox 60 1558 1126 2931">
    <p class='ocr_par' dir='ltr' id='par_1_4' title="bbox 436 1558 698 1643">
     <span class='ocr_line' id='line_1_13' title="bbox 436 1558 698 1643; baseline 0.004 -21"><span class='ocrx_word' id='word_1_97' title='bbox 436 1559 494 1622; x_wconf 77' lang='lat' dir='ltr'><strong><em>Ad</em></strong></span> <span class='ocrx_word' id='word_1_98' title='bbox 517 1581 620 1643; x_wconf 85' lang='lat' dir='ltr'><strong>prop.</strong></span> <span class='ocrx_word' id='word_1_99' title='bbox 643 1558 698 1624; x_wconf 88' lang='lat' dir='ltr'><strong><em>XI.</em></strong></span> 
     </span>
    </p>

    <p class='ocr_par' dir='ltr' id='par_1_5' title="bbox 60 1677 1123 2296">
     <span class='ocr_line' id='line_1_14' title="bbox 126 1677 1074 1767; baseline -0.006 -17"><span class='ocrx_word' id='word_1_100' title='bbox 126 1687 178 1750; x_wconf 82' lang='lat'><strong><em>55.</em></strong></span> <span class='ocrx_word' id='word_1_101' title='bbox 211 1678 321 1766; x_wconf 80' lang='grc' dir='ltr'><strong><em>Λοιπὴ</em></strong></span> <span class='ocrx_word' id='word_1_102' title='bbox 341 1677 440 1767; x_wconf 83' lang='grc' dir='ltr'><strong><em>ἀραὴ</em></strong></span> <span class='ocrx_word' id='word_1_103' title='bbox 456 1684 600 1767; x_wconf 86' lang='grc' dir='ltr'><strong><em>πυραμίς</em></strong></span> <span class='ocrx_word' id='word_1_104' title='bbox 614 1705 646 1766; x_wconf 89' lang='lat' dir='ltr'><strong><em>p.</em></strong></span> <span class='ocrx_word' id='word_1_105' title='bbox 659 1684 734 1765; x_wconf 82' lang='lat'><strong><em>200,</em></strong></span> <span class='ocrx_word' id='word_1_106' title='bbox 748 1684 782 1763; x_wconf 87' lang='lat'><strong><em>3]</em></strong></span> <span class='ocrx_word' id='word_1_107' title='bbox 803 1684 833 1747; x_wconf 87' lang='grc' dir='ltr'><strong><em>εί</em></strong></span> <span class='ocrx_word' id='word_1_108' title='bbox 845 1677 910 1767; x_wconf 76' lang='grc' dir='ltr'><strong><em>γὰρ</em></strong></span> <span class='ocrx_word' id='word_1_109' title='bbox 924 1677 965 1746; x_wconf 84' lang='grc' dir='ltr'><strong><em>τά</em></strong></span> <span class='ocrx_word' id='word_1_110' title='bbox 979 1680 1016 1763; x_wconf 97' lang='grc' dir='ltr'><strong><em>Ξ,</em></strong></span> <span class='ocrx_word' id='word_1_111' title='bbox 1037 1685 1074 1744; x_wconf 99' lang='grc' dir='ltr'><strong>Ψ</strong></span> 
     </span>
     <span class='ocr_line' id='line_1_15' title="bbox 60 1782 1069 1876; baseline -0.005 -19"><span class='ocrx_word' id='word_1_112' title='bbox 60 1787 176 1876; x_wconf 81' lang='grc' dir='ltr'><strong><em>στερεὰ</em></strong></span> <span class='ocrx_word' id='word_1_113' title='bbox 201 1795 256 1854; x_wconf 88' lang='grc' dir='ltr'><strong><em>ίσα</em></strong></span> <span class='ocrx_word' id='word_1_114' title='bbox 280 1785 348 1852; x_wconf 82' lang='grc' dir='ltr'><strong><em>ἐστὶ</em></strong></span> <span class='ocrx_word' id='word_1_115' title='bbox 370 1795 416 1874; x_wconf 77' lang='grc' dir='ltr'><strong><em>τῷ</em></strong></span> <span class='ocrx_word' id='word_1_116' title='bbox 440 1791 514 1851; x_wconf 92' lang='grc' dir='ltr'><strong><em>ΕΝ</em></strong></span> <span class='ocrx_word' id='word_1_117' title='bbox 532 1783 641 1876; x_wconf 77' lang='grc' dir='ltr'><strong><em>κείνῳ,</em></strong></span> <span class='ocrx_word' id='word_1_118' title='bbox 665 1782 748 1852; x_wconf 81' lang='grc' dir='ltr'><strong><em>ἀλλὰ</em></strong></span> <span class='ocrx_word' id='word_1_119' title='bbox 771 1784 811 1851; x_wconf 86' lang='grc' dir='ltr'><strong><em>τά</em></strong></span> <span class='ocrx_word' id='word_1_120' title='bbox 829 1792 938 1871; x_wconf 82' lang='grc' dir='ltr'><strong><em>ΕΘΟ,</em></strong></span> <span class='ocrx_word' id='word_1_121' title='bbox 956 1792 1029 1852; x_wconf 93' lang='grc' dir='ltr'><strong><em>ΕΠ</em></strong></span> <span class='ocrx_word' id='word_1_122' title='bbox 1032 1792 1069 1871; x_wconf 90' lang='grc' dir='ltr'><strong><em>Ζ,</em></strong></span> 
     </span>
     <span class='ocr_line' id='line_1_16' title="bbox 62 1890 1123 1978; baseline -0.005 -14"><span class='ocrx_word' id='word_1_123' title='bbox 62 1901 171 1978; x_wconf 90' lang='grc' dir='ltr'><strong><em>ΖΡΗ,</em></strong></span> <span class='ocrx_word' id='word_1_124' title='bbox 186 1899 289 1958; x_wconf 81' lang='grc' dir='ltr'><strong><em>ΗΣΘ</em></strong></span> <span class='ocrx_word' id='word_1_125' title='bbox 304 1890 521 1978; x_wconf 80' lang='grc' dir='ltr'><strong><em>ἀποτμήματα</em></strong></span> <span class='ocrx_word' id='word_1_126' title='bbox 536 1892 701 1958; x_wconf 83' lang='grc' dir='ltr'><strong><em>ἐλάσσονοί</em></strong></span> <span class='ocrx_word' id='word_1_127' title='bbox 715 1893 783 1958; x_wconf 84' lang='grc' dir='ltr'><strong><em>ἐστι</em></strong></span> <span class='ocrx_word' id='word_1_128' title='bbox 797 1896 858 1959; x_wconf 91' lang='grc' dir='ltr'><strong><em>τοῦ</em></strong></span> <span class='ocrx_word' id='word_1_129' title='bbox 875 1899 913 1958; x_wconf 92' lang='grc' dir='ltr'><strong>Ψ</strong></span> <span class='ocrx_word' id='word_1_130' title='bbox 923 1895 1069 1976; x_wconf 81' lang='grc' dir='ltr'><strong><em>στερεοῦ,</em></strong></span> <span class='ocrx_word' id='word_1_131' title='bbox 1091 1908 1123 1959; x_wconf 78' lang='lat'><strong><em>15</em></strong></span> 
     </span>
     <span class='ocr_line' id='line_1_17' title="bbox 60 1988 1070 2086; baseline -0.005 -17"><span class='ocrx_word' id='word_1_132' title='bbox 60 1997 160 2085; x_wconf 83' lang='grc' dir='ltr'><strong><em>λοιπὴ</em></strong></span> <span class='ocrx_word' id='word_1_133' title='bbox 175 1997 240 2086; x_wconf 85' lang='grc' dir='ltr'><strong><em>ἀρα</em></strong></span> <span class='ocrx_word' id='word_1_134' title='bbox 254 1995 275 2084; x_wconf 78' lang='grc' dir='ltr'><em>ἡ</em></span> <span class='ocrx_word' id='word_1_135' title='bbox 291 2003 445 2084; x_wconf 88' lang='grc' dir='ltr'><strong><em>πυραμίς,</em></strong></span> <span class='ocrx_word' id='word_1_136' title='bbox 465 1988 505 2084; x_wconf 77' lang='grc' dir='ltr'><strong><em>ἧς</em></strong></span> <span class='ocrx_word' id='word_1_137' title='bbox 519 1996 615 2083; x_wconf 78' lang='grc' dir='ltr'><strong><em>βάσις</em></strong></span> <span class='ocrx_word' id='word_1_138' title='bbox 628 1995 666 2065; x_wconf 91' lang='grc' dir='ltr'><strong><em>τὸ</em></strong></span> <span class='ocrx_word' id='word_1_139' title='bbox 680 2003 959 2065; x_wconf 82' lang='grc' dir='ltr'><em>ΘΟΕΠΖΡΗΣ</em></span> <span class='ocrx_word' id='word_1_140' title='bbox 971 1996 1070 2066; x_wconf 83' lang='grc' dir='ltr'><strong><em>πολύ-</em></strong></span> 
     </span>
     <span class='ocr_line' id='line_1_18' title="bbox 60 2099 1074 2195; baseline -0.005 -19"><span class='ocrx_word' id='word_1_141' title='bbox 60 2133 185 2194; x_wconf 78' lang='grc' dir='ltr'><strong><em>γωνον,</em></strong></span> <span class='ocrx_word' id='word_1_142' title='bbox 208 2103 295 2184; x_wconf 77' lang='grc' dir='ltr'><strong><em>ῦψος</em></strong></span> <span class='ocrx_word' id='word_1_143' title='bbox 319 2103 356 2170; x_wconf 70' lang='grc' dir='ltr'><strong><em>δὲ</em></strong></span> <span class='ocrx_word' id='word_1_144' title='bbox 379 2128 415 2171; x_wconf 93' lang='grc' dir='ltr'><strong><em>το</em></strong></span> <span class='ocrx_word' id='word_1_145' title='bbox 441 2099 523 2171; x_wconf 89' lang='grc' dir='ltr'><strong><em>αῦτὸ</em></strong></span> <span class='ocrx_word' id='word_1_146' title='bbox 542 2107 588 2195; x_wconf 76' lang='grc' dir='ltr'><strong><em>τῷ</em></strong></span> <span class='ocrx_word' id='word_1_147' title='bbox 607 2102 716 2194; x_wconf 77' lang='grc' dir='ltr'><strong><em>κείνῳ,</em></strong></span> <span class='ocrx_word' id='word_1_148' title='bbox 740 2107 859 2190; x_wconf 82' lang='grc' dir='ltr'><strong><em>μείζων</em></strong></span> <span class='ocrx_word' id='word_1_149' title='bbox 877 2105 947 2172; x_wconf 80' lang='grc' dir='ltr'><strong><em>ἐστὶ</em></strong></span> <span class='ocrx_word' id='word_1_150' title='bbox 965 2108 1025 2171; x_wconf 90' lang='grc' dir='ltr'><strong><em>τοῦ</em></strong></span> <span class='ocrx_word' id='word_1_151' title='bbox 1044 2105 1074 2180; x_wconf 90' lang='grc' dir='ltr'><strong><em>Ξ</em></strong></span> 
     </span>
     <span class='ocr_line' id='line_1_19' title="bbox 60 2215 205 2296; baseline -0.021 -17"><span class='ocrx_word' id='word_1_152' title='bbox 60 2215 205 2296; x_wconf 83' lang='grc' dir='ltr'><strong><em>στερεοῦ.</em></strong></span> 
     </span>
    </p>

    <p class='ocr_par' dir='ltr' id='par_1_6' title="bbox 62 2314 1126 2931">
     <span class='ocr_line' id='line_1_20' title="bbox 129 2314 1075 2402; baseline 0 -19"><span class='ocrx_word' id='word_1_153' title='bbox 129 2319 181 2384; x_wconf 81' lang='lat'><strong><em>56.</em></strong></span> <span class='ocrx_word' id='word_1_154' title='bbox 211 2314 307 2383; x_wconf 85' lang='grc' dir='ltr'><strong><em>Ἀλλά</em></strong></span> <span class='ocrx_word' id='word_1_155' title='bbox 327 2315 383 2382; x_wconf 79' lang='grc' dir='ltr'><strong><em>καὶ</em></strong></span> <span class='ocrx_word' id='word_1_156' title='bbox 403 2320 545 2384; x_wconf 82' lang='grc' dir='ltr'><strong><em>ἔλασσον</em></strong></span> <span class='ocrx_word' id='word_1_157' title='bbox 564 2341 594 2401; x_wconf 92' lang='lat' dir='ltr'><strong><em>p.</em></strong></span> <span class='ocrx_word' id='word_1_158' title='bbox 609 2319 684 2402; x_wconf 88' lang='grc'><strong><em>202,</em></strong></span> <span class='ocrx_word' id='word_1_159' title='bbox 699 2319 732 2399; x_wconf 85' lang='grc'><strong><em>3]</em></strong></span> <span class='ocrx_word' id='word_1_160' title='bbox 752 2326 822 2395; x_wconf 74' lang='grc' dir='ltr'><strong><em>πῶς</em></strong></span> <span class='ocrx_word' id='word_1_161' title='bbox 836 2320 979 2384; x_wconf 83' lang='grc' dir='ltr'><strong><em>ἔλασσον</em></strong></span> <span class='ocrx_word' id='word_1_162' title='bbox 992 2314 1030 2384; x_wconf 86' lang='grc' dir='ltr'><strong><em>τὸ</em></strong></span> <span class='ocrx_word' id='word_1_163' title='bbox 1044 2319 1075 2393; x_wconf 91' lang='grc' dir='ltr'><strong><em>Ξ</em></strong></span> 
     </span>
     <span class='ocr_line' id='line_1_21' title="bbox 63 2420 1126 2514; baseline 0.002 -24"><span class='ocrx_word' id='word_1_164' title='bbox 63 2420 199 2510; x_wconf 85' lang='grc' dir='ltr'><strong><em>στερεὸν</em></strong></span> <span class='ocrx_word' id='word_1_165' title='bbox 227 2425 286 2508; x_wconf 79' lang='grc' dir='ltr'><strong><em>τῆς</em></strong></span> <span class='ocrx_word' id='word_1_166' title='bbox 314 2424 351 2489; x_wconf 77' lang='grc' dir='ltr'><strong><em>ἐν</em></strong></span> <span class='ocrx_word' id='word_1_167' title='bbox 378 2425 423 2514; x_wconf 78' lang='grc' dir='ltr'><strong><em>τῳ</em></strong></span> <span class='ocrx_word' id='word_1_168' title='bbox 452 2428 526 2489; x_wconf 87' lang='grc' dir='ltr'><strong><em>ΕΝ</em></strong></span> <span class='ocrx_word' id='word_1_169' title='bbox 541 2420 649 2512; x_wconf 60' lang='grc' dir='ltr'><strong><em>,κώνῳ</em></strong></span> <span class='ocrx_word' id='word_1_170' title='bbox 682 2426 885 2510; x_wconf 83' lang='grc' dir='ltr'><strong><em>πυραμίδος;</em></strong></span> <span class='ocrx_word' id='word_1_171' title='bbox 923 2423 1073 2508; x_wconf 83' lang='grc' dir='ltr'><strong><em>δείξομεν</em></strong></span> <span class='ocrx_word' id='word_1_172' title='bbox 1091 2443 1126 2492; x_wconf 79' lang='lat'><strong><em>20</em></strong></span> 
     </span>
     <span class='ocr_line' id='line_1_22' title="bbox 64 2522 1072 2616; baseline -0.002 -20"><span class='ocrx_word' id='word_1_173' title='bbox 64 2526 184 2607; x_wconf 85' lang='grc' dir='ltr'><strong><em>οῦτως·</em></strong></span> <span class='ocrx_word' id='word_1_174' title='bbox 208 2527 277 2596; x_wconf 78' lang='grc' dir='ltr'><strong><em>ἐπεὶ</em></strong></span> <span class='ocrx_word' id='word_1_175' title='bbox 297 2522 314 2595; x_wconf 87' lang='grc' dir='ltr'>ὁ</span> <span class='ocrx_word' id='word_1_176' title='bbox 331 2533 404 2594; x_wconf 92' lang='grc' dir='ltr'><strong><em>ΕΝ</em></strong></span> <span class='ocrx_word' id='word_1_177' title='bbox 417 2531 525 2606; x_wconf 83' lang='grc' dir='ltr'><strong><em>κῦνος</em></strong></span> <span class='ocrx_word' id='word_1_178' title='bbox 544 2536 616 2606; x_wconf 88' lang='grc' dir='ltr'><strong><em>ίσος</em></strong></span> <span class='ocrx_word' id='word_1_179' title='bbox 635 2529 703 2595; x_wconf 83' lang='grc' dir='ltr'><strong><em>ἐστὶ</em></strong></span> <span class='ocrx_word' id='word_1_180' title='bbox 720 2541 792 2608; x_wconf 76' lang='grc' dir='ltr'><strong><em>τοῖς</em></strong></span> <span class='ocrx_word' id='word_1_181' title='bbox 805 2531 843 2614; x_wconf 89' lang='grc' dir='ltr'><strong><em>Ξ,</em></strong></span> <span class='ocrx_word' id='word_1_182' title='bbox 862 2536 899 2595; x_wconf 99' lang='grc' dir='ltr'><strong>Ψ</strong></span> <span class='ocrx_word' id='word_1_183' title='bbox 915 2541 1072 2616; x_wconf 78' lang='grc' dir='ltr'><strong><em>στερεοῖς,</em></strong></span> 
     </span>
     <span class='ocr_line' id='line_1_23' title="bbox 63 2632 1078 2720; baseline -0.001 -19"><span class='ocrx_word' id='word_1_184' title='bbox 63 2633 147 2701; x_wconf 86' lang='grc' dir='ltr'><strong><em>ἀλλά</em></strong></span> <span class='ocrx_word' id='word_1_185' title='bbox 179 2632 219 2701; x_wconf 87' lang='grc' dir='ltr'><strong><em>τά</em></strong></span> <span class='ocrx_word' id='word_1_186' title='bbox 254 2632 471 2720; x_wconf 78' lang='grc' dir='ltr'><strong><em>ἀποτμήματα</em></strong></span> <span class='ocrx_word' id='word_1_187' title='bbox 504 2637 566 2700; x_wconf 92' lang='grc' dir='ltr'><strong><em>τοῦ</em></strong></span> <span class='ocrx_word' id='word_1_188' title='bbox 597 2633 711 2701; x_wconf 80' lang='grc' dir='ltr'><strong><em>κοίνου</em></strong></span> <span class='ocrx_word' id='word_1_189' title='bbox 744 2635 910 2702; x_wconf 89' lang='grc' dir='ltr'><strong><em>ε’λάσσονα</em></strong></span> <span class='ocrx_word' id='word_1_190' title='bbox 941 2638 1002 2702; x_wconf 91' lang='grc' dir='ltr'><strong><em>τοῦ</em></strong></span> <span class='ocrx_word' id='word_1_191' title='bbox 1041 2641 1078 2700; x_wconf 99' lang='grc' dir='ltr'><strong>Ψ</strong></span> 
     </span>
     <span class='ocr_line' id='line_1_24' title="bbox 63 2737 1071 2830; baseline -0.001 -23"><span class='ocrx_word' id='word_1_192' title='bbox 63 2744 216 2826; x_wconf 86' lang='grc' dir='ltr'><strong><em>στερεοῦ,</em></strong></span> <span class='ocrx_word' id='word_1_193' title='bbox 249 2737 286 2806; x_wconf 86' lang='grc' dir='ltr'><strong><em>τὸ</em></strong></span> <span class='ocrx_word' id='word_1_194' title='bbox 316 2740 345 2814; x_wconf 96' lang='grc' dir='ltr'><strong><em>Ξ</em></strong></span> <span class='ocrx_word' id='word_1_195' title='bbox 374 2737 439 2825; x_wconf 86' lang='grc' dir='ltr'><strong><em>ἀρα</em></strong></span> <span class='ocrx_word' id='word_1_196' title='bbox 472 2743 615 2807; x_wconf 80' lang='grc' dir='ltr'><strong><em>ἔλασσον</em></strong></span> <span class='ocrx_word' id='word_1_197' title='bbox 646 2743 704 2824; x_wconf 76' lang='grc' dir='ltr'><strong><em>τῆς</em></strong></span> <span class='ocrx_word' id='word_1_198' title='bbox 737 2741 773 2806; x_wconf 84' lang='grc' dir='ltr'><strong><em>ἐν</em></strong></span> <span class='ocrx_word' id='word_1_199' title='bbox 800 2743 845 2829; x_wconf 80' lang='grc' dir='ltr'><strong><em>τῷ</em></strong></span> <span class='ocrx_word' id='word_1_200' title='bbox 872 2745 948 2806; x_wconf 90' lang='grc' dir='ltr'><strong><em>ΕΝ</em></strong></span> <span class='ocrx_word' id='word_1_201' title='bbox 975 2738 1071 2830; x_wconf 80' lang='grc' dir='ltr'><strong><em>κείνῳ</em></strong></span> 
     </span>
     <span class='ocr_line' id='line_1_25' title="bbox 62 2841 896 2931; baseline -0.004 -18"><span class='ocrx_word' id='word_1_202' title='bbox 62 2848 259 2931; x_wconf 87' lang='grc' dir='ltr'><strong><em>πυραμίδος.</em></strong></span> <span class='ocrx_word' id='word_1_203' title='bbox 895 2841 896 2845; x_wconf 50' lang='grc'>’</span> 
     </span>
    </p>
   </div>
   <div class='ocr_carea' id='block_1_4' title="bbox 65 3036 1070 3178">
    <p class='ocr_par' dir='ltr' id='par_1_7' title="bbox 65 3036 1070 3178">
     <span class='ocr_line' id='line_1_26' title="bbox 138 3036 1070 3110; baseline -0.001 -18"><span class='ocrx_word' id='word_1_204' title='bbox 138 3042 162 3108; x_wconf 86' lang='grc'><strong><em>1)</em></strong></span> <span class='ocrx_word' id='word_1_205' title='bbox 187 3038 349 3092; x_wconf 71' lang='lat' dir='ltr'><strong>Antecedit:</strong></span> <span class='ocrx_word' id='word_1_206' title='bbox 378 3042 471 3109; x_wconf 77' lang='grc' dir='ltr'><strong><em>μεῖζον</em></strong></span> <span class='ocrx_word' id='word_1_207' title='bbox 496 3040 545 3094; x_wconf 90' lang='grc' dir='ltr'><strong><em>τοῦ</em></strong></span> <span class='ocrx_word' id='word_1_208' title='bbox 568 3036 597 3109; x_wconf 73' lang='grc' dir='ltr'><strong><em>μ’</em></strong></span> <span class='ocrx_word' id='word_1_209' title='bbox 622 3039 745 3110; x_wconf 80' lang='grc' dir='ltr'><strong><em>μέρο(ν)ς</em></strong></span> <span class='ocrx_word' id='word_1_210' title='bbox 768 3040 818 3094; x_wconf 90' lang='grc' dir='ltr'><strong><em>τοῦ</em></strong></span> <span class='ocrx_word' id='word_1_211' title='bbox 842 3039 991 3108; x_wconf 87' lang='grc' dir='ltr'><strong><em>κυλίνδρου</em></strong></span> <span class='ocrx_word' id='word_1_212' title='bbox 1017 3038 1070 3106; x_wconf 63' lang='lat' dir='ltr'><strong><em>V23</em></strong></span> 
     </span>
     <span class='ocr_line' id='line_1_27' title="bbox 65 3109 430 3178; baseline -0.005 -13"><span class='ocrx_word' id='word_1_213' title='bbox 65 3112 113 3166; x_wconf 79' lang='lat' dir='ltr'><strong>cfr.</strong></span> <span class='ocrx_word' id='word_1_214' title='bbox 133 3109 188 3165; x_wconf 87' lang='lat' dir='ltr'><strong>uol.</strong></span> <span class='ocrx_word' id='word_1_215' title='bbox 207 3109 247 3162; x_wconf 89' lang='lat' dir='ltr'><strong><em>IV</em></strong></span> <span class='ocrx_word' id='word_1_216' title='bbox 265 3127 293 3177; x_wconf 89' lang='lat' dir='ltr'><strong><em>p.</em></strong></span> <span class='ocrx_word' id='word_1_217' title='bbox 310 3115 369 3178; x_wconf 82' lang='lat'>194,</span> <span class='ocrx_word' id='word_1_218' title='bbox 388 3115 430 3163; x_wconf 77' lang='lat'><strong><em>22.</em></strong></span> 
     </span>
    </p>
   </div>
   <div class='ocr_carea' id='block_1_5' title="bbox 66 3240 277 3252">
    <p class='ocr_par' dir='ltr' id='par_1_8' title="bbox 66 3240 277 3252">
     <span class='ocr_line' id='line_1_28' title="bbox 66 3240 277 3252; baseline -0.005 -3"><span class='ocrx_word' id='word_1_219' title='bbox 66 3240 277 3252; x_wconf 69' lang='lat'><strong><em>„-.----</em></strong></span> 
     </span>
    </p>
   </div>
   <div class='ocr_carea' id='block_1_6' title="bbox 138 3304 843 3374">
    <p class='ocr_par' dir='ltr' id='par_1_9' title="bbox 138 3304 843 3374">
     <span class='ocr_line' id='line_1_29' title="bbox 138 3304 843 3374; baseline -0.004 -14"><span class='ocrx_word' id='word_1_220' title='bbox 138 3311 180 3360; x_wconf 81' lang='grc' dir='ltr'><strong><em>ει.</em></strong></span> <span class='ocrx_word' id='word_1_221' title='bbox 199 3304 237 3358; x_wconf 80' lang='lat' dir='ltr'><strong><em>V²</em></strong></span> <span class='ocrx_word' id='word_1_222' title='bbox 257 3305 302 3374; x_wconf 80' lang='grc' dir='ltr'><strong><em>(ιο</em></strong></span> <span class='ocrx_word' id='word_1_223' title='bbox 320 3321 347 3374; x_wconf 88' lang='lat' dir='ltr'><strong><em>p.</em></strong></span> <span class='ocrx_word' id='word_1_224' title='bbox 365 3310 424 3373; x_wconf 84' lang='lat'>194,</span> <span class='ocrx_word' id='word_1_225' title='bbox 444 3308 496 3373; x_wconf 80' lang='grc' dir='ltr'><strong><em>ει).</em></strong></span> <span class='ocrx_word' id='word_1_226' title='bbox 570 3309 611 3361; x_wconf 78' lang='grc' dir='ltr'><strong><em>σε.</em></strong></span> <span class='ocrx_word' id='word_1_227' title='bbox 631 3305 661 3359; x_wconf 83' lang='grc' dir='ltr'><strong><em>Β.</em></strong></span> <span class='ocrx_word' id='word_1_228' title='bbox 734 3309 777 3360; x_wconf 76' lang='grc' dir='ltr'><strong><em>ιο.</em></strong></span> <span class='ocrx_word' id='word_1_229' title='bbox 796 3304 843 3358; x_wconf 85' lang='lat' dir='ltr'><strong><em>v1.</em></strong></span> 
     </span>
    </p>
   </div>
   <div class='ocr_carea' id='block_1_7' title="bbox 139 3497 480 3571">
    <p class='ocr_par' dir='ltr' id='par_1_10' title="bbox 139 3497 480 3571">
     <span class='ocr_line' id='line_1_30' title="bbox 139 3497 480 3571; baseline -0.006 -16"><span class='ocrx_word' id='word_1_230' title='bbox 139 3507 162 3555; x_wconf 81' lang='lat'><strong><em>7.</em></strong></span> <span class='ocrx_word' id='word_1_231' title='bbox 182 3498 300 3571; x_wconf 83' lang='grc' dir='ltr'><strong><em>ταύτην]</em></strong></span> <span class='ocrx_word' id='word_1_232' title='bbox 320 3497 428 3555; x_wconf 83' lang='grc' dir='ltr'><strong><em>τούτων</em></strong></span> <span class='ocrx_word' id='word_1_233' title='bbox 447 3501 480 3553; x_wconf 84' lang='lat' dir='ltr'><strong><em>V.</em></strong></span> 
     </span>
    </p>
   </div>
   <div class='ocr_carea' id='block_1_8' title="bbox 0 0 1203 3796">
    <p class='ocr_par' dir='ltr' id='par_1_11' title="bbox 0 0 1203 3796">
     <span class='ocr_line' id='line_1_31' title="bbox 0 0 1203 3796; baseline 0 0"><span class='ocrx_word' id='word_1_234' title='bbox 0 0 1203 3796; x_wconf 95' lang='lat' dir='ltr'><strong><em> </em></strong></span> 
     </span>
    </p>
   </div>
  </div>
 </body>
</html>
