2362 3796
112 145 177 209 160
263 145 419 198 SCHOLIA
435 145 475 196 IN
493 145 768 197 ELEMENTORUM
785 144 924 197 LIBRUM
938 145 960 197 Ῑ.

111 290 263 373 πληροῦν
286 284 473 371 μελλούσας
494 283 532 353 τὸ
556 291 722 372 τρίγωνον
748 282 808 364 τάς
835 282 898 352 δύο
925 287 985 371 τής
1008 287 1127 370 λοιπής

112 398 241 480 μείζους
271 389 358 459 εἶναι
384 390 492 480 πάντη
520 393 864 478 μεταλαμβανομένας.
908 389 1034 471 παντὸς
1061 387 1126 477 γάρ

112 497 279 585 τριγώνου
303 501 340 564 αλ
361 497 423 564 δύο
447 497 588 584 πλευραὶ
611 503 742 583 μείζους
764 498 829 566 είσὶ
851 500 911 584 τῆς
928 500 1059 583 λοιπής,
1083 493 1126 575 ῶς

115 605 293 689 δέδεικται,
321 603 403 672 κατά
425 614 537 671 πᾶσαν
560 606 760 690 μετάληψιν,
787 604 843 671 καί
867 602 923 671 διά
946 607 1047 671 τοῦτο
1071 602 1127 670 καὶ

78 706 202 801 ςαύτῶ
225 715 325 779 τοῦτο
349 711 573 799 προσέθηκεν·
604 713 635 777 εἰ
656 707 722 795 γὰρ
745 709 790 795 μή
814 712 900 776 είσιν
924 711 961 775 αλ
983 708 1046 775 δύο
1070 711 1128 794 τῆς

112 821 231 902 λοιπής
249 822 390 904 μείζους,
410 814 472 884 ούκ
491 820 581 882 ἔσται
595 821 762 902 τρίγωνον
776 818 893 883 ἐκτῶν
907 820 992 881 ίσων
1011 810 1128 892 αύταῖς

113 921 269 991 εὐθειῶν.
296 928 365 990 ἔστι
385 923 422 990 δέ
439 921 477 990 τὸ
496 921 673 1008 πρόβλημα
686 925 786 990 τοῦτο
800 925 869 989 τῶν
886 920 1127 1007 διωρισμένων,

113 1138 154 1202 τά
178 1126 241 1221 μέν
264 1137 333 1202 ἐστι
356 1136 575 1221 διωρισμένα,
604 1133 645 1203 τά
674 1134 712 1202 δέ
739 1134 930 1220 άδιόριστα,
956 1129 1049 1226 οὕτω
1072 1130 1128 1197 καὶ

63 1267 96 1315 10
115 1240 168 1308 έπλ
191 1243 259 1306 τῶν
281 1239 534 1326 προβλημάτων.
581 1239 641 1308 ἐάν
668 1240 730 1327 μέν
757 1238 821 1326 γάρ
850 1248 994 1327 εἴπωμεν
1015 1234 1129 1316 ἁπλῶς

117 1343 234 1424 οὕτως·
260 1346 295 1411 έκ
312 1350 416 1430 τριῶν
435 1345 579 1413 εὐθειῶν
598 1356 682 1414 ίσων
700 1358 773 1426 ταῖς
791 1343 966 1426 δοθείσαις
977 1342 1125 1420 εὐθείαις

116 1450 351 1536 συστήσασθαι
365 1456 542 1536 τρίγωνον,
562 1449 757 1540 άδιόριστον
770 1452 825 1519 καὶ
840 1442 1012 1520 ἀδύνατόν
1025 1452 1129 1518 ἐστιν·

116 1556 176 1626 ἐὰν
196 1557 233 1625 δὲ
251 1561 468 1644 προσθῶμεν·
499 1549 547 1625 ῶν
567 1563 604 1624 αί
621 1557 684 1626 δύο
704 1564 835 1645 μείζους
853 1558 917 1626 είσλ
935 1567 995 1644 τῆς
1012 1558 1132 1642 λοιπής

116 1665 223 1753 πάντη
242 1663 585 1752 μεταλαμβανόμεναι,
609 1664 832 1750 διωρισμένον
850 1689 885 1731 τε
907 1663 963 1731 καὶ
983 1660 1132 1731 δυνατὸν

65 1796 98 1844 15
116 1776 256 1857 γίνεται·
280 1769 335 1836 καὶ
354 1767 437 1857 πρὸς
454 1766 517 1854 τήν
535 1767 742 1854 κατασκευήν
762 1768 800 1836 δέ
818 1771 878 1835 τού
897 1766 1133 1855 προβλήματος

116 1876 239 1945 τούτου
262 1874 321 1955 τάς
344 1875 531 1961 φερομένας
555 1873 726 1953 ἐνστάσεις
748 1872 879 1942 διαλύει
902 1870 923 1959 ἡ
952 1872 1131 1960 προσθήκη

118 1981 200 2070 αὕτη
224 1982 261 2050 τὸ
285 1982 344 2060 τὰς
363 1979 426 2048 δύο
445 1986 574 2067 μείζους
593 1976 679 2047 εἶναι
697 1983 756 2066 τής
774 1983 892 2066 λοιπῆς
910 1976 1020 2068 πάντη
1039 2005 1132 2066 μετα·

117 2088 383 2174 λαμβανομένας,
406 2083 513 2171 ήγουν
538 2083 655 2164 ὁποίας
677 2082 721 2153 άν
745 2084 851 2174 λάβης
876 2086 1004 2153 ἐκτῶν
1027 2088 1131 2173 τριῶν

120 2191 198 2277 δύο,
230 2197 289 2276 τής
317 2195 434 2277 λοιπῆς
457 2193 603 2278 μείζονές
626 2197 725 2260 εἰσιν·
765 2196 867 2261 τούτο
890 2189 956 2279 γὰρ
985 2195 1090 2278 δηλοῖ
1113 2189 1132 2277 ή

67 2324 102 2372 20
120 2296 333 2383 πανταχόθεν
361 2296 550 2383 μετάληψις.
601 2303 632 2366 εί
657 2296 721 2384 γάρ
750 2297 795 2385 μή
824 2302 888 2366 είσι
916 2302 1082 2385 μείζονες,
1113 2293 1132 2382 ή

121 2412 190 2469 ίσαι
217 2403 303 2470 είσὶν
332 2404 364 2483 ἐξ
391 2400 538 2488 άνάγκης
565 2400 586 2490 ή
616 2403 797 2484 ἐλάττονες.
841 2404 897 2471 καὶ
924 2407 956 2470 εἰ
976 2403 1040 2490 μέν
1065 2413 1134 2472 ίσαι

121 2513 195 2595 είσί,
214 2515 380 2594 τρίγωνον
396 2506 436 2577 ού
451 2514 666 2577 συνιστῶσιν·
690 2514 871 2597 τηνικαῦτα
884 2508 950 2596 γάρ
965 2512 1002 2577 οί
1016 2508 1134 2578 κύκλοι

121 2613 163 2682 ού
177 2616 356 2702 τέμνουσιν
371 2613 545 2701 άλλήλονς,
564 2614 648 2682 άλλά
664 2613 771 2703 μόνον
788 2617 1003 2702 ἐφάπτονται,
1023 2615 1133 2700 ῶσπερ

121 2722 173 2790 ἐπὶ
196 2726 263 2789 τῶν
287 2722 527 2808 έκτεθειμένων
550 2721 682 2790 κύκλων
705 2720 726 2807 ή
750 2722 812 2809 μέν
832 2731 865 2788 Δ
871 2730 898 2788 Ζ
921 2731 976 2807 ἴση
1002 2721 1074 2790 ἐστὶ
1096 2724 1133 2810 τή

67 2852 100 2900 25
121 2837 199 2914 ZE,
227 2827 247 2915 ή
273 2828 311 2895 δὲ
333 2835 402 2894 ΗΘ
429 2837 484 2914 ίση
508 2832 547 2918 τή
571 2835 649 2895 ΗΕ.
696 2825 780 2897 ῶστε
810 2833 872 2897 δύο
901 2831 939 2895 αί
960 2834 1042 2914 ΔΖ,
1068 2834 1134 2896 ΗΘ

121 2939 180 3024 μιᾷ
203 2937 242 3023 πή
263 2940 334 2999 ΖΗ
353 2941 423 3000 ίσαι
447 2938 523 3000 είσί·
556 2933 612 3000 διὰ
636 2934 675 3002 δέ
697 2932 734 3002 τὸ
753 2938 797 3021 μή
817 2935 950 3020 τέμνειν
969 2930 1135 3020 άλλήλονς

120 3040 199 3120 τοὺς
216 3039 359 3117 κύκλους
379 3037 459 3106 οὐδὲ
477 3045 643 3126 τρίγωνον
663 3040 814 3125 συνέστη.
850 3039 952 3108 πάλιν
971 3037 1032 3108 ἐὰν
1052 3031 1134 3108 ῶσιν

194 3274 217 3322 5.
238 3264 327 3342 αύτῷ]
347 3264 435 3323 αύτύλ
512 3274 537 3326 8.
557 3265 722 3339 άδιόριστον
741 3270 775 3326 V.
853 3276 878 3324 9.
898 3264 1063 3342 άδιόριστα]
1082 3268 1134 3338 Pq,

122 3333 241 3407 ἀόριστα
267 3338 297 3392 V.
388 3345 430 3394 24.
454 3340 587 3409 Figuram
610 3341 640 3394 in
663 3341 743 3395 codd.
765 3340 894 3395 omissam
916 3341 1006 3394 habet
1024 3340 1136 3396 Proolus

121 3427 148 3479 p.
169 3415 228 3463 ³31.
302 3416 345 3464 26.
365 3411 430 3479 μιᾶς
448 3412 497 3480 τῆς
516 3411 572 3478 Vq.
645 3417 686 3465 27.
708 3408 926 3466 οίκύκλοιλῑ.
1000 3411 1136 3467 Ultimum

114 3481 229 3549 panem
247 3480 349 3536 scholii
368 3479 434 3537 inde
453 3499 470 3537 ε
487 3479 573 3537 πάλιν
584 3460 641 3538 Tin.
660 3487 693 3537 2³1
713 3499 767 3536 om.
786 3481 820 3548 V,
839 3429 970 3549 λοπάδα.
