2362 3796
115 144 178 209 192
265 144 421 197 SCHOLIA
439 147 479 197 IN
495 144 771 196 ELEMENTORL'M
788 144 928 195 LIBRUM
939 144 964 195 I.

112 284 248 371 βάσεως.
295 286 421 370 ἰστέον,
455 283 507 352 ότι
539 283 560 371 ἡ
587 295 655 352 τῶν
682 287 818 371 γωνιῶν
845 280 995 371 ὀρθότης
1021 282 1083 351 καὶ
1109 281 1130 369 ἡ

112 401 181 457 τῶν
203 395 358 478 πλευρῶν
382 390 496 476 ἰσότης
523 389 561 457 τὸ
591 395 661 458 πῶν
688 390 829 458 δύναται
858 387 941 475 πρὸς
968 386 1034 475 τὴν
1063 390 1130 457 τῶν

113 502 246 582 χωρίων
274 495 429 584 αὔξησιν·
471 494 694 582 ὀρθογωνίων
721 494 787 584 γάρ
815 494 925 563 ὀντων
952 504 1024 561 τῶν
1049 517 1129 581 παρ

113 600 400 688 αλληλογράμμων
418 627 456 669 το
475 602 689 689 τετράγωνον
703 609 816 689 μεῖζον
828 604 891 669 τοῦ
905 598 1129 687 ἑτερομήκους

78 714 238 796 εχωρίον
261 710 415 795 περιέχει,
440 708 648 797 ἰσοπλεύρων
673 706 711 775 δὲ
735 709 845 777 ὀντων
868 706 1075 794 ἀμφοτέρων
1091 702 1127 772 τὸ

113 812 329 900 ὀρθογώνιον
352 818 522 883 δείκνυται
540 818 603 883 τοῦ
621 813 665 902 μή
686 814 903 902 ὀρθογωνίου
920 816 1050 898 μεῖζον·
1075 809 1127 879 διὸ

111 922 166 987 καί
184 920 222 989 τὸ
242 922 452 1008 τετράγωνον
470 920 609 989 πάντων
629 918 852 1008 ἀναφαίνεται
870 924 984 1005 μεῖζον
1000 922 1128 1005 χωρίου

110 1028 280 1114 περιέχον,
306 1026 344 1094 τὸ
368 1027 406 1095 δὲ
429 1026 623 1114 ῥομβοειδὲς
644 1025 781 1094 πάντων
805 1030 952 1093 ἔλαττον.
992 1027 1128 1110 πρῶτον

113 1130 150 1197 δὲ
174 1133 324 1199 ἐνταῦθα
342 1136 410 1200 τῶν
428 1139 609 1219 τραπεζίων
630 1131 866 1220 ἐμνημόνευσε.
901 1130 979 1218 περὶ
997 1128 1127 1197 τούτων

60 1260 93 1307 10
114 1235 150 1301 δὲ
174 1238 211 1303 έν
234 1251 306 1316 ταῖς
327 1236 532 1307 ὑποθέσεσιν
556 1241 719 1326 ἐδίδαξεν,
743 1236 795 1307 ὅτι
816 1235 1048 1326 τετράπλευρα
1066 1237 1127 1322 μέν

112 1346 177 1408 εἰσι
205 1347 250 1434 τῶ
278 1344 382 1429 γένει,
416 1343 457 1412 οὐ
484 1345 814 1434 παραλληλόγραμμα
838 1346 885 1411 δέ.
930 1340 970 1411 τὸ
994 1338 1126 1429 γάρμὴ

112 1445 172 1527 τὰς
195 1444 398 1517 ἀπεναντίον
420 1451 566 1537 πλευράς
588 1478 623 1519 τε
646 1453 702 1519 καί
724 1456 850 1536 γωνίας
873 1457 947 1528 ἰσας
966 1446 1127 1535 ἀλλήλαις

112 1556 190 1639 ἕχον
210 1556 364 1642 ἐκβέβηκε
382 1557 438 1623 καί
456 1560 515 1643 τής
531 1556 653 1638 τάξεως
672 1561 739 1624 τῶν
757 1555 1127 1642 παραλληλογράμμων.

113 1659 176 1728 δύο
209 1662 246 1729 δὲ
274 1667 375 1730 εἰδῶν
405 1661 513 1731 όντων
540 1667 609 1730 τῶν
636 1668 833 1751 τραπεζίου·
873 1664 942 1728 τῶν
970 1658 1035 1746 μέν
1063 1658 1126 1745 γὰρ

61 1788 93 1836 15
113 1765 273 1856 οὐδετέρα
297 1769 365 1836 ἐστὶ
388 1771 515 1857 πλευρά
537 1768 749 1855 παράλληλος
772 1768 877 1856 ἑτέρη,
899 1769 969 1834 τῶν
988 1763 1026 1832 δέ
1045 1772 1127 1853 μίαν

112 1873 257 1959 ἐχόντων
282 1885 358 1961 ἰσην
383 1880 454 1962 μιᾷ·
493 1876 546 1942 έπί
570 1878 629 1960 τής
655 1876 827 1960 παρούσης
848 1876 1068 1959 καταγραφῆς
1090 1870 1127 1940 τὸ

113 1980 227 2068 ἕτερον
246 1979 336 2060 εἶδός
360 1984 463 2048 ἐστιν·
500 1979 607 2069 ήγάρ
632 1987 696 2048 ΓΕ
722 1989 775 2066 ί’σ,η
801 1979 870 2047 ἐστὶ
891 1982 931 2067 τή
954 1984 1029 2045 ΔΒ.
1080 1981 1128 2046 τέ-

112 2104 265 2169 μνονσαν
289 2091 407 2169 έλαβεν
432 2086 449 2151 ὁ
475 2087 684 2173 στοιχειωτὴς
705 2086 768 2172 τήν
792 2092 855 2152 ΓΔ
876 2083 939 2172 τήν
960 2089 1038 2166 ΒΕ,
1067 2085 1128 2152 καί

111 2185 149 2254 τὸ
174 2188 364 2276 διάγραμμα
386 2190 605 2278 τετράγωνον.

59 2315 93 2363 20
181 2296 253 2360 122.
288 2293 343 2361 Ἐν
366 2295 472 2386 τούτῳ
496 2301 542 2388 τῷ
565 2297 614 2365 λε’
639 2296 815 2388 παραδόξῳ
838 2294 1035 2382 θεωρήματι
1063 2299 1126 2363 δεί-

111 2423 230 2464 κνυται
247 2398 284 2467 τὸ
303 2400 410 2469 ποσὸν
424 2405 492 2469 τῶν
505 2402 869 2490 παραλληλογράμμων.
898 2397 1126 2487 ὀρθογωνίων

112 2504 173 2590 μέν
193 2508 455 2593 συναμφοτέρων
475 2507 584 2576 όντων
600 2514 669 2577 τῶν
682 2506 1041 2597 παραλληλογράμμων
1061 2512 1125 2577 δεί·

109 2638 228 2679 κνυται
256 2610 294 2679 τὸ
320 2613 531 2701 τετράγωνον
563 2619 624 2681 τοῦ
655 2613 874 2701 ἑτερομήκους
895 2620 1023 2701 μεῖζον,
1057 2619 1125 2683 ἰσο-

110 2718 264 2803 πλεύρων
280 2718 316 2785 δέ
332 2717 531 2807 ἀμφοτέρων
546 2717 654 2788 όντων
667 2720 705 2787 τὸ
722 2718 936 2806 ὀρθογώνιον
951 2724 1123 2790 δείκνυται

58 2848 92 2896 25
110 2830 171 2892 τοῦ
199 2824 244 2911 μή
273 2824 489 2911 ὀρθογωνίου
516 2832 640 2911 μείζον’
676 2827 732 2894 καί
759 2825 824 2915 γάρ
852 2825 967 2912 ἡτῶν
989 2837 1123 2914 γωνιῶν

111 2927 257 3017 ὀρθότης
283 2932 339 2998 καί
367 2928 387 3016 ἡ
416 2941 484 2999 τῶν
512 2935 665 3018 πλευρῶν
690 2931 804 3017 ἰσότης
825 2930 864 3000 τὸ
887 2936 955 3000 πᾶν
980 2934 1122 3003 δύναται

109 3036 193 3122 πρὸς
214 3035 277 3121 τήν
299 3040 368 3103 τῶν
392 3041 523 3121 χωρίων
547 3035 697 3123 αὔξησιν.
743 3033 828 3104 ὅθεν
856 3035 898 3123 δή
923 3035 961 3105 τὸ
986 3038 1051 3124 μὲν
1074 3065 1122 3107 τε·

182 3201 242 3247 122.
261 3156 322 3247 ἷζ-

181 3342 206 3388 3.
229 3336 286 3388 τῶν
305 3333 617 3406 παραλληλογράμμων]
642 3334 825 3405 παραλλήλων
844 3337 902 3405 Vq.
983 3344 1026 3394 16.
1046 3339 1122 3409 ἴσην]

110 3404 192 3459 scrib.
210 3401 394 3473 παράλληλον.
480 3407 611 3475 Figuram
632 3425 686 3463 om.
704 3408 767 3476 Vq,
791 3408 855 3462 hab.
874 3408 991 3465 Proolus
1010 3428 1038 3479 p,
1060 3416 1120 3465 399.

41 3544 50 3557 .
141 3478 182 3530 17.
202 3474 265 3548 ἰση]
281 3492 333 3532 ενι.
353 3474 536 3550 παράλληλος.
