2362 3796
90 163 157 227 550
239 163 395 216 sermm
414 165 452 215 ια
470 163 745 215 ELEMENTORUM
763 161 902 212 LIBRUM
916 162 950 212 x

89 303 230 385 ἐναλλάξ
250 307 340 373 ἐστιν
360 301 404 382 ὡς
419 302 457 372 τὸ
477 301 542 371 ἀπὸ
557 313 618 389 τῆς
630 312 662 370 Α
667 310 699 370 E
715 301 799 390 πρὸς
816 298 853 369 τὸ
873 298 939 369 ἀπὸ
958 311 1020 388 τῆς
1035 309 1115 388 ΓΖ,

89 409 197 490 οὕτως
219 408 257 478 τὸ
281 407 347 478 ὑπὸ
373 416 475 476 ΑΕΒ
500 406 584 495 πρὸς
605 407 643 476 τὸ
667 406 733 477 ὑπὸ
758 414 866 476 ΓΖΔ.
912 407 1114 497 σύμμετρον

91 517 128 584 δὲ
151 516 188 584 τὸ
214 514 279 584 ἀπὸ
303 519 362 602 τῆς
384 522 454 583 ΑΕ
474 519 519 606 τῷ
544 513 609 582 ἀπὸ
632 518 691 602 τῆς
714 521 784 582 ΓΖ.
821 513 1015 601 σύμμετρον
1040 513 1112 602 ἀρα

89 624 143 689 καὶ
167 621 205 690 τὸ
229 619 294 690 ὑπὸ
319 626 432 689 ΑΕΒ·
462 621 566 707 μέσον
588 618 655 708 ἀρα
677 620 733 687 καί
756 617 794 688 τὸ
816 616 883 687 ὑπὸ
907 625 969 686 ΓΖ
978 628 1020 688 Δ.

54 843 70 891 5
437 818 494 882 Ad
516 840 618 903 prop.
641 817 757 883 LXIX.

156 924 1113 1040 350.‘HqssffiaffimfflfflhA-Essfeffi,

89 1041 197 1129 ἡυο
222 1043 642 1132 τρωκὴυπςῑειγ,
668 1043 689 1131 ἡ
714 1050 920 1130 κυεην.

444 1242 500 1305 Ad
523 1265 628 1328 prop.
651 1241 749 1306 LXX.

156 1365 230 1430 351.
262 1351 1113 1453 ἨΑΒχι-ιμγηνκῑβωὴκυεμῑς,

38 1468 111 1554 1οὴ
136 1476 198 1536 ΕΒ
222 1475 348 1557 ᾶμῖέ,
372 1467 393 1556 ἡ
417 1475 630 1555 slim,
654 1467 675 1557 ἡ
699 1467 933 1538 ΖΔὲοόδὲν
955 1477 1012 1559 μη.

437 1667 494 1730 Ad
517 1689 623 1751 prop.
646 1666 760 1734 LXXI.

158 1792 234 1858 352.
265 1787 366 1857 Ἑπτά
390 1793 478 1857 είσιν
502 1788 616 1870 ἑξάδες
639 1788 714 1876 άχρι
741 1792 809 1856 τών
838 1790 989 1857 ἐνταῦθα
1019 1796 1112 1878 είρη·

92 1897 204 1983 μέναι,
234 1887 282 1964 ών
306 1893 326 1982 ἡ
352 1895 413 1982 μὲν
437 1895 551 1982 πρώτη
576 1897 709 1963 ἐδείκνυ
735 1893 798 1981 τὴν
821 1897 955 1981 γένεσιν
978 1893 1111 1984 αὐτῶν,

91 1999 112 2089 ἡ
137 2003 337 2090 δὲ’δευτέρα
359 2002 423 2089 τὴν
447 2006 629 2088 διαίρεσιν,
662 1998 714 2069 ότι
742 1998 821 2068 καθ’
848 2003 885 2069 ἓν
913 2000 1023 2087 μόνον
1051 2024 1111 2090 ση-

39 2133 72 2182 15
93 2123 189 2196 μεῖον
214 2113 435 2194 διαιροῦνται,
458 2105 479 2193 ἡ
503 2114 597 2195 τρίτη
618 2105 691 2189 έξάς
709 2106 772 2192 την
791 2109 826 2174 ἐκ
846 2108 908 2174 δύο
928 2103 1111 2195 ὀνομάτων

91 2212 225 2302 εὕρεσιν
249 2213 391 2302 πρώτης,
415 2213 450 2300 β’
470 2213 503 2299 γ’
524 2213 558 2280 δ’
579 2213 607 2282 ε’
627 2213 670 2297 ς’,
694 2210 754 2300 ἀφ’
776 2205 816 2300 ἧς
834 2211 854 2299 ἡ
873 2212 1011 2300 τετάρτη
1034 2215 1112 2297 ἑξὰς

91 2321 153 2406 τὴν
174 2318 345 2407 διαφοράν
365 2322 538 2387 ἐπεδείκνυ
556 2324 624 2386 τών
639 2317 784 2404 ἀλόγων,
807 2331 852 2408 πῇ
870 2322 1112 2407 διαφέρουσιν·

91 2425 349 2512 προσχρώμενος
376 2423 441 2510 γὰρ
468 2428 508 2511 τη
533 2426 568 2492 ἐκ
592 2424 655 2492 δύο
681 2422 858 2512 ὀνομάτων
885 2423 1112 2497 ἀποδείκνυσι

90 2530 152 2617 τὴν
182 2530 352 2616 διαφορὰν
384 2534 452 2599 τών
482 2532 515 2610 ἓξ
545 2529 688 2617 ἀλόγων.
739 2533 889 2618 πέμπτην
921 2532 976 2599 καὶ
1008 2535 1114 2622 ἕκτην

39 2663 74 2713 20
93 2640 224 2719 ἐξέθετο
244 2636 410 2706 δεικνύων
430 2639 467 2704 ἐν
487 2636 548 2723 μὲν
567 2640 606 2725 τῇ
622 2637 651 2704 ε’
669 2635 728 2717 τὰς
746 2635 939 2724 παραβολὰς
953 2642 1024 2706 τών
1041 2638 1112 2710 ἀπὸ

91 2749 159 2813 τών
188 2742 337 2831 ἀλόγων,
369 2749 467 2823 ποίας
495 2743 640 2829 ἀλόγους
669 2747 804 2811 ποιοῦσι
832 2742 874 2811 τά
902 2743 1009 2831 πλάτη
1037 2753 1112 2816 τών

91 2853 400 2939 παραβαλλομένων
423 2857 567 2938 χωρίων,
592 2855 628 2918 έν
651 2849 688 2917 δὲ
710 2854 750 2938 τῇ
775 2851 861 2939 ἕκτη,
884 2854 954 2929 πώς
973 2854 1011 2919 αί
1028 2853 1115 2940 σύμ-

93 2985 206 3045 μετροι
229 2972 301 3037 ταῖς
324 2955 461 3044 ἀλόγοις
484 2954 650 3043 ὁμοειδεῖς
673 2953 789 3035 αὐταῖς
811 2960 907 3025 εἰσιν.

164 3106 224 3156 350.
243 3098 293 3155 ω.
376 3104 436 3153 351.
455 3097 504 3155 υ.
536 3075 544 3097 “
587 3103 647 3153 ων.
671 3096 910 3167 Ρυετακοιι)
930 3099 967 3166 (0·
990 3099 1043 3169 ιο,
1071 3103 1116 3169 τις

92 3167 124 3224 ιι
144 3171 191 3224 ου
212 3171 375 3238 εοεαε).

164 3300 189 3347 2.
208 3290 277 3364 ὑπό]
296 3292 395 3363 (prius)
415 3287 473 3348 ἀπό
494 3294 527 3348 V.
600 3297 624 3346 3.
645 3292 695 3381 τῷ]
713 3290 747 3376 τό
766 3292 799 3347 V.
875 3299 915 3347 13.
936 3289 1061 3368 ἐδείχθη
1077 3300 1115 3372 V,

91 3365 140 3419 sed
161 3381 229 3419 corr.
309 3370 350 3418 15.
374 3364 463 3433 τρίτη]
484 3365 510 3434 ’.ί
531 3368 557 3417 Γ
573 3365 603 3418 F.
677 3364 741 3431 εξης
759 3364 792 3418 V.
871 3370 912 3419 17.
936 3365 1118 3440 διαφέρουσι

80 3435 136 3493 ΡΒ
146 3437 174 3494 V,
262 3443 305 3496 18.
325 3435 373 3513 τη]
393 3431 443 3506 τήν
462 3434 495 3490 P.
576 3431 778 3489 ἀποδείκνυσιν
797 3434 917 3490 PBVat.
1002 3444 1048 3497 20.
1071 3440 1116 3518 ε’]

59 3524 130 3577 [om.
152 3512 183 3586 P,
205 3516 316 3587 postea
336 3515 390 3572 ins.
411 3509 510 3567 Bvaz.
583 3505 657 3576 um
671 3503 803 3567 fflffl.
