2362 3796
102 113 145 177 52
472 110 675 164 ΣΤΟΙΧΕΙΩΝ
694 106 741 166 ιε’.

102 253 165 340 τήν
202 253 303 339 βάσιν
341 252 472 343 καθέτῳ
511 249 657 342 ἀγομένη
694 252 901 340 περιφέρειαι
937 265 1118 339 γραφεῖσαι

102 360 312 446 τεμνέτωσαν
341 356 499 444 ἀλλήλας·
536 360 591 425 καὶ
619 361 657 424 αί
684 357 750 426 ἀπὸ
779 368 837 444 τῆς
863 362 967 444 τομῆς
996 358 1048 425 ἐπὶ
1075 357 1117 426 τά

103 468 223 552 κέντρα
247 464 519 552 ἐπιζευγνύμεναι
541 461 672 533 εὐθεῖαι
696 465 890 552 Ϊπεριέξουσι
916 462 979 550 τῆν
1007 470 1118 532 κλίσιν

103 576 173 639 τών
196 570 419 657 περιεχόντων
443 569 505 656 τῆν
524 574 695 660 πυραμίδα
715 571 889 638 ἐπιπέδων.
926 569 980 638 ἐπὶ
1000 569 1037 637 δέ
1056 575 1119 638 τού

69 703 85 753 5
104 676 287 765 ὀκταέδρου
301 674 366 744 ἀπὸ
381 680 440 762 τῆς
455 680 600 764 πλευράς
613 680 675 744 τού
686 675 854 761 τριγώνου
864 672 1120 763 ἀναγραφέντος

104 783 315 870 τετραγώνου
338 785 488 870 κέντροις
511 796 582 861 τοῖς
604 784 723 869 πέρασι
745 792 805 868 τῆς
827 786 1022 868 διαγωνίου,
1047 788 1120 850 δια-

105 890 244 977 στήματι
267 888 304 957 δέ
328 886 452 975 ὁμοίως
474 893 514 978 τῆ
537 893 599 956 τού
622 887 791 976 τριγώνου
813 889 944 979 καθέτῳ
972 888 1118 976 γεγράφ-

104 1006 224 1064 θωσαν
238 996 457 1083 περιφέρειαι·
480 994 536 1062 καὶ
555 994 657 1062 πάλιν
676 996 714 1061 αλ
729 992 794 1062 ἀπὸ
813 998 872 1080 τῆς
886 998 1002 1081 κοινῆς
1016 1000 1121 1082 τομῆς

105 1101 157 1169 ἐπὶ
180 1099 220 1167 τδι
243 1101 363 1187 κέντρα
387 1101 658 1187 ἐπιζευγνύμεναι
682 1097 814 1169 εύθεῖαι
841 1101 1029 1188 περιέξουσι
1055 1101 1119 1189 τῆν

64 1233 87 1281 ,ο
106 1210 287 1273 λείπουσαν
312 1210 359 1285 είς
380 1203 439 1284 τάς
462 1205 525 1273 δύο
550 1203 657 1295 ὀρθὰς
680 1211 739 1293 τῆς
768 1208 1024 1293 ἐπιζητουμένης
1050 1215 1120 1276 κλί-

107 1331 197 1390 σεως.
244 1311 296 1378 ἐπὶ
320 1312 358 1378 δὲ
380 1315 442 1378 τοῦ
465 1313 682 1400 εἰκοσαέδρου
705 1310 770 1380 ἀπὸ
797 1317 857 1399 τῆς
885 1318 1031 1400 πλευρᾶς
1058 1320 1120 1382 τού

105 1415 273 1503 τριγώνου
297 1415 550 1504 ἀναγραφέντος
571 1418 789 1504 πενταγώνου
808 1418 993 1506 ἐπεζεύχθω
1012 1417 1033 1506 ῆ
1052 1417 1119 1489 ὑπὸ

107 1521 170 1590 δύο
200 1525 345 1610 πλευρὰς
372 1519 596 1590 ὑποτείνουσα
626 1521 760 1609 εὐθεῖα,
791 1525 847 1592 καὶ
874 1526 1024 1613 κέντροις
1049 1541 1120 1607 τοῖς

105 1630 246 1714 πέρασιν
266 1625 379 1717 αὐτῆς,
403 1628 599 1716 διαστήματι
619 1629 656 1698 δέ
674 1633 713 1720 τῆ
733 1633 794 1699 τοῦ
808 1630 975 1719 τριγώνου
988 1633 1118 1723 καθέτῳ

64 1761 89 1810 ιτ
108 1739 301 1823 γραφεισών
324 1740 546 1825 περιφερειῶν
575 1740 612 1803 αί
633 1735 698 1805 ἀπὸ
722 1748 780 1824 τῆς
802 1742 919 1822 κοινῆς
941 1742 1043 1825 τομῆς
1067 1739 1120 1806 ἐπὶ

107 1840 147 1909 τδι
176 1843 296 1927 κέντρα
324 1844 598 1930 ἐπιζευγνύμεναι
624 1844 813 1931 περιέξουσι
844 1842 906 1929 τῆν
938 1849 1120 1913 λείπουσαν

108 1945 231 2034 ὁμοίως
254 1954 301 2027 είς
323 1948 382 2029 τὰς
406 1949 469 2018 δύο
494 1947 601 2031 ὀρθὰς
623 1959 682 2035 τῆς
704 1956 843 2029 κλίσεως
864 1960 933 2018 τών
955 1954 1017 2018 τοῦ
1034 1954 1119 2017 είκο-

109 2056 255 2141 σαέδρου
275 2056 448 2123 ἐπιπέδων.
486 2057 538 2122 ἐπὶ
554 2055 591 2123 δέ
604 2065 666 2122 τοῦ
681 2057 915 2142 δωδεκαέδρου
930 2057 1119 2136 ἐκτεθέντος

108 2159 185 2238 ἑνὸς
211 2159 429 2244 πενταγώνου
457 2160 703 2247 ἐπιζευχθείσης
731 2157 855 2247 ὁμοίως
881 2166 939 2248 τῆς
961 2160 1026 2231 ύπὸ
1056 2162 1118 2230 δύο

64 2292 90 2338 ιο
108 2261 252 2349 πλευρὰς
278 2261 521 2350 ὑποτεινούσης
549 2263 684 2344 εύθείας
710 2267 861 2354 κέντροις
887 2282 958 2347 τοῖς
980 2271 1120 2355 πέρασιν

108 2368 225 2453 αὐτῆς,
258 2367 455 2454 διαστήματι
489 2370 527 2437 δὲ
557 2374 597 2457 τῆ
629 2367 776 2458 ἀγομένη
806 2373 937 2462 καθέτῳ
969 2375 1035 2442 ἀπὸ
1062 2381 1122 2461 τῆς

108 2477 300 2558 διχοτομίας
323 2471 426 2559 αὐτῆς
449 2475 502 2542 ἐπὶ
524 2473 587 2561 τῆν
615 2476 830 2561 παράλληλον
859 2473 944 2564 αύτή
973 2480 1121 2562 πλευρὰν

108 2583 169 2646 τού
183 2579 401 2666 πενταγώνου
414 2580 665 2667 γεγράφθωσαν
684 2582 903 2670 περιφέρειαι·
926 2581 981 2647 καὶ
1001 2585 1038 2648 αλ
1054 2581 1120 2654 ἀπὸ

107 2689 169 2754 τού
192 2692 349 2772 σημείου,
376 2683 456 2754 καθ’
483 2683 500 2755 δ
530 2689 781 2774 συμβάλλουσιν
804 2685 977 2774 ἀλλήλαις,
1005 2689 1058 2757 ἐπὶ
1081 2691 1121 2760 τὰ

64 2817 89 2866 ιε
108 2795 228 2881 κέντρα
266 2792 539 2880 ἐπιζευγνύμεναι
576 2791 699 2882 ὁμοίως
735 2797 923 2882 περιέξουσι
960 2798 1021 2883 τῆν
1057 2805 1120 2866 λεί-

108 2920 239 2968 πουσαν
262 2904 309 2979 είς
331 2898 390 2979 τάς
414 2899 477 2967 δύο
501 2899 609 2984 ὀρθάς
631 2905 690 2988 τῆς
712 2907 850 2981 κλίσεως
867 2911 936 2970 τών
956 2905 1120 2972 ἐπιπέδων

108 3011 169 3073 τού
194 3007 435 3091 δωδεκαέδρου.

176 3111 263 3180 οὕτω
287 3112 349 3200 μὲν
373 3106 474 3182 ούνὸ
499 3115 671 3200 εἰρημένος
694 3113 926 3196 εὐκλεέστατος
949 3113 1036 3203 ἀνὴρ
1058 3112 1119 3180 τὸν

183 3382 206 3430 1.
226 3371 352 3450 ἀγομένη
371 3377 485 3450 καθέτῳ
503 3379 585 3438 PBv.
666 3378 865 3450 περιφέρειναι
883 3381 913 3435 Ρ.
995 3384 1019 3432 3.
1042 3397 1119 3445 περι·

111 3443 223 3511 ἐξουσιν
241 3446 273 3513 Β,
292 3448 498 3519 περιέχουσιν.
584 3451 682 3520 κλῆσιν
700 3451 730 3507 Ρ.
821 3456 846 3507 5.
870 3447 927 3505 ἀπὸ
946 3449 1008 3520 τῆς]
1028 3451 1070 3504 bis
1089 3450 1119 3505 P.
