<?xml version="1.0" encoding="UTF-8"?>
<!DOCTYPE html PUBLIC "-//W3C//DTD XHTML 1.0 Transitional//EN"
    "http://www.w3.org/TR/xhtml1/DTD/xhtml1-transitional.dtd">
<html xmlns="http://www.w3.org/1999/xhtml" xml:lang="en" lang="en">
 <head>
  <title>
</title>
<meta http-equiv="Content-Type" content="text/html;charset=utf-8" />
  <meta name='ocr-system' content='tesseract 3.04.00' />
  <meta name='ocr-capabilities' content='ocr_page ocr_carea ocr_par ocr_line ocrx_word'/>
</head>
<body>
  <div class='ocr_page' id='page_1' title='image "./euclidisoperaom02unkngoog_0433.png"; bbox 0 0 2362 3796; ppageno 0'>
   <div class='ocr_carea' id='block_1_1' title="bbox 112 162 978 230">
    <p class='ocr_par' dir='ltr' id='par_1_1' title="bbox 112 162 978 230">
     <span class='ocr_line' id='line_1_1' title="bbox 112 162 978 230; baseline -0.005 -10"><span class='ocrx_word' id='word_1_1' title='bbox 112 163 178 230; x_wconf 86' lang='lat'><strong><em>316</em></strong></span> <span class='ocrx_word' id='word_1_2' title='bbox 270 163 427 217; x_wconf 70' lang='lat' dir='ltr'><strong>§onom</strong></span> <span class='ocrx_word' id='word_1_3' title='bbox 444 165 483 216; x_wconf 87' lang='lat' dir='ltr'><strong><em>IN</em></strong></span> <span class='ocrx_word' id='word_1_4' title='bbox 501 163 776 217; x_wconf 80' lang='lat' dir='ltr'>ELEMENTORUM</span> <span class='ocrx_word' id='word_1_5' title='bbox 792 163 932 215; x_wconf 83' lang='lat' dir='ltr'><strong>LIBRUM</strong></span> <span class='ocrx_word' id='word_1_6' title='bbox 945 162 978 216; x_wconf 87' lang='lat' dir='ltr'><strong><em>V.</em></strong></span> 
     </span>
    </p>
   </div>
   <div class='ocr_carea' id='block_1_2' title="bbox 60 301 1129 3356">
    <p class='ocr_par' dir='ltr' id='par_1_2' title="bbox 60 301 1129 3356">
     <span class='ocr_line' id='line_1_2' title="bbox 111 301 1126 393; baseline -0.002 -20"><span class='ocrx_word' id='word_1_7' title='bbox 111 304 302 393; x_wconf 83' lang='grc' dir='ltr'><strong><em>ἡγούμενον</em></strong></span> <span class='ocrx_word' id='word_1_8' title='bbox 325 328 408 390; x_wconf 89' lang='grc' dir='ltr'><strong><em>προς</em></strong></span> <span class='ocrx_word' id='word_1_9' title='bbox 431 301 639 391; x_wconf 79' lang='grc' dir='ltr'><strong><em>ἡγούμενον,</em></strong></span> <span class='ocrx_word' id='word_1_10' title='bbox 668 305 706 372; x_wconf 80' lang='grc' dir='ltr'><strong><em>ἐν</em></strong></span> <span class='ocrx_word' id='word_1_11' title='bbox 729 301 768 371; x_wconf 68' lang='grc' dir='ltr'><strong><em>δὲ</em></strong></span> <span class='ocrx_word' id='word_1_12' title='bbox 789 312 829 392; x_wconf 76' lang='grc' dir='ltr'><strong><em>τῇ</em></strong></span> <span class='ocrx_word' id='word_1_13' title='bbox 853 301 1015 370; x_wconf 74' lang='grc' dir='ltr'><strong><em>συνθέσει</em></strong></span> <span class='ocrx_word' id='word_1_14' title='bbox 1035 303 1126 371; x_wconf 77' lang='grc' dir='ltr'><strong><em>ἐστίν</em></strong></span> 
     </span>
     <span class='ocr_line' id='line_1_3' title="bbox 111 407 1126 498; baseline -0.002 -19"><span class='ocrx_word' id='word_1_15' title='bbox 111 408 302 498; x_wconf 80' lang='grc' dir='ltr'><strong><em>ἡγούμενον</em></strong></span> <span class='ocrx_word' id='word_1_16' title='bbox 326 408 394 498; x_wconf 85' lang='grc' dir='ltr'><strong><em>ἀμα</em></strong></span> <span class='ocrx_word' id='word_1_17' title='bbox 416 410 472 478; x_wconf 82' lang='grc' dir='ltr'><strong><em>καί</em></strong></span> <span class='ocrx_word' id='word_1_18' title='bbox 495 409 660 497; x_wconf 82' lang='grc' dir='ltr'><strong><em>ἑπόμενον</em></strong></span> <span class='ocrx_word' id='word_1_19' title='bbox 678 409 762 498; x_wconf 89' lang='grc' dir='ltr'><strong><em>πρὸς</em></strong></span> <span class='ocrx_word' id='word_1_20' title='bbox 780 408 959 496; x_wconf 75' lang='grc' dir='ltr'><strong><em>ἑπόμενον·</em></strong></span> <span class='ocrx_word' id='word_1_21' title='bbox 980 433 1024 477; x_wconf 88' lang='grc' dir='ltr'><strong><em>τα</em></strong></span> <span class='ocrx_word' id='word_1_22' title='bbox 1041 407 1126 478; x_wconf 73' lang='grc' dir='ltr'><strong><em>αὐτὰ</em></strong></span> 
     </span>
     <span class='ocr_line' id='line_1_4' title="bbox 113 515 1126 602; baseline -0.003 -17"><span class='ocrx_word' id='word_1_23' title='bbox 113 516 150 585; x_wconf 73' lang='grc' dir='ltr'><strong><em>δὲ</em></strong></span> <span class='ocrx_word' id='word_1_24' title='bbox 172 520 276 585; x_wconf 81' lang='grc' dir='ltr'><strong><em>ταῦτα</em></strong></span> <span class='ocrx_word' id='word_1_25' title='bbox 298 516 355 584; x_wconf 83' lang='grc' dir='ltr'><strong><em>καὶ</em></strong></span> <span class='ocrx_word' id='word_1_26' title='bbox 378 518 414 584; x_wconf 80' lang='grc' dir='ltr'><strong><em>ἐν</em></strong></span> <span class='ocrx_word' id='word_1_27' title='bbox 437 529 507 596; x_wconf 81' lang='grc' dir='ltr'><strong><em>τοῖς</em></strong></span> <span class='ocrx_word' id='word_1_28' title='bbox 529 523 659 595; x_wconf 78' lang='grc' dir='ltr'><strong><em>λοιποῖς</em></strong></span> <span class='ocrx_word' id='word_1_29' title='bbox 678 515 756 584; x_wconf 75' lang='grc' dir='ltr'><strong><em>δυσὶ</em></strong></span> <span class='ocrx_word' id='word_1_30' title='bbox 775 516 953 602; x_wconf 80' lang='grc' dir='ltr'><strong><em>μεγέθεσιν</em></strong></span> <span class='ocrx_word' id='word_1_31' title='bbox 971 519 1126 601; x_wconf 85' lang='grc' dir='ltr'><strong><em>γίνονται</em></strong></span> 
     </span>
     <span class='ocr_line' id='line_1_5' title="bbox 111 618 1127 714; baseline -0.001 -24"><span class='ocrx_word' id='word_1_32' title='bbox 111 626 156 713; x_wconf 78' lang='grc' dir='ltr'><strong><em>τῷ</em></strong></span> <span class='ocrx_word' id='word_1_33' title='bbox 188 649 224 691; x_wconf 88' lang='grc' dir='ltr'><strong><em>τε</em></strong></span> <span class='ocrx_word' id='word_1_34' title='bbox 250 628 313 690; x_wconf 89' lang='grc' dir='ltr'><strong><em>ΓΔ</em></strong></span> <span class='ocrx_word' id='word_1_35' title='bbox 344 623 400 690; x_wconf 85' lang='grc' dir='ltr'><strong><em>καλ</em></strong></span> <span class='ocrx_word' id='word_1_36' title='bbox 431 626 476 714; x_wconf 79' lang='grc' dir='ltr'><strong><em>τῷ</em></strong></span> <span class='ocrx_word' id='word_1_37' title='bbox 505 629 584 688; x_wconf 89' lang='grc' dir='ltr'><strong><em>ΔΖ·</em></strong></span> <span class='ocrx_word' id='word_1_38' title='bbox 625 625 729 690; x_wconf 85' lang='grc' dir='ltr'><strong><em>ταῦτα</em></strong></span> <span class='ocrx_word' id='word_1_39' title='bbox 762 621 869 701; x_wconf 79' lang='grc' dir='ltr'><strong><em>οὕτως</em></strong></span> <span class='ocrx_word' id='word_1_40' title='bbox 900 618 1013 710; x_wconf 83' lang='grc' dir='ltr'><strong><em>εὖρωυ</em></strong></span> <span class='ocrx_word' id='word_1_41' title='bbox 1046 640 1127 707; x_wconf 90' lang='grc' dir='ltr'><strong><em>συμ-</em></strong></span> 
     </span>
     <span class='ocr_line' id='line_1_6' title="bbox 76 723 1127 819; baseline 0 -24"><span class='ocrx_word' id='word_1_42' title='bbox 76 734 289 815; x_wconf 70' lang='grc' dir='ltr'><strong><em>ςπίπτοντα,</em></strong></span> <span class='ocrx_word' id='word_1_43' title='bbox 322 726 367 809; x_wconf 79' lang='grc' dir='ltr'><strong><em>ὡς</em></strong></span> <span class='ocrx_word' id='word_1_44' title='bbox 394 737 536 816; x_wconf 77' lang='grc' dir='ltr'><strong><em>εἴρηται,</em></strong></span> <span class='ocrx_word' id='word_1_45' title='bbox 567 732 612 819; x_wconf 80' lang='grc' dir='ltr'><strong><em>τῷ</em></strong></span> <span class='ocrx_word' id='word_1_46' title='bbox 640 727 745 819; x_wconf 80' lang='grc' dir='ltr'><strong><em>λόγῳ,</em></strong></span> <span class='ocrx_word' id='word_1_47' title='bbox 778 723 819 796; x_wconf 76' lang='grc' dir='ltr'><strong><em>ὃν</em></strong></span> <span class='ocrx_word' id='word_1_48' title='bbox 846 727 1002 815; x_wconf 80' lang='grc' dir='ltr'><em>ὀνομάζει</em></span> <span class='ocrx_word' id='word_1_49' title='bbox 1026 725 1127 807; x_wconf 81' lang='grc' dir='ltr'><strong><em>αὐτος</em></strong></span> 
     </span>
     <span class='ocr_line' id='line_1_7' title="bbox 112 831 1125 922; baseline -0.001 -20"><span class='ocrx_word' id='word_1_50' title='bbox 112 841 312 921; x_wconf 82' lang='grc' dir='ltr'><strong><em>συγκείμενα</em></strong></span> <span class='ocrx_word' id='word_1_51' title='bbox 335 837 477 922; x_wconf 87' lang='grc' dir='ltr'><strong><em>μεγέθη,</em></strong></span> <span class='ocrx_word' id='word_1_52' title='bbox 506 839 722 922; x_wconf 81' lang='grc' dir='ltr'><strong><em>συμπεραίνει</em></strong></span> <span class='ocrx_word' id='word_1_53' title='bbox 744 837 785 902; x_wconf 84' lang='grc' dir='ltr'><strong><em>τὰ</em></strong></span> <span class='ocrx_word' id='word_1_54' title='bbox 810 832 950 916; x_wconf 75' lang='grc' dir='ltr'><strong><em>ἐναλλὰξ</em></strong></span> <span class='ocrx_word' id='word_1_55' title='bbox 977 831 1025 914; x_wconf 77' lang='grc' dir='ltr'><strong><em>ὥς</em></strong></span> <span class='ocrx_word' id='word_1_56' title='bbox 1047 852 1125 920; x_wconf 92' lang='grc' dir='ltr'><strong><em>συγ-</em></strong></span> 
     </span>
     <span class='ocr_line' id='line_1_8' title="bbox 111 937 1124 1028; baseline 0 -21"><span class='ocrx_word' id='word_1_57' title='bbox 111 947 247 1028; x_wconf 90' lang='grc' dir='ltr'><strong><em>κείμενα</em></strong></span> <span class='ocrx_word' id='word_1_58' title='bbox 269 947 329 1008; x_wconf 92' lang='grc' dir='ltr'><strong><em>καί</em></strong></span> <span class='ocrx_word' id='word_1_59' title='bbox 349 960 446 1028; x_wconf 86' lang='grc' dir='ltr'><strong><em>φησι·</em></strong></span> <span class='ocrx_word' id='word_1_60' title='bbox 482 946 681 1027; x_wconf 76' lang='grc' dir='ltr'><strong><em>συγκείμενα</em></strong></span> <span class='ocrx_word' id='word_1_61' title='bbox 708 938 775 1026; x_wconf 85' lang='grc' dir='ltr'><strong><em>ἀρα</em></strong></span> <span class='ocrx_word' id='word_1_62' title='bbox 803 941 929 1026; x_wconf 84' lang='grc' dir='ltr'><strong><em>μεγέθη</em></strong></span> <span class='ocrx_word' id='word_1_63' title='bbox 952 937 1124 1026; x_wconf 78' lang='grc' dir='ltr'><strong><em>ἀνάλογόν</em></strong></span> 
     </span>
     <span class='ocr_line' id='line_1_9' title="bbox 113 1043 1125 1134; baseline 0.001 -21"><span class='ocrx_word' id='word_1_64' title='bbox 113 1047 212 1114; x_wconf 79' lang='grc' dir='ltr'><strong><em>ἐστιν.</em></strong></span> <span class='ocrx_word' id='word_1_65' title='bbox 269 1045 340 1115; x_wconf 74' lang='grc' dir='ltr'><strong><em>εἶτα</em></strong></span> <span class='ocrx_word' id='word_1_66' title='bbox 371 1047 500 1133; x_wconf 83' lang='grc' dir='ltr'><strong><em>προιω’ν</em></strong></span> <span class='ocrx_word' id='word_1_67' title='bbox 527 1066 645 1133; x_wconf 81' lang='grc' dir='ltr'><strong><em>φησιν·</em></strong></span> <span class='ocrx_word' id='word_1_68' title='bbox 687 1049 823 1134; x_wconf 76' lang='grc' dir='ltr'><strong><em>ἐδείχθη</em></strong></span> <span class='ocrx_word' id='word_1_69' title='bbox 852 1046 890 1114; x_wconf 75' lang='grc' dir='ltr'><strong><em>δὲ</em></strong></span> <span class='ocrx_word' id='word_1_70' title='bbox 920 1043 965 1127; x_wconf 75' lang='grc' dir='ltr'><strong><em>ὡς</em></strong></span> <span class='ocrx_word' id='word_1_71' title='bbox 991 1044 1031 1114; x_wconf 86' lang='grc' dir='ltr'><strong><em>τὸ</em></strong></span> <span class='ocrx_word' id='word_1_72' title='bbox 1058 1053 1125 1114; x_wconf 84' lang='grc' dir='ltr'><strong><em>ΒΛ</em></strong></span> 
     </span>
     <span class='ocr_line' id='line_1_10' title="bbox 112 1149 1125 1239; baseline 0.003 -22"><span class='ocrx_word' id='word_1_73' title='bbox 112 1151 196 1236; x_wconf 90' lang='grc' dir='ltr'><strong><em>πρὸς</em></strong></span> <span class='ocrx_word' id='word_1_74' title='bbox 217 1151 255 1221; x_wconf 88' lang='grc' dir='ltr'><strong><em>τὸ</em></strong></span> <span class='ocrx_word' id='word_1_75' title='bbox 278 1160 361 1239; x_wconf 82' lang='grc' dir='ltr'><strong><em>ΑΕ,</em></strong></span> <span class='ocrx_word' id='word_1_76' title='bbox 394 1150 501 1232; x_wconf 76' lang='grc' dir='ltr'><strong><em>οὕτως</em></strong></span> <span class='ocrx_word' id='word_1_77' title='bbox 526 1152 564 1221; x_wconf 90' lang='grc' dir='ltr'><strong><em>τὸ</em></strong></span> <span class='ocrx_word' id='word_1_78' title='bbox 588 1159 658 1220; x_wconf 90' lang='grc' dir='ltr'><strong><em>ΔΓ</em></strong></span> <span class='ocrx_word' id='word_1_79' title='bbox 682 1155 767 1239; x_wconf 86' lang='grc' dir='ltr'><strong><em>πρὸς</em></strong></span> <span class='ocrx_word' id='word_1_80' title='bbox 790 1149 829 1220; x_wconf 88' lang='grc' dir='ltr'><strong><em>τὸ</em></strong></span> <span class='ocrx_word' id='word_1_81' title='bbox 852 1157 927 1220; x_wconf 88' lang='grc' dir='ltr'><strong><em>ΓΖ·</em></strong></span> <span class='ocrx_word' id='word_1_82' title='bbox 960 1153 1063 1234; x_wconf 76' lang='grc' dir='ltr'><strong><em>ἔδειξε</em></strong></span> <span class='ocrx_word' id='word_1_83' title='bbox 1086 1151 1125 1220; x_wconf 71' lang='grc' dir='ltr'><strong><em>δὲ</em></strong></span> 
     </span>
     <span class='ocr_line' id='line_1_11' title="bbox 61 1254 1124 1347; baseline 0.001 -25"><span class='ocrx_word' id='word_1_84' title='bbox 61 1286 93 1337; x_wconf 90' lang='lat'><strong><em>10</em></strong></span> <span class='ocrx_word' id='word_1_85' title='bbox 112 1254 211 1324; x_wconf 83' lang='grc' dir='ltr'><strong><em>τοῦτό</em></strong></span> <span class='ocrx_word' id='word_1_86' title='bbox 238 1281 304 1326; x_wconf 87' lang='grc' dir='ltr'><strong><em>που</em></strong></span> <span class='ocrx_word' id='word_1_87' title='bbox 337 1260 374 1325; x_wconf 80' lang='grc' dir='ltr'><strong><em>ἐν</em></strong></span> <span class='ocrx_word' id='word_1_88' title='bbox 405 1261 445 1346; x_wconf 79' lang='grc' dir='ltr'><strong><em>τῇ</em></strong></span> <span class='ocrx_word' id='word_1_89' title='bbox 478 1256 563 1347; x_wconf 75' lang='grc' dir='ltr'><strong><em>ἀρχῇ</em></strong></span> <span class='ocrx_word' id='word_1_90' title='bbox 591 1259 724 1338; x_wconf 83' lang='grc' dir='ltr'><strong><em>πάντως</em></strong></span> <span class='ocrx_word' id='word_1_91' title='bbox 750 1261 810 1344; x_wconf 81' lang='grc' dir='ltr'><strong><em>τῆς</em></strong></span> <span class='ocrx_word' id='word_1_92' title='bbox 836 1254 1033 1339; x_wconf 75' lang='grc' dir='ltr'><strong><em>ἀποδείξεως</em></strong></span> <span class='ocrx_word' id='word_1_93' title='bbox 1061 1261 1124 1324; x_wconf 80' lang='grc' dir='ltr'><strong><em>τοῦ</em></strong></span> 
     </span>
     <span class='ocr_line' id='line_1_12' title="bbox 112 1361 1124 1452; baseline 0.002 -24"><span class='ocrx_word' id='word_1_94' title='bbox 112 1363 279 1448; x_wconf 78' lang='grc' dir='ltr'><strong><em>παρόντος</em></strong></span> <span class='ocrx_word' id='word_1_95' title='bbox 297 1362 349 1431; x_wconf 84' lang='grc' dir='ltr'><strong><em>ιθ’</em></strong></span> <span class='ocrx_word' id='word_1_96' title='bbox 367 1363 595 1451; x_wconf 75' lang='grc' dir='ltr'><strong><em>θεωρήματος,</em></strong></span> <span class='ocrx_word' id='word_1_97' title='bbox 618 1369 703 1432; x_wconf 83' lang='grc' dir='ltr'><strong><em>ἔνθα</em></strong></span> <span class='ocrx_word' id='word_1_98' title='bbox 722 1368 840 1452; x_wconf 81' lang='grc' dir='ltr'><strong><em>φησίν·</em></strong></span> <span class='ocrx_word' id='word_1_99' title='bbox 864 1364 934 1432; x_wconf 79' lang='grc' dir='ltr'><strong><em>ἐπεὶ</em></strong></span> <span class='ocrx_word' id='word_1_100' title='bbox 950 1361 1013 1451; x_wconf 88' lang='grc' dir='ltr'><strong><em>γάρ</em></strong></span> <span class='ocrx_word' id='word_1_101' title='bbox 1031 1366 1124 1431; x_wconf 81' lang='grc' dir='ltr'><strong><em>ἐστιν</em></strong></span> 
     </span>
     <span class='ocr_line' id='line_1_13' title="bbox 114 1463 1126 1559; baseline 0.003 -25"><span class='ocrx_word' id='word_1_102' title='bbox 114 1463 159 1546; x_wconf 79' lang='grc' dir='ltr'><strong><em>ὥς</em></strong></span> <span class='ocrx_word' id='word_1_103' title='bbox 177 1465 258 1537; x_wconf 85' lang='grc' dir='ltr'><strong><em>ὅλον</em></strong></span> <span class='ocrx_word' id='word_1_104' title='bbox 276 1468 314 1538; x_wconf 87' lang='grc' dir='ltr'><strong><em>τὸ</em></strong></span> <span class='ocrx_word' id='word_1_105' title='bbox 330 1478 396 1539; x_wconf 86' lang='grc' dir='ltr'><strong><em>ΑΒ</em></strong></span> <span class='ocrx_word' id='word_1_106' title='bbox 418 1472 501 1559; x_wconf 88' lang='grc' dir='ltr'><strong><em>πρὸς</em></strong></span> <span class='ocrx_word' id='word_1_107' title='bbox 518 1468 600 1540; x_wconf 83' lang='grc' dir='ltr'><strong><em>ὅλον</em></strong></span> <span class='ocrx_word' id='word_1_108' title='bbox 618 1497 656 1540; x_wconf 95' lang='grc' dir='ltr'><strong><em>το</em></strong></span> <span class='ocrx_word' id='word_1_109' title='bbox 671 1477 743 1556; x_wconf 90' lang='grc' dir='ltr'><strong><em>ΓΔ,</em></strong></span> <span class='ocrx_word' id='word_1_110' title='bbox 767 1468 873 1550; x_wconf 81' lang='grc' dir='ltr'><strong><em>οὕτως</em></strong></span> <span class='ocrx_word' id='word_1_111' title='bbox 893 1470 932 1538; x_wconf 89' lang='grc' dir='ltr'><strong><em>τὸ</em></strong></span> <span class='ocrx_word' id='word_1_112' title='bbox 953 1478 984 1537; x_wconf 83' lang='lat' dir='ltr'><em>A</em></span> <span class='ocrx_word' id='word_1_113' title='bbox 989 1475 1020 1537; x_wconf 86' lang='grc' dir='ltr'><strong>Ε</strong></span> <span class='ocrx_word' id='word_1_114' title='bbox 1041 1492 1126 1556; x_wconf 87' lang='grc' dir='ltr'><strong><em>προς</em></strong></span> 
     </span>
     <span class='ocr_line' id='line_1_14' title="bbox 112 1571 1125 1664; baseline 0.002 -23"><span class='ocrx_word' id='word_1_115' title='bbox 112 1576 149 1642; x_wconf 85' lang='grc' dir='ltr'><strong><em>τὸ</em></strong></span> <span class='ocrx_word' id='word_1_116' title='bbox 174 1579 250 1662; x_wconf 85' lang='grc' dir='ltr'><strong><em>ΓΖ,</em></strong></span> <span class='ocrx_word' id='word_1_117' title='bbox 277 1577 334 1644; x_wconf 87' lang='grc' dir='ltr'><strong><em>καὶ</em></strong></span> <span class='ocrx_word' id='word_1_118' title='bbox 356 1574 498 1657; x_wconf 78' lang='grc' dir='ltr'><strong><em>ἐναλλὰξ</em></strong></span> <span class='ocrx_word' id='word_1_119' title='bbox 520 1574 564 1657; x_wconf 78' lang='grc' dir='ltr'><strong><em>ὡς</em></strong></span> <span class='ocrx_word' id='word_1_120' title='bbox 586 1602 616 1644; x_wconf 85' lang='grc' dir='ltr'><strong><em>τ(</em></strong></span> <span class='ocrx_word' id='word_1_121' title='bbox 647 1583 715 1644; x_wconf 90' lang='lat' dir='ltr'><strong><em>BA</em></strong></span> <span class='ocrx_word' id='word_1_122' title='bbox 741 1575 825 1664; x_wconf 89' lang='grc' dir='ltr'><strong><em>πρὸς</em></strong></span> <span class='ocrx_word' id='word_1_123' title='bbox 846 1578 883 1644; x_wconf 89' lang='grc' dir='ltr'><strong><em>τὸ</em></strong></span> <span class='ocrx_word' id='word_1_124' title='bbox 909 1581 990 1661; x_wconf 85' lang='grc' dir='ltr'><strong><em>ΛΕ,</em></strong></span> <span class='ocrx_word' id='word_1_125' title='bbox 1019 1571 1125 1655; x_wconf 78' lang='grc' dir='ltr'><strong><em>οὕτως</em></strong></span> 
     </span>
     <span class='ocr_line' id='line_1_15' title="bbox 112 1676 1125 1769; baseline 0.001 -21"><span class='ocrx_word' id='word_1_126' title='bbox 112 1706 150 1749; x_wconf 95' lang='grc' dir='ltr'><strong><em>το</em></strong></span> <span class='ocrx_word' id='word_1_127' title='bbox 166 1688 237 1749; x_wconf 85' lang='grc' dir='ltr'><strong><em>ΛΓ</em></strong></span> <span class='ocrx_word' id='word_1_128' title='bbox 251 1706 334 1769; x_wconf 88' lang='grc' dir='ltr'><strong><em>προς</em></strong></span> <span class='ocrx_word' id='word_1_129' title='bbox 351 1708 389 1750; x_wconf 90' lang='grc' dir='ltr'><strong><em>το</em></strong></span> <span class='ocrx_word' id='word_1_130' title='bbox 404 1688 475 1752; x_wconf 91' lang='grc' dir='ltr'><strong>ΓΖ.·</strong></span> <span class='ocrx_word' id='word_1_131' title='bbox 508 1687 568 1751; x_wconf 95' lang='grc' dir='ltr'><strong><em>καί</em></strong></span> <span class='ocrx_word' id='word_1_132' title='bbox 583 1701 701 1769; x_wconf 86' lang='grc' dir='ltr'><strong><em>φησιν·</em></strong></span> <span class='ocrx_word' id='word_1_133' title='bbox 725 1687 794 1750; x_wconf 82' lang='grc' dir='ltr'><strong><em>ἔστι</em></strong></span> <span class='ocrx_word' id='word_1_134' title='bbox 813 1701 867 1750; x_wconf 94' lang='grc' dir='ltr'><strong><em>σοι</em></strong></span> <span class='ocrx_word' id='word_1_135' title='bbox 884 1685 997 1767; x_wconf 80' lang='grc' dir='ltr'><strong><em>τοῦτο,</em></strong></span> <span class='ocrx_word' id='word_1_136' title='bbox 1021 1676 1041 1749; x_wconf 79' lang='grc' dir='ltr'>ὃ</span> <span class='ocrx_word' id='word_1_137' title='bbox 1060 1684 1125 1749; x_wconf 79' lang='grc' dir='ltr'><strong><em>νῦν</em></strong></span> 
     </span>
     <span class='ocr_line' id='line_1_16' title="bbox 62 1783 1126 1876; baseline 0.003 -23"><span class='ocrx_word' id='word_1_138' title='bbox 62 1815 94 1864; x_wconf 77' lang='lat'><strong><em>15</em></strong></span> <span class='ocrx_word' id='word_1_139' title='bbox 113 1783 221 1872; x_wconf 80' lang='grc' dir='ltr'><strong><em>εἶπον,</em></strong></span> <span class='ocrx_word' id='word_1_140' title='bbox 243 1785 489 1876; x_wconf 79' lang='grc' dir='ltr'><strong><em>ἀναστρέψαντι</em></strong></span> <span class='ocrx_word' id='word_1_141' title='bbox 511 1787 587 1856; x_wconf 74' lang='grc' dir='ltr'><strong><em>ἀντὶ</em></strong></span> <span class='ocrx_word' id='word_1_142' title='bbox 608 1792 671 1856; x_wconf 81' lang='grc' dir='ltr'><strong><em>τοῦ</em></strong></span> <span class='ocrx_word' id='word_1_143' title='bbox 690 1792 746 1856; x_wconf 79' lang='grc' dir='ltr'><strong><em>διὰ</em></strong></span> <span class='ocrx_word' id='word_1_144' title='bbox 765 1792 827 1856; x_wconf 87' lang='grc' dir='ltr'><strong><em>τοῦ</em></strong></span> <span class='ocrx_word' id='word_1_145' title='bbox 845 1786 950 1874; x_wconf 82' lang='grc' dir='ltr'><strong><em>λόγου</em></strong></span> <span class='ocrx_word' id='word_1_146' title='bbox 967 1790 1028 1874; x_wconf 79' lang='grc' dir='ltr'><strong><em>τῆς</em></strong></span> <span class='ocrx_word' id='word_1_147' title='bbox 1046 1786 1126 1856; x_wconf 91' lang='grc' dir='ltr'><strong><em>ἀνα-</em></strong></span> 
     </span>
     <span class='ocr_line' id='line_1_17' title="bbox 113 1891 1126 1982; baseline 0.004 -23"><span class='ocrx_word' id='word_1_148' title='bbox 113 1899 270 1982; x_wconf 80' lang='grc' dir='ltr'><strong><em>στροφῆς.</em></strong></span> <span class='ocrx_word' id='word_1_149' title='bbox 306 1895 394 1981; x_wconf 80' lang='grc' dir='ltr'><strong><em>λέγει</em></strong></span> <span class='ocrx_word' id='word_1_150' title='bbox 416 1921 481 1982; x_wconf 90' lang='grc' dir='ltr'><strong><em>γαρ</em></strong></span> <span class='ocrx_word' id='word_1_151' title='bbox 509 1896 546 1962; x_wconf 81' lang='grc' dir='ltr'><strong><em>ἐν</em></strong></span> <span class='ocrx_word' id='word_1_152' title='bbox 569 1907 640 1974; x_wconf 79' lang='grc' dir='ltr'><strong><em>τοῖς</em></strong></span> <span class='ocrx_word' id='word_1_153' title='bbox 663 1893 768 1982; x_wconf 86' lang='grc' dir='ltr'><strong><em>ὅροις·</em></strong></span> <span class='ocrx_word' id='word_1_154' title='bbox 801 1891 998 1981; x_wconf 89' lang='grc' dir='ltr'><strong><em>ἀναστροφη</em></strong></span> <span class='ocrx_word' id='word_1_155' title='bbox 1022 1893 1126 1981; x_wconf 85' lang='grc' dir='ltr'><strong><em>λόγου</em></strong></span> 
     </span>
     <span class='ocr_line' id='line_1_18' title="bbox 113 1991 1126 2089; baseline 0.003 -22"><span class='ocrx_word' id='word_1_156' title='bbox 113 2000 182 2067; x_wconf 77' lang='grc' dir='ltr'><strong><em>ἐστὶ</em></strong></span> <span class='ocrx_word' id='word_1_157' title='bbox 201 2003 301 2087; x_wconf 79' lang='grc' dir='ltr'><strong><em>λῆψις</em></strong></span> <span class='ocrx_word' id='word_1_158' title='bbox 318 2005 380 2069; x_wconf 82' lang='grc' dir='ltr'><strong><em>τοῦ</em></strong></span> <span class='ocrx_word' id='word_1_159' title='bbox 397 1998 588 2087; x_wconf 78' lang='grc' dir='ltr'><strong><em>ἡγουμένου</em></strong></span> <span class='ocrx_word' id='word_1_160' title='bbox 605 2004 690 2087; x_wconf 86' lang='grc' dir='ltr'><strong><em>πρὸς</em></strong></span> <span class='ocrx_word' id='word_1_161' title='bbox 707 2003 770 2088; x_wconf 77' lang='grc' dir='ltr'><strong><em>τὴν</em></strong></span> <span class='ocrx_word' id='word_1_162' title='bbox 788 1997 969 2088; x_wconf 79' lang='grc' dir='ltr'><strong><em>ὑπεροχήν,</em></strong></span> <span class='ocrx_word' id='word_1_163' title='bbox 987 1991 1010 2088; x_wconf 78' lang='grc' dir='ltr'><strong><em>ᾖ</em></strong></span> <span class='ocrx_word' id='word_1_164' title='bbox 1027 1998 1126 2089; x_wconf 80' lang='grc' dir='ltr'><strong><em>ὑπερ</em></strong></span> 
     </span>
     <span class='ocr_line' id='line_1_19' title="bbox 113 2103 1126 2193; baseline 0.003 -22"><span class='ocrx_word' id='word_1_165' title='bbox 113 2107 180 2191; x_wconf 86' lang='grc' dir='ltr'><strong><em>ε’χει</em></strong></span> <span class='ocrx_word' id='word_1_166' title='bbox 211 2109 249 2173; x_wconf 84' lang='grc' dir='ltr'><strong><em>τὸ</em></strong></span> <span class='ocrx_word' id='word_1_167' title='bbox 277 2103 469 2192; x_wconf 82' lang='grc' dir='ltr'><strong><em>ἡγούμενον</em></strong></span> <span class='ocrx_word' id='word_1_168' title='bbox 500 2109 561 2173; x_wconf 81' lang='grc' dir='ltr'><strong><em>τοῦ</em></strong></span> <span class='ocrx_word' id='word_1_169' title='bbox 590 2105 764 2192; x_wconf 84' lang='grc' dir='ltr'><strong><em>ἑπομένου.</em></strong></span> <span class='ocrx_word' id='word_1_170' title='bbox 809 2107 966 2193; x_wconf 79' lang='grc' dir='ltr'><strong><em>ἔστιγὰρ</em></strong></span> <span class='ocrx_word' id='word_1_171' title='bbox 993 2106 1051 2174; x_wconf 82' lang='grc' dir='ltr'><strong><em>καί</em></strong></span> <span class='ocrx_word' id='word_1_172' title='bbox 1074 2108 1126 2175; x_wconf 82' lang='grc' dir='ltr'><strong><em>έν-</em></strong></span> 
     </span>
     <span class='ocr_line' id='line_1_20' title="bbox 112 2208 1127 2300; baseline 0.004 -24"><span class='ocrx_word' id='word_1_173' title='bbox 112 2214 224 2277; x_wconf 82' lang='grc' dir='ltr'><strong><em>ταῦθα</em></strong></span> <span class='ocrx_word' id='word_1_174' title='bbox 242 2236 280 2279; x_wconf 92' lang='grc' dir='ltr'><strong><em>το</em></strong></span> <span class='ocrx_word' id='word_1_175' title='bbox 295 2219 362 2280; x_wconf 90' lang='lat' dir='ltr'><strong><em>BA</em></strong></span> <span class='ocrx_word' id='word_1_176' title='bbox 379 2208 581 2298; x_wconf 78' lang='grc' dir='ltr'><strong><em>ἡγούμενον,</em></strong></span> <span class='ocrx_word' id='word_1_177' title='bbox 605 2209 624 2279; x_wconf 80' lang='grc' dir='ltr'>ὃ</span> <span class='ocrx_word' id='word_1_178' title='bbox 648 2211 876 2298; x_wconf 79' lang='grc' dir='ltr'><strong><em>λαμβάνοντες</em></strong></span> <span class='ocrx_word' id='word_1_179' title='bbox 894 2208 1026 2300; x_wconf 82' lang='grc' dir='ltr'><strong><em>ὁρῶμεν</em></strong></span> <span class='ocrx_word' id='word_1_180' title='bbox 1043 2215 1127 2300; x_wconf 84' lang='grc' dir='ltr'><strong><em>πρὸς</em></strong></span> 
     </span>
     <span class='ocr_line' id='line_1_21' title="bbox 60 2308 1126 2407; baseline 0.004 -26"><span class='ocrx_word' id='word_1_181' title='bbox 60 2344 95 2392; x_wconf 76' lang='lat'><strong><em>20</em></strong></span> <span class='ocrx_word' id='word_1_182' title='bbox 113 2319 151 2382; x_wconf 87' lang='grc' dir='ltr'><strong><em>τὸ</em></strong></span> <span class='ocrx_word' id='word_1_183' title='bbox 181 2323 262 2401; x_wconf 86' lang='grc' dir='ltr'><strong><em>ΑΕ,</em></strong></span> <span class='ocrx_word' id='word_1_184' title='bbox 295 2316 376 2403; x_wconf 81' lang='grc' dir='ltr'><strong><em>ὅπερ</em></strong></span> <span class='ocrx_word' id='word_1_185' title='bbox 409 2317 499 2384; x_wconf 79' lang='grc' dir='ltr'><strong><em>ἐστὶν</em></strong></span> <span class='ocrx_word' id='word_1_186' title='bbox 530 2315 678 2404; x_wconf 77' lang='grc' dir='ltr'><strong><em>ὑπεροχὴ</em></strong></span> <span class='ocrx_word' id='word_1_187' title='bbox 711 2314 1001 2404; x_wconf 83' lang='grc' dir='ltr'><strong><em>ὁμολογούμενον,</em></strong></span> <span class='ocrx_word' id='word_1_188' title='bbox 1035 2320 1072 2387; x_wconf 83' lang='grc' dir='ltr'><strong><em>έν</em></strong></span> <span class='ocrx_word' id='word_1_189' title='bbox 1104 2308 1126 2407; x_wconf 79' lang='grc' dir='ltr'><strong><em>ᾖ</em></strong></span> 
     </span>
     <span class='ocr_line' id='line_1_22' title="bbox 113 2418 1126 2510; baseline 0.004 -23"><span class='ocrx_word' id='word_1_190' title='bbox 113 2421 264 2507; x_wconf 85' lang='grc' dir='ltr'><strong><em>υπερέχει</em></strong></span> <span class='ocrx_word' id='word_1_191' title='bbox 297 2418 379 2489; x_wconf 81' lang='grc' dir='ltr'><strong><em>αὐτὸ</em></strong></span> <span class='ocrx_word' id='word_1_192' title='bbox 411 2424 449 2489; x_wconf 83' lang='grc' dir='ltr'><strong><em>τό</em></strong></span> <span class='ocrx_word' id='word_1_193' title='bbox 477 2419 668 2510; x_wconf 78' lang='grc' dir='ltr'><strong><em>ἡγούμενον</em></strong></span> <span class='ocrx_word' id='word_1_194' title='bbox 694 2426 732 2490; x_wconf 87' lang='grc' dir='ltr'><strong><em>τὸ</em></strong></span> <span class='ocrx_word' id='word_1_195' title='bbox 760 2430 828 2491; x_wconf 86' lang='grc' dir='ltr'><strong><em>ΒΑ</em></strong></span> <span class='ocrx_word' id='word_1_196' title='bbox 859 2425 920 2491; x_wconf 82' lang='grc' dir='ltr'><strong><em>τοῦ</em></strong></span> <span class='ocrx_word' id='word_1_197' title='bbox 947 2422 1126 2509; x_wconf 82' lang='grc' dir='ltr'><strong><em>ἑπομένου,</em></strong></span> 
     </span>
     <span class='ocr_line' id='line_1_23' title="bbox 113 2524 1127 2616; baseline 0.005 -24"><span class='ocrx_word' id='word_1_198' title='bbox 113 2529 263 2595; x_wconf 88' lang='grc' dir='ltr'><strong><em>τουτέστι</em></strong></span> <span class='ocrx_word' id='word_1_199' title='bbox 290 2530 352 2595; x_wconf 82' lang='grc' dir='ltr'><strong><em>τοῦ</em></strong></span> <span class='ocrx_word' id='word_1_200' title='bbox 375 2534 446 2597; x_wconf 86' lang='lat' dir='ltr'><strong><em>BB.</em></strong></span> <span class='ocrx_word' id='word_1_201' title='bbox 496 2530 601 2595; x_wconf 81' lang='grc' dir='ltr'><strong><em>ταῦτα</em></strong></span> <span class='ocrx_word' id='word_1_202' title='bbox 634 2525 740 2607; x_wconf 78' lang='grc' dir='ltr'><strong><em>οὕτως</em></strong></span> <span class='ocrx_word' id='word_1_203' title='bbox 770 2524 882 2616; x_wconf 79' lang='grc' dir='ltr'><strong><em>εὑρὼν</em></strong></span> <span class='ocrx_word' id='word_1_204' title='bbox 912 2527 968 2594; x_wconf 82' lang='grc' dir='ltr'><strong><em>καί</em></strong></span> <span class='ocrx_word' id='word_1_205' title='bbox 995 2528 1032 2594; x_wconf 84' lang='grc' dir='ltr'><strong><em>έκ</em></strong></span> <span class='ocrx_word' id='word_1_206' title='bbox 1057 2532 1127 2597; x_wconf 78' lang='grc' dir='ltr'><strong><em>τῶν</em></strong></span> 
     </span>
     <span class='ocr_line' id='line_1_24' title="bbox 114 2630 1128 2721; baseline 0.003 -21"><span class='ocrx_word' id='word_1_207' title='bbox 114 2634 341 2720; x_wconf 84' lang='grc' dir='ltr'><strong><em>συγκειμένων</em></strong></span> <span class='ocrx_word' id='word_1_208' title='bbox 364 2637 411 2714; x_wconf 91' lang='grc' dir='ltr'><strong><em>είς</em></strong></span> <span class='ocrx_word' id='word_1_209' title='bbox 433 2631 654 2720; x_wconf 78' lang='grc' dir='ltr'><strong><em>ἀναστροφὴν</em></strong></span> <span class='ocrx_word' id='word_1_210' title='bbox 672 2630 865 2721; x_wconf 80' lang='grc' dir='ltr'><strong><em>αὐτομάτως</em></strong></span> <span class='ocrx_word' id='word_1_211' title='bbox 883 2635 1054 2721; x_wconf 81' lang='grc' dir='ltr'><strong><em>ἐμπίπτων</em></strong></span> <span class='ocrx_word' id='word_1_212' title='bbox 1068 2657 1128 2703; x_wconf 89' lang='grc' dir='ltr'><strong><em>πο·</em></strong></span> 
     </span>
     <span class='ocr_line' id='line_1_25' title="bbox 113 2738 1128 2826; baseline 0 -19"><span class='ocrx_word' id='word_1_213' title='bbox 113 2745 234 2823; x_wconf 82' lang='grc' dir='ltr'><strong><em>ρίζεται</em></strong></span> <span class='ocrx_word' id='word_1_214' title='bbox 256 2743 294 2808; x_wconf 88' lang='grc' dir='ltr'><strong><em>τὸ</em></strong></span> <span class='ocrx_word' id='word_1_215' title='bbox 319 2740 526 2826; x_wconf 80' lang='grc' dir='ltr'><strong><em>ἐπαγόμενον</em></strong></span> <span class='ocrx_word' id='word_1_216' title='bbox 549 2746 608 2807; x_wconf 94' lang='grc' dir='ltr'><strong><em>καί</em></strong></span> <span class='ocrx_word' id='word_1_217' title='bbox 628 2757 746 2826; x_wconf 87' lang='grc' dir='ltr'><strong><em>φησιν·</em></strong></span> <span class='ocrx_word' id='word_1_218' title='bbox 769 2742 805 2807; x_wconf 82' lang='grc' dir='ltr'><strong><em>ἐκ</em></strong></span> <span class='ocrx_word' id='word_1_219' title='bbox 828 2743 871 2826; x_wconf 73' lang='grc' dir='ltr'><strong><em>δὴ</em></strong></span> <span class='ocrx_word' id='word_1_220' title='bbox 894 2738 1034 2825; x_wconf 83' lang='grc' dir='ltr'><strong><em>τ[οότου</em></strong></span> <span class='ocrx_word' id='word_1_221' title='bbox 1048 2745 1128 2826; x_wconf 86' lang='grc' dir='ltr'><strong><em>φ]α-</em></strong></span> 
     </span>
     <span class='ocr_line' id='line_1_26' title="bbox 60 2837 1128 2935; baseline 0 -21"><span class='ocrx_word' id='word_1_222' title='bbox 60 2871 94 2920; x_wconf 74' lang='lat'><strong><em>25</em></strong></span> <span class='ocrx_word' id='word_1_223' title='bbox 113 2848 229 2935; x_wconf 89' lang='grc' dir='ltr'><strong><em>νερόν,</em></strong></span> <span class='ocrx_word' id='word_1_224' title='bbox 260 2844 326 2930; x_wconf 84' lang='grc' dir='ltr'><strong><em>ὅτι,</em></strong></span> <span class='ocrx_word' id='word_1_225' title='bbox 354 2849 413 2914; x_wconf 81' lang='grc' dir='ltr'><strong><em>έάυ</em></strong></span> <span class='ocrx_word' id='word_1_226' title='bbox 437 2851 637 2931; x_wconf 87' lang='grc' dir='ltr'><strong><em>συγκείμενα</em></strong></span> <span class='ocrx_word' id='word_1_227' title='bbox 660 2846 786 2931; x_wconf 88' lang='grc' dir='ltr'><strong><em>μεγέθη</em></strong></span> <span class='ocrx_word' id='word_1_228' title='bbox 809 2843 981 2930; x_wconf 83' lang='grc' dir='ltr'><strong><em>ἀνάλογον</em></strong></span> <span class='ocrx_word' id='word_1_229' title='bbox 1004 2837 1042 2934; x_wconf 78' lang='grc' dir='ltr'><strong><em>ᾗ,</em></strong></span> <span class='ocrx_word' id='word_1_230' title='bbox 1069 2847 1128 2914; x_wconf 78' lang='grc' dir='ltr'><strong><em>καὶ</em></strong></span> 
     </span>
     <span class='ocr_line' id='line_1_27' title="bbox 113 2948 1129 3039; baseline 0.002 -20"><span class='ocrx_word' id='word_1_231' title='bbox 113 2950 359 3039; x_wconf 77' lang='grc' dir='ltr'><strong><em>ἀναστρέψαντι</em></strong></span> <span class='ocrx_word' id='word_1_232' title='bbox 378 2948 548 3037; x_wconf 89' lang='grc' dir='ltr'><strong><em>ἀνάλογον</em></strong></span> <span class='ocrx_word' id='word_1_233' title='bbox 572 2956 672 3019; x_wconf 83' lang='grc' dir='ltr'><strong><em>ἔσται.</em></strong></span> <span class='ocrx_word' id='word_1_234' title='bbox 718 2948 789 3019; x_wconf 85' lang='grc' dir='ltr'><strong><em>είτα</em></strong></span> <span class='ocrx_word' id='word_1_235' title='bbox 812 2949 939 3037; x_wconf 79' lang='grc' dir='ltr'><strong><em>ἐπάγει·</em></strong></span> <span class='ocrx_word' id='word_1_236' title='bbox 966 2951 1129 3038; x_wconf 92' lang='grc' dir='ltr'><strong><em>γεγόνασι</em></strong></span> 
     </span>
     <span class='ocr_line' id='line_1_28' title="bbox 115 3056 1128 3144; baseline -0.001 -17"><span class='ocrx_word' id='word_1_237' title='bbox 115 3058 152 3127; x_wconf 73' lang='grc' dir='ltr'><strong><em>δὲ</em></strong></span> <span class='ocrx_word' id='word_1_238' title='bbox 176 3063 211 3127; x_wconf 84' lang='grc' dir='ltr'><strong><em>οί</em></strong></span> <span class='ocrx_word' id='word_1_239' title='bbox 231 3057 326 3144; x_wconf 91' lang='grc' dir='ltr'><strong><em>λόγοι</em></strong></span> <span class='ocrx_word' id='word_1_240' title='bbox 349 3056 404 3124; x_wconf 82' lang='grc' dir='ltr'><strong><em>καλ</em></strong></span> <span class='ocrx_word' id='word_1_241' title='bbox 428 3056 571 3124; x_wconf 79' lang='grc' dir='ltr'><strong><em>ἐπὶτῶν</em></strong></span> <span class='ocrx_word' id='word_1_242' title='bbox 596 3056 704 3136; x_wconf 83' lang='grc' dir='ltr'><strong><em>ίσάκις</em></strong></span> <span class='ocrx_word' id='word_1_243' title='bbox 720 3061 979 3125; x_wconf 90' lang='grc' dir='ltr'><strong><em>πολλαπλασίων</em></strong></span> <span class='ocrx_word' id='word_1_244' title='bbox 997 3057 1054 3126; x_wconf 83' lang='grc' dir='ltr'><strong><em>καὶ</em></strong></span> <span class='ocrx_word' id='word_1_245' title='bbox 1073 3058 1128 3126; x_wconf 80' lang='grc' dir='ltr'><strong><em>ἐπὶ</em></strong></span> 
     </span>
     <span class='ocr_line' id='line_1_29' title="bbox 113 3159 1128 3248; baseline 0.002 -18"><span class='ocrx_word' id='word_1_246' title='bbox 113 3175 181 3232; x_wconf 77' lang='grc' dir='ltr'><strong><em>τῶν</em></strong></span> <span class='ocrx_word' id='word_1_247' title='bbox 204 3161 403 3248; x_wconf 78' lang='grc' dir='ltr'><strong><em>ἀναλογιῶν.</em></strong></span> <span class='ocrx_word' id='word_1_248' title='bbox 445 3166 534 3240; x_wconf 88' lang='grc' dir='ltr'><strong><em>τίνες</em></strong></span> <span class='ocrx_word' id='word_1_249' title='bbox 555 3161 665 3248; x_wconf 74' lang='grc' dir='ltr'><strong><em>λόγοις</em></strong></span> <span class='ocrx_word' id='word_1_250' title='bbox 698 3159 774 3248; x_wconf 82' lang='grc' dir='ltr'><strong><em>οὐχὶ</em></strong></span> <span class='ocrx_word' id='word_1_251' title='bbox 796 3166 858 3231; x_wconf 83' lang='grc' dir='ltr'><strong><em>τοῦ</em></strong></span> <span class='ocrx_word' id='word_1_252' title='bbox 881 3162 1047 3248; x_wconf 81' lang='grc' dir='ltr'><strong><em>σύνεγγυς</em></strong></span> <span class='ocrx_word' id='word_1_253' title='bbox 1068 3188 1128 3232; x_wconf 90' lang='grc' dir='ltr'><strong><em>πο-</em></strong></span> 
     </span>
     <span class='ocr_line' id='line_1_30' title="bbox 114 3266 1128 3356; baseline 0.001 -19"><span class='ocrx_word' id='word_1_254' title='bbox 114 3277 272 3356; x_wconf 87' lang='grc' dir='ltr'><strong><em>ρίσματος</em></strong></span> <span class='ocrx_word' id='word_1_255' title='bbox 281 3271 422 3354; x_wconf 82' lang='grc' dir='ltr'><strong><em>πάντως,</em></strong></span> <span class='ocrx_word' id='word_1_256' title='bbox 436 3266 508 3336; x_wconf 88' lang='grc' dir='ltr'><strong><em>ἀλλ’</em></strong></span> <span class='ocrx_word' id='word_1_257' title='bbox 522 3271 557 3335; x_wconf 84' lang='grc' dir='ltr'><strong><em>οί</em></strong></span> <span class='ocrx_word' id='word_1_258' title='bbox 564 3272 625 3336; x_wconf 83' lang='grc' dir='ltr'><strong><em>τοῦ</em></strong></span> <span class='ocrx_word' id='word_1_259' title='bbox 633 3268 852 3355; x_wconf 81' lang='grc' dir='ltr'><strong><em>θεωρήματος</em></strong></span> <span class='ocrx_word' id='word_1_260' title='bbox 862 3268 990 3355; x_wconf 77' lang='grc' dir='ltr'><strong><em>δηλαδὴ</em></strong></span> <span class='ocrx_word' id='word_1_261' title='bbox 1003 3270 1128 3338; x_wconf 84' lang='grc' dir='ltr'><strong><em>τούτου</em></strong></span> 
     </span>
    </p>
   </div>
   <div class='ocr_carea' id='block_1_3' title="bbox 59 3496 678 3578">
    <p class='ocr_par' dir='ltr' id='par_1_3' title="bbox 59 3496 678 3578">
     <span class='ocr_line' id='line_1_31' title="bbox 59 3496 678 3578; baseline 0.003 -25"><span class='ocrx_word' id='word_1_262' title='bbox 59 3524 75 3578; x_wconf 58' lang='lat'><strong>5</strong></span> <span class='ocrx_word' id='word_1_263' title='bbox 164 3505 217 3555; x_wconf 76' lang='grc' dir='ltr'><strong><em>Ἰν.</em></strong></span> <span class='ocrx_word' id='word_1_264' title='bbox 238 3496 369 3570; x_wconf 73' lang='grc' dir='ltr'><strong><em>πάντας]</em></strong></span> <span class='ocrx_word' id='word_1_265' title='bbox 386 3516 472 3572; x_wconf 76' lang='lat' dir='ltr'><strong>supra</strong></span> <span class='ocrx_word' id='word_1_266' title='bbox 491 3516 544 3556; x_wconf 78' lang='grc' dir='ltr'><strong><em>εστ.</em></strong></span> <span class='ocrx_word' id='word_1_267' title='bbox 563 3515 601 3555; x_wconf 87' lang='lat' dir='ltr'><strong><em>m.</em></strong></span> <span class='ocrx_word' id='word_1_268' title='bbox 620 3504 637 3553; x_wconf 80' lang='lat'>1</span> <span class='ocrx_word' id='word_1_269' title='bbox 654 3500 678 3555; x_wconf 67' lang='grc' dir='ltr'><strong><em>λ.</em></strong></span> 
     </span>
    </p>
   </div>
   <div class='ocr_carea' id='block_1_4' title="bbox 0 0 1189 3796">
    <p class='ocr_par' dir='ltr' id='par_1_4' title="bbox 0 0 1189 3796">
     <span class='ocr_line' id='line_1_32' title="bbox 0 0 1189 3796; baseline 0 0"><span class='ocrx_word' id='word_1_270' title='bbox 0 0 1189 3796; x_wconf 95' lang='lat' dir='ltr'><strong><em> </em></strong></span> 
     </span>
    </p>
   </div>
  </div>
 </body>
</html>
