2362 3796
73 128 120 185 XC
357 131 629 184 PROLEGOMENA
648 134 799 188 CRITICA.

143 288 237 340 neque⁸
254 269 329 324 enim
347 269 415 325 licet
428 287 492 324 cum
506 271 663 341 Tanneryio
677 274 696 327 l
712 290 734 328 c.
749 293 776 343 p.
789 280 822 329 11
839 275 1088 344 interpolationem

73 348 224 420 Apollonio
242 347 426 418 posteriorem
440 366 500 404 esse
516 354 649 419 statuere,
668 353 724 408 nisi
737 352 831 408 uerbis
845 353 938 409 Procli
956 353 974 409 l.
991 372 1014 409 c.
1028 355 1088 409 uim

74 429 185 484 adferre
203 429 286 496 uelis,
310 445 361 483 nec
381 427 457 497 quod
474 429 510 483 de
527 431 666 486 uocabulo
685 433 780 487 κοιναὶ
799 432 908 488 ἔννοιαι
928 433 1087 489 Stoicorum

74 510 189 579 proprio
207 508 277 563 dicit
295 508 434 578 Tannery,
453 510 550 579 magni
568 512 704 568 momenti
723 515 774 566 est.
805 530 872 568 nam
891 513 1003 568 etiamsi
1023 530 1088 568 con-

72 589 204 644 cedamus
220 620 252 628 -
267 589 343 657 quod
356 588 487 656 equidem
501 590 604 660 neseio,
624 591 764 661 quomodo
779 591 930 647 diiudicari
943 594 1033 663 possit
1044 625 1086 662 —,

72 668 218 724 Euclidem
241 669 333 738 ipsum
357 668 527 723 uocabulum
549 669 621 724 illud
643 688 699 725 non
717 671 844 740 nouisse,
872 676 969 729 tamen
991 675 1087 728 κοιναὶ

74 746 183 803 ἔννοιαι
201 748 264 818 ipsa
281 748 372 802 forma
390 747 427 801 ab
440 748 599 817 postulatis,
619 767 690 819 quae
706 752 801 804 omnia
815 752 852 806 ab
865 748 981 824 ᾐοήοθω
993 771 1022 821 p.
1032 758 1058 820 8,
1070 759 1085 807 'l

71 827 196 897 pendent
218 827 248 880 et
270 825 443 880 infinitiuum
465 825 584 898 habent,
613 829 682 884 satis
707 830 855 886 manifesto
875 831 1087 901 distinguuntur

72 907 114 976 (et
126 922 225 961 reuera
238 905 371 959 Euclides
386 904 501 959 titulum
514 907 610 962 κοινοὶ
624 906 734 964 ἔννοιαι
747 909 880 964 habuisse
894 927 950 963 non
964 909 1086 978 uidetur,

71 1001 137 1040 cum
154 985 269 1040 Proolus
287 1004 315 1055 p.
332 991 382 1039 193
394 1003 435 1054 sq.
453 980 599 1055 ἀξιώματα
616 986 741 1057 habeat).
770 988 868 1057 itaque
885 1005 959 1042 nuno
975 1005 1086 1058 quoque

72 1096 107 1108 ·-
126 1081 195 1136 pace
214 1064 269 1118 uiri
287 1064 395 1134 egregii
413 1063 530 1119 dixerim
549 1097 583 1106 -
602 1083 654 1135 pro
673 1070 750 1122 certo
769 1067 911 1136 existimo,
936 1088 1008 1123 κοιο.
1028 1066 1086 1123 ἔον.

74 1151 143 1200 1-3
163 1143 258 1199 saltim
277 1146 313 1200 ab
331 1144 448 1200 Euclide
466 1144 528 1214 ipso
546 1144 686 1214 proiectas
706 1161 773 1201 esse.
803 1146 837 1201 de
856 1166 927 1202 κοιο.
943 1144 1000 1203 ἔον.
1017 1152 1086 1202 '1-8

71 1224 220 1294 confiteor,
244 1224 390 1292 aliquanto
415 1222 551 1279 maiorem
570 1240 682 1278 causam
702 1239 762 1278 esse
782 1223 944 1292 dubitandi,
968 1242 1031 1280 cum
1050 1227 1087 1282 ab

72 1303 183 1356 Herone
198 1302 363 1357 omittantur
377 1304 407 1357 et
420 1303 495 1372 apud
505 1302 651 1372 Capellam
664 1302 792 1372 aliosque
806 1303 1007 1360 desiderentur.
1036 1304 1086 1359 sed

73 1399 137 1436 cum
155 1398 172 1435 a
190 1381 300 1450 Proclo,
320 1381 368 1451 qui
387 1380 457 1436 alias
477 1383 612 1450 quasdam
630 1381 735 1451 reiicit,
754 1383 814 1438 sine
833 1382 993 1454 suspicione
1011 1382 1085 1454 lege·

72 1463 177 1529 rentur,
194 1460 302 1515 incerta
320 1463 364 1515 est
381 1478 434 1516 res.
466 1461 516 1515 sed
534 1462 668 1530 quicquid
685 1461 715 1516 id
734 1465 786 1532 est,
803 1463 857 1517 hoc
876 1465 995 1527 constat,
1014 1483 1084 1520 κοιν.

72 1539 131 1598 ἔνο.
151 1548 180 1608 9,
209 1557 281 1608 quae
303 1540 333 1594 in
351 1539 431 1596 codd.
449 1541 552 1595 nostris
575 1541 668 1596 sedem
692 1542 747 1596 sibi
766 1544 943 1597 constantem
960 1542 1085 1596 nondum

71 1621 184 1690 habeat,
204 1621 273 1675 satis
290 1619 397 1675 recenti
415 1622 572 1690 tempore*)
593 1620 793 1690 interpolatam
812 1637 880 1690 esse,
899 1620 967 1690 quia
984 1621 1014 1674 in
1031 1621 1053 1690 l,
1068 1627 1085 1675 4

73 1719 102 1771 p.
118 1705 160 1768 18,
177 1707 209 1755 12
230 1717 298 1768 opus
317 1715 378 1754 esse
397 1697 490 1753 uisum
509 1703 562 1754 est.
590 1717 626 1755 ne
645 1701 680 1755 de
698 1721 768 1756 κοιο.
784 1699 844 1755 ἔνο.
856 1708 882 1770 4,
897 1706 953 1769 qd
972 1699 1085 1769 quidem

72 1779 258 1836 dubitandum
277 1796 337 1834 esse
357 1779 453 1847 credo;
471 1797 563 1849 neque
582 1778 657 1834 enim
675 1780 766 1849 uideo,
786 1797 842 1848 qua
859 1778 970 1835 ratione
988 1780 1087 1850 negari

73 1860 172 1930 possit,
191 1859 319 1914 Proclum
339 1875 386 1913 eas
399 1858 430 1912 in
444 1858 611 1928 quibusdam
624 1859 750 1914 fontibus
763 1875 821 1914 non
835 1859 998 1928 repperisse.
1023 1877 1086 1914 cum

71 1941 171 1995 harum
193 1937 412 2008 interpolatione
436 1937 509 1992 aliae
532 1954 672 1994 connexae
695 1940 768 1994 sunt.
805 1956 871 1994 nam
889 1938 916 1992 II
937 1958 964 2009 p.
984 1944 1032 2006 70,
1053 1945 1085 1994 17

73 2019 122 2074 uix
145 2018 251 2088 ambigi
274 2019 381 2086 potest,
413 2017 479 2085 quin
501 2017 531 2072 in
555 2017 693 2073 eiusmodi
710 2016 827 2087 periodo
850 2016 900 2070 acl
926 2014 1013 2090 [ἐπεὶ]
1032 2014 1085 2072 ἐὰν

72 2093 193 2170 [ἀνίσοις
212 2099 259 2151 ἴσοι
277 2097 435 2168 προστεθῇ,
458 2091 493 2150 τοὶ
513 2091 564 2150 ὅλα
583 2093 669 2152 ἄνισοί
690 2091 772 2165 ἔστιν,
793 2092 845 2150 ἐὰν
864 2092 934 2168 ἄρα]
954 2098 1011 2152 τῶν
1028 2102 1085 2155 κτλ.

72 2177 159 2233 uerba
177 2177 255 2230 uncis
273 2175 391 2243 inclusa,
411 2191 482 2244 quae
501 2176 706 2231 intolerandam
725 2175 858 2244 duritiam
871 2175 1086 2246 molestiamque

71 2256 208 2312 sermonis
232 2255 368 2324 habeant,
392 2253 512 2309 delenda
536 2255 592 2310 sint
615 2256 684 2325 (nisi
705 2255 779 2310 forte
800 2253 982 2324 interpolatio
1005 2257 1086 2326 peius

71 2334 160 2389 etiam
169 2335 299 2404 grassata
309 2336 360 2404 est,
377 2352 404 2389 u.
414 2353 442 2404 p.
453 2341 484 2390 71
496 2337 554 2390 not.
565 2336 603 2404 3),
617 2335 780 2405 praesertim
791 2351 853 2390 cum
864 2352 920 2390 non
929 2337 1086 2406 ostendant,

71 2413 149 2483 quod
163 2416 225 2468 erat
238 2414 450 2469 ostendendum.
478 2415 532 2470 hoc
547 2414 572 2468 si
585 2431 683 2469 uerum
697 2418 748 2484 est,
764 2414 851 2470 oritur
865 2413 984 2482 suspicio
1000 2416 1086 2470 etiam

72 2494 108 2549 de
131 2492 201 2549 loeis
224 2493 363 2548 similibus
386 2493 400 2546 I
421 2512 448 2563 p.
473 2499 521 2561 90,
545 2501 583 2560 2,,
602 2500 650 2562 92,
673 2503 686 2549 1
712 2491 747 2548 τὰ
771 2493 804 2549 δὲ
827 2493 884 2548 τῶν
906 2495 974 2546 ἴσων
997 2490 1083 2564 ἡμίση

73 2575 120 2628 ἴσα
144 2568 272 2642 ἀλλήλοις
296 2568 385 2641 ἐστίν,
413 2590 441 2641 p.
462 2579 527 2644 112,
552 2580 584 2628 16
608 2571 642 2627 τὰ
667 2570 699 2628 δὲ
723 2574 779 2629 τῶν
797 2575 866 2628 ἴσον
884 2567 1018 2624 διπλάσιοι
1038 2573 1085 2627 ἴσα

70 2648 200 2723 ἀλλήλοις
219 2649 302 2708 ἐστίν.

144 2732 242 2800 itaque
261 2730 393 2787 Euclides
415 2732 557 2800 putandus
580 2733 624 2786 est
645 2747 694 2787 eas
719 2733 831 2786 tantum
854 2724 953 2792 κοινὰς
972 2725 1087 2794 ἐννοίας

72 2814 220 2883 recepisse,
235 2827 307 2880 quae
321 2809 443 2866 maxime
454 2812 548 2866 essent
555 2811 735 2880 necessariae,
750 2814 779 2865 et
793 2827 910 2880 quarum
923 2825 990 2864 usus
1000 2809 1087 2866 latius

71 2895 196 2962 pateret;
219 2907 284 2944 nam
309 2893 422 2960 praeter
442 2892 569 2959 receptas
588 2890 634 2944 hic
652 2889 711 2944 illic
731 2887 795 2944 aliis
813 2889 903 2944 utitur
921 2888 1012 2958 magis
1032 2889 1087 2944 sin-

71 2970 224 3042 gularibus,
243 2971 322 3024 uelut
339 2968 383 3038 iis,
404 2969 438 3024 de
457 2970 559 3039 quibus
578 2969 636 3023 dixi
653 2969 680 3022 H
693 2987 721 3038 p.
735 2974 793 3023 24'1‘
801 2971 869 3038 not,
888 2969 960 3024 etin
973 2968 1048 3024 libro
1061 2969 1087 3022 X

71 3047 103 3106 τὰ
124 3048 155 3105 δὲ
175 3045 231 3105 ὑπὸ
252 3044 356 3119 ἀλόγου
383 3048 431 3103 καὶ
450 3047 535 3119 ῥητῆς
553 3044 755 3119 περιεχόμενον
780 3043 958 3117 ὀρθογώνιον
981 3043 1087 3117 ἄλογόν

74 3129 150 3185 ἐστιν
171 3133 260 3200 (prop.
281 3134 315 3183 38
333 3148 360 3199 p.
383 3135 441 3196 112,
461 3136 510 3197 203
529 3134 562 3183 41
581 3131 748 3198 p..118,14;
768 3130 801 3181 75
820 3143 847 3194 p.
862 3132 923 3195 230,
939 3126 1086 3196 14ο1.).**)

143 3245 171 3313 *)
190 3244 340 3298 Recentius
355 3242 440 3297 etiam
455 3245 505 3310 est,
526 3242 602 3311 quod
616 3241 629 3294 I
644 3259 672 3311 p.
690 3247 721 3294 11
739 3241 768 3295 in
781 3241 857 3296 notis
871 3240 962 3294 adtuli
976 3240 1088 3296 axioma

71 3319 102 3373 in
120 3317 142 3370 B
163 3313 308 3382 omissum,
328 3315 358 3367 in
376 3313 421 3368 lib
441 3314 471 3368 in
489 3331 545 3384 mg.
565 3311 713 3380 scriptum3
741 3311 772 3366 in
789 3311 917 3382 margine
935 3327 953 3365 a
972 3312 1087 3366 Theone

72 3387 203 3444 relietum
218 3385 316 3438 etinP
327 3385 394 3439 etin
403 3384 562 3440 Theoninos
576 3383 687 3451 aliquot
699 3381 825 3454 irrepsit;
841 3386 889 3438 ct'r.
899 3400 927 3451 p.
936 3380 1086 3436 LXXXIV.

133 3459 176 3526 **)
196 3454 342 3509 Euclidem
362 3455 448 3510 etiam
467 3455 537 3511 alibi
556 3456 619 3523 (nec
637 3455 667 3508 in
685 3454 902 3510 sicreometricis
915 3455 1034 3520 tantum,
1053 3451 1088 3506 de
