2362 3796
92 109 136 172 30
462 107 662 160 Στοιααιωα
680 103 730 159 ιε’.
794 176 798 183 .

93 252 155 317 τοῦ
181 250 336 335 κέντρου,
367 252 405 316 αἰ
430 248 495 336 άρα
524 247 590 317 άπὸ
618 252 679 316 τοῦ
705 248 846 337 κέντρου
872 249 930 334 τῆς
958 251 1104 334 σφαίρας

95 356 146 423 ἐπὶ
173 355 214 422 τδι
242 365 310 423 τῶν
336 354 470 423 κύκλων
502 357 640 424 ἐπίπεδα
670 355 809 423 κάθετοι
840 350 1000 440 ἀγόμεναι
1035 361 1105 420 ἰσαι

94 463 132 529 τέ
161 466 225 529 εἰσι
256 462 312 529 καί
345 463 398 530 ἐπί
429 461 469 531 τά
502 467 622 550 κέντρα
651 466 718 531 τῶν
750 461 882 530 κύκλων
914 463 1106 528 πεσοῦνται.

96 565 180 635 ὥστε
203 571 240 634 αἰ
260 566 325 637 άπὸ
348 581 408 637 τοῦ
432 571 572 659 κέντρου
594 573 652 657 τῆς
675 575 819 657 σφαίρας
838 568 890 636 ἐπὶ
908 565 946 635 τὸ
965 567 1107 654 κέντρον

60 678 156 750 ετοῦ
187 675 493 763 περιλαμβάνοντος
524 676 649 744 κύκλου
675 674 771 742 τότε
798 677 860 742 τοῦ
889 674 1106 760 εἰκοσαέδρου

94 786 262 867 τρίγωνον
279 781 335 848 καί
353 780 390 848 τὸ
409 792 470 848 τοῦ
484 782 717 868 δωδεκαέδρου
735 779 952 866 πεντάγωνον
969 778 1106 845 κάθετοι

96 882 257 973 άγάμεναι
282 895 351 954 ἰσαι
372 892 467 955 εἰσίν.
505 891 655 966 ἰσοϋψεῖς
678 880 742 975 άρα
762 885 847 954 εἰσίυ
867 887 904 951 αἰ
920 887 1104 972 πυραμίδες

97 996 134 1058 αἰ
154 992 268 1078 βάσεις
291 998 426 1079 ἔχουσαι
448 991 489 1061 τά
508 1004 569 1061 τοῦ
588 994 821 1076 δωδεκαέδρου
839 991 1036 1076 πευτάγωνα
1052 990 1107 1056 καί
1132 1002 1133 1005 ’

97 1101 134 1191 αἰ
154 1101 267 1183 βάσεις
290 1104 426 1186 ἔχουσαι
447 1098 488 1166 τὰ
510 1104 571 1168 τοῦ
594 1100 811 1186 εἰκοσαέδρου
829 1102 983 1184 τρίγωνα.
1016 1098 1054 1163 αί
1070 1095 1107 1163 δὲ

45 1231 79 1279 10
99 1208 249 1285 ἰσοϋψεῖς
272 1210 454 1294 πυραμίδες
477 1205 561 1293 πρὸς
582 1203 727 1292 ἀλλήλας
750 1206 836 1272 εἰσὶν
860 1201 904 1283 ὡς
927 1206 965 1270 αἰ
984 1201 1107 1288 βάσεις.

99 1305 144 1388 ὥς
166 1308 232 1398 άρα
259 1310 296 1380 τὸ
325 1311 540 1398 πεντάγωνον
568 1311 651 1399 πρὸς
677 1314 715 1379 τὸ
743 1317 924 1400 τρίγωνον,
952 1308 1058 1388 οὕτως
1086 1305 1106 1394 ἡ

98 1422 257 1502 πυραμίς,
284 1409 323 1503 ἧς
346 1416 442 1501 βάσις
465 1419 525 1504 μέν
554 1420 621 1485 ἐστι
648 1415 685 1484 τὸ
714 1415 947 1503 πεντάγωνον,
974 1441 1106 1501 κορυφη

100 1520 137 1588 δὲ
159 1520 196 1589 τὸ
219 1523 359 1610 κέντρον
381 1526 440 1608 τῆς
467 1536 626 1610 σφαίρας,
652 1521 736 1608 πρὸς
764 1520 825 1608 τὴν
852 1524 1023 1608 πυραμίδα
1045 1519 1108 1605 τὴν

97 1629 199 1713 βάσιν
223 1628 284 1715 μὲν
307 1634 450 1716 ἔχουσαν
473 1627 510 1697 τὸ
534 1635 715 1715 τρίγωνον,
738 1627 892 1714 κορυφὴν
916 1624 953 1692 δὲ
975 1623 1013 1693 τὸ
1035 1627 1107 1691 κε’ν-

48 1760 79 1810 16
98 1761 180 1822 τρον
211 1745 269 1822 τῆς
301 1743 454 1826 σφαίρας.
505 1736 561 1804 καί
589 1733 633 1815 ὡς
660 1734 727 1822 άρα
755 1734 886 1804 δοίδεκα
912 1731 1108 1817 πεντάγωνα

99 1841 182 1931 πρὸς
205 1851 310 1910 εἰκοσι
333 1848 490 1932 τρίγωνα,
514 1840 620 1919 οὕτως
643 1840 773 1909 δώδεκα
791 1843 975 1926 πυραμίδες
992 1861 1109 1905 πεντα-

100 1947 230 2034 γάνους
262 1949 376 2034 βάσεις
404 1954 539 2035 ἔχουσαι
571 1945 654 2034 πρὸς
686 1955 791 2015 εἰκοσι
823 1950 1011 2033 πυραμίδας
1042 1969 1109 2029 τρι-

100 2053 231 2139 γώνους
254 2053 367 2140 βάσεις
389 2055 536 2141 ἐχούσας.
581 2054 637 2120 καί
666 2052 796 2121 δάδεκα
824 2052 885 2139 μὲν
911 2049 1108 2135 πεντάγωνα

101 2158 120 2245 ἡ
149 2163 210 2227 τοῦ
238 2159 471 2244 δωδεκαέδρου
500 2159 589 2227 ἐστὶν
618 2158 812 2245 ἐπιφάνεια,
844 2166 949 2226 εἰκοσι
977 2155 1014 2224 δὲ
1040 2160 1109 2242 τρί-

48 2293 83 2342 20
101 2292 194 2351 γωνα
217 2262 237 2351 ἡ
261 2268 322 2331 τοῦ
348 2267 561 2352 εἰκοσαέδρου
589 2265 774 2351 ἐπιφάνεια.
820 2262 955 2332 ἔστιν”
934 2288 998 2351 αρα
1023 2289 1066 2340 ως
1088 2287 1110 2346 η

101 2397 161 2445 του
147 2372 412 2456 δωδεκαέδρου
431 2372 607 2457 ἐπιφάνεια
626 2369 708 2458 πρὸς
726 2373 787 2457 τὴν
805 2379 866 2436 τοῦ
884 2369 1110 2454 εἰκοσαέδρου,

102 2475 208 2556 οὕτως
226 2483 260 2562 ιβ
282 2481 464 2564 πυραμίδες
485 2477 720 2608 πεγταγάνους
741 2481 876 2563 ἔχουσαι
898 2471 1011 2556 βάσεις
1029 2473 1111 2555 πρὸς

20 2591 206 2667 ,χείκοσι
228 2587 417 2669 πυραμίδας
439 2583 621 2671 τριγώνους
643 2581 757 2668 βάσεις
780 2576 928 2666 ἐχούσας.
967 2602 1022 2642 και
1018 2579 1110 2642 εἰσι

102 2696 137 2774 ιβ
160 2688 199 2774 μ
201 2715 221 2755 ν
243 2694 425 2776 πυραμίδες
447 2688 681 2776 πενταγώνους
701 2685 814 2773 βάσεις
832 2688 967 2770 ἔχουσαι
986 2681 1022 2751 τὸ
1044 2703 1111 2750 στε-
1164 2743 1166 2747 ,

49 2825 83 2874 26
103 2794 182 2884 ρεδν
201 2799 261 2862 τοῦ
281 2797 561 2883 δωδεκαέδρου,ε
563 2803 650 2862 ίκοσι
670 2791 707 2859 δὲ
725 2792 909 2879 πυραμίδες
926 2789 1112 2879 τριγώνους

102 2901 215 2987 βάσεις
238 2906 372 2989 ἔχουσαι
395 2901 432 2970 τὸ
462 2899 597 2990 στερεὸν
625 2902 685 2968 τοῦ
713 2897 937 2981 εἰκοσαέδρου.
982 2899 1038 2965 καί
1066 2895 1112 2976 εδς

175 3106 199 3152 1.
219 3094 301 3151 αί-
320 3095 454 3168 κέντρον]
475 3114 528 3152 om.
547 3095 578 3150 P.
659 3088 730 3164 ἄρα]
743 3088 803 3162 γάρ
826 3092 910 3147 BVv.
997 3097 1021 3144 3.
1040 3087 1111 3144 εἰσιν

103 3167 159 3222 ΡΒ.
232 3169 405 3258 πεσοῦνται]
424 3170 574 3222 πίπτουσιν
593 3164 704 3220 PBVv
785 3170 811 3220 4.
835 3160 866 3219 τὸ
888 3185 904 3218 κ
907 3161 1020 3232 ἰντρον]
1040 3174 1110 3214 corr

102 3241 131 3294 in
151 3262 185 3295 τα
205 3239 308 3309 κέντρα
327 3239 360 3293 V
433 3244 457 3294 ὅ,
477 3236 751 3311 106100n.inw3v
769 3236 803 3290 V
863 3231 968 3290 κύκλου
986 3229 1089 3320 (corrst
1082 3247 1111 3282 m

103 3309 213 3366 κύκλων
233 3311 269 3381 V)
286 3311 337 3365 τοῦ
358 3308 467 3380 (om.‚V
487 3325 634 3378 suprascr
650 3313 700 3362 τοῦ
715 3325 788 3362 vem
791 3299 1112 3429 .λ)περιλαμὸάνοντος

103 3381 214 3438 PBVv.
269 3381 315 3453 τε]
335 3398 389 3435 om
408 3382 445 3436 M.
519 3387 543 3436 6.
561 3375 611 3450 τί]
631 3397 716 3448 supra
735 3379 797 3435 add
817 3378 953 3433 τοῦω.2
1062 3391 1112 3425 κα-

103 3454 184 3508 δετοι
204 3459 281 3508 -7.
306 3449 393 3522 εἰσιν]
422 3454 481 3506 ίσαι
503 3452 561 3519 (ἰσοι
580 3450 613 3520 Ρ)
638 3449 743 3521 εἰσί(ν),
771 3445 914 3505 τουτέστιν
936 3442 970 3501 αἰ
992 3440 1112 3499 κάθετοι
