2362 3796
237 108 396 160 εοΗοτιε
413 109 453 162 m
469 109 745 162 ELEMENTORUM
762 111 903 162 mmm
915 112 938 164 1.
1026 105 1090 172 109

75 251 183 334 γωνία
205 244 226 334 ἡ
249 244 315 317 ὐπὸ
340 245 487 317 εὐθειῶν
510 250 736 338 περιεχομένη.
787 251 823 322 M
847 248 963 337 στερεά
983 253 1089 335 γωνία

74 351 96 441 ἡ
116 351 182 422 ὐπὸ
201 357 305 442 τριῶν
319 352 466 423 εὐθειῶν
479 356 707 444 περιεχομένη.
743 364 781 426 ss
795 353 885 441 ὀρθή
900 358 968 424 ἐστι
982 360 1090 441 γωνία

75 459 284 548 διχοτόμημα
319 458 457 540 εὐθείας
494 460 544 528 ἐπ’
580 458 720 529 εὐθεῖαν
758 459 904 546 ἑστώσης
935 457 976 528 οὐ
1007 459 1089 529 κατὰ

74 569 292 656 παρέγκλισιν
315 569 375 654 τῆς
398 564 597 654 ἐφεστώσης.
641 564 663 654 ἡ
688 566 749 654 μὲν
773 571 893 654 μείζων
917 563 982 634 άτιο
988 618 1091 636 ........

76 673 221 761 ἀμβλεῖα
242 671 460 759 κληθήσεται,
483 670 504 760 ἡ
529 673 566 742 δὲ
589 673 742 742 ἐλάσσων
765 671 865 754 ὀξεῖα.
1126 697 1143 746 ο

141 783 173 846 4.
201 775 270 845 Διὰ
288 778 383 865 τίμὴ
401 779 458 846 καὶ
480 777 518 847 τὸ
541 785 743 869 τρίκλευρον
765 779 821 846 καὶ
846 776 1091 866 τετράπλευρον

77 883 304 971 πολύπλευρα
316 880 486 971 ῶνόμασε;
509 884 616 954 πολλά
636 884 700 975 γάρ
717 884 758 954 τά
777 892 854 973 τρία
872 885 928 953 καὶ
944 885 1092 970 τέτταρα.

79 995 172 1058 ἐστιν
196 980 259 1057 οὐν
282 994 401 1075 εἰπεῖν,
424 990 476 1059 ὅτι
500 990 610 1081 ῶσπερ
634 993 687 1060 ἐπί
709 995 770 1060 τοῦ
793 989 944 1078 άριθμού
966 986 1005 1057 τὸ
1029 987 1092 1075 μὲν

79 1099 117 1163 ἓν
140 1098 178 1162 ἓν
201 1092 421 1185 ὀνομάζομεν,
444 1099 485 1166 τά
510 1089 592 1185 M
621 1099 700 1184 δύο,
727 1098 768 1166 τὰ
797 1098 834 1167 δέ
857 1103 880 1185 γ
906 1096 962 1164 καὶ
986 1086 1012 1164 ά
1034 1095 1091 1163 καὶ

78 1202 152 1289 ἑξῆς
169 1199 275 1271 πολλά
288 1213 404 1273 καλεῖν
424 1206 480 1302 καί
494 1210 728 1292 πληθυντικῶς
741 1206 895 1293 ἐκφέρειν
910 1202 1090 1289 είῶθαμεν,
1109 1225 1144 1275 10

77 1305 164 1377 οὐτω
182 1310 239 1378 καὶ
257 1311 311 1378 ἐπὶ
328 1316 399 1381 τῶν
417 1310 670 1400 εὐθυγράμμων
688 1312 867 1400 σχημάτων
883 1308 920 1379 τὸ
935 1308 996 1397 μὲν
1011 1313 1090 1396 ἔχον

76 1427 164 1504 τρεῖς
195 1415 342 1505 πλευράς
373 1422 575 1507 τρίπλευρον
607 1419 763 1506 λέγομεν,
796 1417 834 1487 τὸ
865 1415 902 1484 δὲ
925 1408 952 1484 θ
978 1412 1089 1504 τετρά-

74 1529 238 1609 πλευρον,
271 1520 308 1589 τὸ
339 1521 376 1590 δὲ
404 1527 540 1602 πλείους
566 1522 809 1613 πολύπλευρον.
860 1518 878 1590 ὃ
907 1521 970 1609 γάρ
999 1523 1089 1588 ἐστιν

74 1630 113 1695 ἐν
136 1624 274 1718 άριθμῷ
298 1623 319 1712 ἡ
343 1626 467 1712 μονάς,
494 1629 594 1695 τοῦτο
623 1630 659 1694 ἐν
686 1625 938 1715 εὐθυγράμμοις
959 1623 997 1692 τὸ
1021 1629 1090 1709 τρί-

74 1739 234 1817 πλευρον,
249 1732 305 1798 καὶ
318 1734 359 1818 τῇ
375 1728 478 1797 δυάδι
492 1729 594 1798 πάλιν
608 1731 769 1818 ἀναλογεῖ
780 1729 818 1799 τὸ
832 1729 1091 1815 τετράπλευρον·
1112 1753 1144 1804 15

75 1841 211 1925 πρῶτον
228 1833 294 1924 γάρ
313 1839 383 1904 τῶν
402 1831 654 1925 εὐθυγράμμων
672 1834 709 1905 τὸ
728 1844 928 1925 τρίπλευρον
946 1834 1002 1902 καὶ
1020 1833 1092 1901 δεύ-

72 1969 174 2032 τερον
196 1939 234 2011 τὸ
258 1941 512 2031 τετράπλευρον.
550 1944 687 2023 είκότως
708 1941 775 2031 άρα
792 1943 972 2011 καὶταῦτα
990 1959 1091 2028 προσ-

75 2055 229 2139 ηγορίαις
263 2047 461 2129 ίύιαιτάταις
492 2048 835 2137 προσηγορεύθησαν,
867 2045 908 2115 τά
942 2047 981 2115 δὲ
1010 2043 1091 2134 μετά

74 2160 181 2224 ταῦτα
203 2154 419 2242 πολύπλευρα
440 2156 703 2242 κατωνόμασται.

143 2261 173 2327 5.
214 2265 308 2347 Τρεῖς
340 2263 404 2328 είσι
437 2262 598 2349 διαφοραὶ
629 2264 698 2329 τῶν
727 2259 918 2348 σχημάτων·
954 2257 995 2328 τά
1023 2258 1084 2346 μέν
1104 2284 1139 2335 20

75 2364 144 2452 γάρ
167 2360 233 2432 ὐπὸ
257 2376 417 2454 γραμμῶν
441 2361 516 2436 οἷον
540 2366 558 2434 ὁ
582 2366 714 2451 κύκλος,
736 2364 776 2433 τά
800 2364 838 2433 δέ
860 2363 916 2434 ὑπ’
943 2363 1088 2434 εὐθειῶν

74 2470 134 2539 καὶ
156 2473 317 2559 γραμμῶν
337 2465 412 2539 οἷον
430 2471 468 2542 τὸ
488 2470 698 2559 ἡμικύκλιον,
721 2470 841 2559 τομεύς
858 2472 914 2539 καὶ
932 2470 972 2541 τά
992 2471 1087 2557 άλλα,

76 2578 170 2665 ἕτερα
189 2576 226 2644 δέ
244 2573 309 2645 ὑπὸ
328 2574 487 2664 εὐθειῶν,
511 2572 586 2647 οἷον
603 2584 770 2666 τρίγωνον
793 2577 848 2644 καλ
867 2578 1087 2665 τετράγωνον.

143 2693 211 2751 τῶν
234 2682 295 2769 μὲν
314 2680 380 2752 ὐπὸ
399 2690 561 2773 γραμμῶν
579 2685 635 2752 καί
652 2683 830 2772 σχημάτων
844 2684 1089 2771 περιεχομένων

70 2801 269 2877 προηγεῖται
293 2789 311 2859 ὃ
336 2791 468 2877 κύκλος,
491 2788 562 2860 εἶτα
583 2790 621 2859 τὸ
646 2789 854 2878 ἡμικύκλιον,
877 2792 947 2856 τῶν
966 2786 1004 2855 δέ
1022 2782 1087 2853 ὑπὸ
1107 2809 1142 2861 25

70 2893 221 2965 εὐθειῶν
247 2895 285 2964 τὸ
313 2901 496 2983 τρίγωνον,
529 2893 599 2965 εἶτα
625 2895 847 2985 τετράγωνον.
891 2891 930 2960 τὸ
960 2890 998 2959 δὲ
1021 2887 1087 2958 ύπύ

74 3029 168 3083 τινος
189 3000 210 3090 ἤ
233 3029 337 3070 τινων
360 3000 451 3089 ὅρων
474 3003 543 3071 ἐστὶ
566 3002 804 3090 περιεχόμενον
824 3049 943 3069 ......

147 3133 172 3183 4.
193 3144 222 3180 m
241 3126 291 3196 (b).
364 3132 389 3182 θ.
408 3127 438 3181 Ρ.

74 3211 291 3221 ——-----

149 3240 174 3288 1.
198 3229 254 3287 ὐπὸ
274 3226 416 3303 εὐθειῶν]
441 3233 621 3299 renouatum
646 3231 710 3287 fort.
729 3231 784 3286 fuit
804 3225 862 3286 ὐπὸ
882 3228 936 3285 δύο
956 3223 1089 3283 εὐθειῶν.

113 3310 138 3360 4.
157 3301 399 3374 καρέγκλησινέι
459 3304 555 3372 μειζον
574 3319 668 3358 renou.
687 3301 717 3358 P.
781 3297 850 3372 ὐπο]
869 3299 898 3354 in
911 3316 965 3355 ras.
980 3301 1010 3368 P,
1030 3315 1088 3367 seq.

75 3375 133 3430 litt.
153 3390 232 3430 enan.
323 3371 367 3428 24.
386 3372 450 3444 καί]
471 3371 638 3428 delendum?
728 3377 772 3428 27.
790 3367 1011 3445 περιεχόμενον]
1030 3385 1060 3426 σθ

69 3446 165 3501 :uerba
184 3445 320 3514 quaedam
342 3460 422 3499 enan.
1055 3372 1150 3528 ν
