2362 3796
388 115 663 166 unnrmnrcauu
680 116 790 167 urana
807 117 866 169 xv,
1093 113 1136 178 65

188 255 226 320 In
241 256 440 321 dodecaedro
456 261 564 322 autem
578 256 641 321 hoc
654 257 763 323 modo:
782 258 926 344 fingatur
941 258 1135 342 quadratum

119 362 256 447 aliquod
270 363 353 446 cubi,
376 364 412 427 in
430 384 495 447 quo
515 362 751 428 dodecaedrum
770 365 977 448 construitur,
1000 367 1135 430 ΑΒΓΔ

118 472 153 533 et
175 467 238 532 duo
262 469 365 552 plana
393 468 586 534 dodecaedri
613 471 800 552 AEBZH,
823 472 1006 535 ΗΔΘΓΖ.
1053 471 1134 554 dico,

56 593 58 596 ’
117 575 181 640 hic.
196 595 326 658 quoque
346 574 457 639 datam
482 597 553 640 esse
581 573 829 639 inclinationem
858 573 994 639 duorum
1022 579 1134 658 penta·

11 685 15 696 '
119 701 287 766 generum
325 684 397 744 ΖΗ
415 681 449 745 in
472 684 507 746 K
528 681 562 744 in
585 681 666 745 duas
690 683 801 764 partes
826 681 978 765 aequales
1001 685 1136 765 secetur,

119 791 153 852 et
175 809 194 851 a
216 790 251 852 K
273 785 315 851 ad
338 791 410 850 ZH
433 787 714 872 perpendiculares
739 786 773 850 in
796 790 934 870 utroque
957 788 1055 870 plano
1080 787 1136 852 du·

119 895 234 962 cantur
256 894 335 974 ΚΔ,
352 895 439 972 ΚΜ,
462 897 495 958 et
517 894 652 958 ducatur
676 896 761 956 ΜΛ.
805 893 871 956 iam
894 893 1035 977 primum
1055 893 1137 977 dieo,

118 1003 270 1076 LMKA
297 999 449 1064 obtusum
476 1021 556 1065 esse.
602 1022 679 1064 nam
703 999 738 1062 in
764 999 854 1064 libro·
876 1000 977 1064 tertio
1010 999 1137 1065 decimo

119 1107 353 1171 elementorum
363 1127 402 1170 ex
416 1107 656 1172 constructione
667 1105 860 1171 dodecacdri
875 1106 1136 1172 demonstratum

119 1215 176 1290 est,
195 1216 317 1276 rectam
332 1235 351 1276 a
365 1215 399 1277 K
416 1212 457 1276 ad
477 1213 670 1296 quadratum
685 1214 821 1277 ΑΒΓΔ
834 1213 1134 1297 perpendicularem

120 2145 250 2209 ductam
284 2143 449 2210 dimidiam
480 2169 551 2212 esse
584 2148 696 2213 lateris
732 2152 911 2237 pentagoni
944 2149 1056 2237 [XIIL
1092 2153 1132 2218 17

120 2251 344 2332 p.318,12].
389 2274 485 2336 quare
509 2254 617 2318 minor
640 2256 691 2318 est
718 2277 813 2339 quam
846 2261 967 2342 ΙῚξΜΛς
1002 2281 1065 2343 qua
1093 2258 1131 2324 de

121 2377 217 2420 causa
240 2353 386 2422 LMKA
413 2359 547 2424 obtusus
576 2366 633 2426 cst.
680 2361 715 2425 in
743 2384 781 2428 eo
811 2368 919 2429 autem
947 2365 1018 2448 ipso
1041 2366 1131 2432 theo·

118 2464 241 2527 remate
265 2463 361 2527 simul
385 2463 643 2531 demonstratum
663 2471 722 2552 est,
745 2490 815 2533 esse
835 2470 933 2535 etiam
948 2471 1033 2536 101²
1053 2495 1130 2556 qua·

117 2568 209 2634 drato
233 2569 359 2634 dimidii
381 2571 493 2635 lateris
521 2572 596 2636 cubi
624 2577 657 2636 et
687 2573 844 2657 quadrato
869 2575 993 2640 dimidii
1016 2578 1130 2642 lateris

117 2676 294 2760 pentagoni
318 2675 490 2760 aequale1).
533 2700 631 2762 quare
655 2679 766 2744 eadem
791 2684 860 2744 ΚΛ
883 2686 916 2745 et
940 2684 1025 2760 ΚΜ,
1049 2702 1131 2763 quae

118 2781 268 2864 aequales
292 2786 376 2866 sunt,
400 2783 538 2848 maiores
558 2789 635 2849 sunt
653 2809 750 2870 quam
768 2790 886 2870 {Mla
922 2788 1033 2869 itaque
1053 2784 1130 2850 dato

119 2884 267 2952 LMKA
295 2888 440 2973 adparet,
473 2911 559 2974 eum,
591 2892 648 2975 qui
680 2893 720 2956 ad
752 2892 834 2956 duos
862 2896 968 2956 rectos
1001 2889 1130 2954 deficiat

79 2982 83 2988 ’
118 2994 256 3078 angulus
279 2993 509 3077 inclinationis,
532 2996 644 3061 datum
667 2996 746 3063 fore.
785 2997 852 3061 iam
871 2996 1025 3081 quoniam
1043 2996 1129 3062 latus

119 3100 267 3184 quadrati
286 3103 419 3165 ΑΒΓΔ
441 3105 531 3166 recta
554 3107 613 3185 est,
636 3125 717 3186 quae
742 3104 802 3167 sub
827 3102 952 3166 duobus
972 3103 1128 3170 lateribus

116 3206 293 3291 pentagoni
316 3207 494 3286 subtendit,
524 3212 556 3271 et
578 3216 802 3293 pentagonum
826 3209 937 3272 datum
961 3214 1025 3293 cst,
1054 3215 1130 3276 ΜΔ

117 3311 191 3376 data
218 3315 276 3375 est.
321 3333 435 3375 uerum
464 3313 562 3376 etiam
589 3317 725 3396 utraque
749 3317 840 3396 MK,
863 3316 932 3378 ΚΔ
960 3314 1036 3379 data
1066 3318 1129 3400 est3

191 3455 216 3520 1)
240 3451 314 3504 Nam
332 3449 362 3503 in
379 3448 470 3518 figura
487 3450 544 3504 uol.
557 3449 597 3504 IV
614 3469 641 3520 p.
657 3457 709 3505 323
733 3453 777 3506 est
796 3450 912 3506 ²W=
923 3451 992 3508 03²
1002 3453 1036 3520 ,-{-
1049 3449 1133 3535 Μ’..

170 3548 323 3601 Euclides,
339 3547 390 3588 edd.
403 3548 505 3599 Helberg
519 3551 541 3589 et
554 3549 642 3599 Menae.
665 3549 693 3590 V.
958 3545 981 3596 ἶ)
