2362 3796
118 135 183 200 722
371 139 554 192 Amnum
573 138 810 192 scnouomm
827 141 878 194 m

186 283 216 348 7.
266 276 315 346 Τὰ
346 278 551 367 θεωρήματα
586 282 646 366 τῆς
676 284 879 367 γεωμετρίας
914 280 981 348 εἰσί
1018 285 1137 349 ταῦτα·

117 389 179 454 τοῦ
203 383 237 451 α’
257 388 303 471 μη
331 388 393 452 τοῦ
416 384 511 470 β’ῖᾶ
538 389 601 453 τοῦ
622 383 656 471 γ’
675 385 724 466 λζ’
752 387 813 452 τοῦ
841 383 876 453 θ’
895 389 932 456 Z&
957 390 1023 454 τοῦ
1051 386 1082 454 ε’
1101 393 1138 456 τῖε

116 494 179 559 τοῦ
202 489 234 561 ς’
255 495 297 577 λγ
322 499 385 558 τοῦ
408 488 436 571 ζ’
455 494 502 577 ὦ
527 500 589 559 τοῦ
611 483 705 577 η’ἷιξ
730 493 792 560 τοῦ
814 489 853 558 θ’
873 496 914 562 a}
939 495 1004 559 τοῦ
1028 492 1055 559 ι’
1076 498 1139 582 ρΐγ

118 607 180 664 τοῦ
203 593 252 663 ια’
270 600 295 682 μ
321 599 384 665 τοῦ
406 595 509 684 ιβ’ῖη
536 602 598 665 τοῦ
621 589 720 683 ιγ’ἶζ
746 595 886 684 ὁμοῦ..

83 725 100 775 ο
190 706 221 771 8.
249 698 321 770 Ὅτι
344 701 492 771 δυνατὸν
516 702 659 790 ἑκάστην
681 707 750 771 τῶν
768 701 903 789 ἀλόγων
922 702 974 772 ἐπ’
995 702 1138 793 ἄπειρον

115 807 311 895 λαμβάνειν.

184 917 319 993 Πτῶσίς
348 915 439 982 ἐστιν
468 913 633 1003 διάφορος
655 914 834 1002 μετάθεσις
857 922 996 1003 σημείου
1021 919 1134 986 τεκαὶ

116 1019 260 1100 εὐθείας.

175 1125 245 1195 Ὅτι
264 1123 346 1194 ἓπτίι
364 1129 437 1213 εἰδη
455 1128 525 1195 τῶν
542 1125 731 1216 τριγώνων·
754 1126 792 1195 τὸ
812 1129 1015 1218 ἰσόπλευρον
1035 1156 1131 1217 μονο-

65 1254 99 1305 10
117 1236 225 1314 sums,
248 1230 287 1300 τὸ
311 1232 348 1300 δὲ
372 1233 540 1314 ἰσοσκελὲς
561 1229 583 1321 ἢ
607 1233 823 1320 ἰρθογοίνιόν
846 1237 938 1303 ἐστιν
960 1232 982 1323 ἢ
1008 1235 1131 1324 ἀμβλυ-

116 1338 245 1425 γοίνιον
267 1334 288 1423 ἢ
313 1338 510 1425 ὀξυγώνιον,
533 1340 590 1407 καί
610 1341 649 1407 τὸ
673 1338 843 1426 σκαληνὸν
868 1338 1038 1422 ὡσαύτως.

175 1445 245 1512 Ὅτι
269 1442 331 1512 οὐκ
354 1450 445 1513 ἐστιν
468 1443 581 1531 εὑρεῖν
603 1445 817 1534 τετράγωνον
844 1444 1000 1535 ἀριθμὸν
1022 1475 1131 1533 τετρα-

116 1550 231 1637 γώνου
268 1548 463 1636 διπλάσιον,
501 1547 576 1619 ἀλλ’
611 1549 692 1620 οὐδὲ
726 1551 929 1641 ἰσοπλεύρου
962 1554 1132 1640 τριγώνου

116 1655 331 1745 ὀρθογώνιον
354 1655 416 1743 τὴν
439 1653 685 1726 ὑποτείνουσαν
704 1666 780 1726 ἰσον
798 1662 867 1727 τῶν
886 1657 949 1726 δύο
970 1663 1041 1727 τῶν
1061 1662 1132 1748 περὶ

64 1786 98 1836 15
115 1763 178 1852 την
202 1761 315 1851 ὀρθὴν
336 1770 466 1850 γωνίαν
489 1769 575 1851 ἔχον.

99 1856 103 1865 ’
178 1868 275 1957 Ῥητίι
294 1871 420 1958 μεγέθη
435 1872 575 1957 λέγεται,
596 1869 659 1938 ὅσα
673 1870 765 1938 ἐστὶν
778 1869 934 1949 ἀλλίλοις
948 1871 1134 1962 σύμμετρα,

116 1974 180 2044 ὅσα
204 1977 241 2044 δὲ
265 1975 469 2063 ἀσύμμετρα,
492 1974 599 2062 ἅλογοὶ
623 1979 692 2045 ἐστι
715 1976 759 2063 μη
784 1981 902 2063 ἔχοντα
920 1974 1030 2063 λόγον
1053 1979 1135 2069 πρὸς

115 2080 251 2167 ἄλληλα.

182 2192 212 2255 9.
247 2187 326 2255 Ἐὰν
349 2187 474 2255 κύκλου
497 2192 614 2276 ληφθῇ
637 2213 669 2254 τι
698 2201 836 2275 σημεῖον
860 2190 970 2275 ἐκτός,
1001 2189 1071 2260 ἀπὸ
1100 2193 1132 2260 δὲ

61 2316 96 2366 20
114 2296 175 2362 τοῦ
190 2299 330 2380 σημείου
343 2292 427 2381 πρὸς
439 2292 500 2361 τὸν
514 2293 640 2362 κύκλον
653 2299 904 2384 προσπίπτωσιν
920 2294 985 2363 δύο
1000 2298 1133 2366 εὐθεῖαι

114 2397 342 2485 ἐφαπτόμεναι
364 2402 426 2466 τοῦ
448 2398 585 2485 κύκλου,
609 2407 679 2468 ἰσαι
703 2401 863 2487 ἀλλήλαις
885 2404 981 2469 εἰσίν.

180 2505 305 2572 κύκλου
318 2503 383 2592 γὰρ
401 2508 462 2573 τοῦ
482 2511 546 2592 αγβ
564 2504 719 2591 εἰλήφθω
733 2534 765 2575 τι
784 2519 924 2594 σημεῖον
942 2509 1042 2591 ἐκτὸς
1055 2509 1096 2579 τὸ
1108 2537 1132 2595 ε,

112 2610 169 2678 καί
192 2609 256 2678 ἀπὸ
280 2615 343 2680 τοῦ
366 2637 382 2678 ε
404 2608 487 2698 πρὸς
508 2608 569 2679 τὸν
593 2616 658 2697 αγβ
681 2610 807 2680 κύκλον
829 2618 1133 2700 προσπιπτέτωσαν

113 2717 175 2784 δύο
199 2714 331 2785 εὐθεῖαι
350 2720 387 2784 αἰ
403 2743 452 2803 εα,
467 2723 505 2803 εβ
528 2716 756 2805 ἐφαπτόμεναι
774 2717 880 2786 αὐτοῦ
898 2717 983 2787 κατὰ
1002 2720 1046 2788 τίι
1066 2729 1132 2810 α,β

59 2846 93 2896 25
113 2836 241 2909 σημεῖα.
296 2823 397 2908 λέγω,
435 2821 486 2891 ὅτι
518 2825 556 2891 αί
586 2849 639 2910 εα,
663 2830 700 2910 εβ
738 2833 808 2892 ἰσαι
839 2821 1003 2910 αλλήλοις
1036 2834 1132 2898 εἰσίν.

113 2928 265 3018 εἰλήφθω
293 2928 331 2997 τὸ
359 2929 500 3017 κέντρον
523 2933 584 2997 τοῦ
607 2931 733 2997 κύκλου
755 2931 812 2998 ιιαί
835 2935 918 2998 ἐστω
944 2929 984 2999 τὸ
1010 2936 1050 3019 δ,
1080 2936 1133 3003 καί

112 3035 364 3123 ἐπεζεύχθωσαν
380 3038 417 3102 αἰ
429 3039 484 3122 αδ,
500 3039 553 3121 ὃβ,
568 3040 621 3120 βα.
654 3035 710 3102 ιιαί
730 3037 800 3103 ἐπεί
818 3037 856 3103 αί
871 3040 920 3121 βε,
935 3061 974 3103 εα
996 3040 1133 3110 εὐθεῖαι

112 3142 298 3227 ἐφοίπτουσι
316 3146 377 3209 τοῦ
396 3141 532 3227 κύκλου,
557 3138 679 3209 ἀπὸδὲ
700 3145 761 3209 τοῦ
783 3146 804 3209 θ
825 3141 969 3228 ιιέντρου
988 3146 1133 3236 ἐπιζευχ-

187 3353 212 3406 7.
233 3343 322 3403 Coisl.
341 3338 576 3410 114x202km.z.
624 3341 651 3390 ss.
669 3337 690 3389 B
709 3336 757 3392 fol.
772 3343 802 3391 4τ
819 3353 904 3392 manu
918 3335 1078 3413 Arethae(
1108 3362 1133 3467 μ

68 3407 993 3573 ..ωεεέιηοωηωθεεωοωωω
1123 3414 1135 3467 1
