2362 3796
226 171 382 224 §enom
399 172 439 223 m
457 170 733 222 ELEMENTORUM
750 171 890 222 mmm
903 171 936 226 x
1019 166 1083 237 557

137 315 212 380 374.
244 307 290 378 Ἡ
308 318 373 378 ΑΒ
463 307 484 396 ἡ
508 315 574 377 ΒΓ

138 844 213 911 375.
246 837 407 921 Ἐναλλὰξ
431 837 497 927 ἀρα
521 866 550 926 p.
570 843 645 928 338,
667 827 721 924 10]
747 838 803 909 διὰ
826 838 864 908 τὸ
889 839 934 911 ις’
958 843 1019 907 τοῦ
1043 837 1088 910 ς’.

139 952 214 1016 376.
251 946 320 1015 Διά
342 945 404 1034 τῆν
428 945 607 1034 ἐνάργειαν
630 943 747 1032 αὐτῆν,
772 943 813 1014 οὐ
837 945 893 1013 0ιά
913 945 1085 1032 θεώρημα,

72 1050 156 1132 ὡςὸ
180 1051 338 1141 ἡμέτερος
363 1052 564 1132 διδάσκαλος
587 1049 771 1134 ἀπέδειξεν·
794 1049 998 1140 ἀριθμητικὴ
1021 1050 1085 1139 γὰρ

73 1157 239 1245 ἀναλογία
262 1162 422 1245 ἐνταῦθα,
445 1157 520 1226 ἀλλ’
544 1155 585 1226 οὐ
607 1157 819 1245 γεωμετρικῆ.

141 1270 215 1334 377.
261 1264 329 1333 Διά
359 1264 391 1337 ς’
425 1276 485 1333 τοῦ
514 1264 552 1333 ε’·
589 1262 708 1333 κοινὸν
739 1265 778 1334 τὸ
811 1265 972 1354 θεώρημα
1004 1292 1084 1352 γεω·
1105 1294 1138 1345 10

74 1375 228 1458 μετρικῆς
251 1369 435 1458 ἀναλογίας
457 1371 513 1439 καὶ
536 1369 765 1458 ἀριθμητικῆς.

140 1481 213 1545 378.
247 1474 304 1545 Ἐν
327 1481 372 1568 τῷ
397 1476 486 1568 λόγῳ
510 1475 576 1564 ἀρα
599 1479 664 1545 είοὶ
686 1483 744 1564 τῆς
766 1475 988 1566 ἀριθμητικῆς
1006 1475 1084 1545 ἀνα-

72 1588 188 1668 λογίας
206 1578 227 1670 ῆ
246 1581 406 1671 ὑπεροχῇ,
426 1585 481 1650 καὶ
500 1580 561 1650 οὐκ
576 1585 612 1651 ἐν
626 1588 671 1673 τῷ
686 1583 775 1674 λόγῳ
789 1595 848 1670 τῆς
865 1587 1086 1671 γεωμετρικῆς

72 1685 263 1775 ἀναλογίας.

142 1798 217 1863 379.
253 1792 534 1880 Προσαρμόζονοι
557 1792 640 1859 κατὰ
663 1798 767 1879 μῆκος
790 1794 923 1882 ἀπειροι
941 1794 1084 1881 εὐθεῖαι,
1104 1826 1138 1876 15

73 1898 155 1986 ῥητὴ
185 1900 222 1967 δὲ
251 1897 393 1985 ὃννάμει
422 1900 532 1985 μόνον
560 1898 746 1988 σύμμετρος
769 1893 854 1969 οὖσα
876 1905 916 1990 τῆ
940 1899 1001 1990 ὅλῃ
1026 1906 1084 1988 μία

72 2003 303 2093 προσαρμόζει.

411 2166 470 2230 Ad
492 2191 597 2252 prop.
620 2167 748 2234 LXXX.

139 2378 214 2444 380.
245 2371 287 2442 Ἡ
308 2384 373 2444 AB
399 2312 450 2448 3Λ
539 2374 560 2464 ῆ
583 2384 645 2445 ΒΓ
666 2296 719 2467 μιν)

400 2469 444 2554 33
672 2487 694 2556 9

406 2733 462 2799 Ad
484 2757 590 2819 prop.
611 2733 757 2799 LXXXI.

139 2855 212 2922 381.
246 2849 302 2920 Ἐκ
323 2858 381 2938 τῆς
404 2859 452 2935 είς
474 2854 602 2924 ἀτοπον
624 2853 811 2942 ἀπαγωγῆς.

71 3006 285 3015 *—

143 3087 202 3136 374.
222 3079 270 3138 Vb.
334 3089 394 3138 370.
413 3081 462 3137 7)).
527 3090 587 3140 378.
606 3085 652 3140 V.
712 3091 774 3141 377.
793 3085 1012 3155 V⁸(adp.338‚
1029 3089 1082 3158 10).

107 3158 166 3208 378.
186 3153 234 3206 V.
307 3159 367 3210 379.
386 3153 433 3209 78
507 3161 567 3210 380.
587 3153 636 3210 Vb.
710 3161 770 3211 381
790 3157 820 3210 F.

145 3370 186 3419 12.
206 3385 243 3419 τω
226 3366 349 3438 ]corr
369 3366 459 3493 exv&
479 3364 555 3441 αὐτῷ
575 3362 687 3436 ἀραια.
707 3366 776 3422 27.
867 3364 992 3441 ἀρα]ω.
1013 3370 1082 3427 27.

109 3441 150 3493 13
169 3432 201 3506 ῆ]
221 3454 289 3491 corr.
308 3452 343 3490 ex
362 3437 413 3501 τίς
432 3421 509 3493 ίνλσ
547 3455 583 3492 m.
603 3439 672 3496 27.
759 3440 827 3494 Post
844 3442 897 3494 καί
912 3441 980 3496 add
996 3438 1090 3493 um

71 3505 140 3561 27.
214 3502 278 3577 οὐκ]
298 3523 312 3562 ε
332 3525 400 3565 corr.
419 3527 456 3564 m.
476 3458 545 3565 27.
620 3515 665 3567 15
686 3510 843 3583 patmum
