2362 3796
124 164 187 228 156
276 165 432 218 scnom
450 166 489 216 m
507 163 781 216 ELEMENTORUM
798 162 938 213 mmm
950 162 973 214 1.

497 326 550 390 Ad
574 346 677 409 prop.
699 323 771 387 XX.

191 451 242 515 78.
279 445 322 516 Τὸ
350 445 383 514 κ’
406 448 568 533 θεώρημα
597 445 771 533 διασύρειν
799 445 963 514 είιὸθασιν
992 447 1028 512 οἱ
1050 441 1137 512 Ἐπι-

122 550 270 640 κούρειοι
293 552 349 619 καὶ
373 552 441 645 ὁνῳ
465 554 617 638 λέγοντες
640 549 721 620 αύτὸ
751 555 856 638 δῆλον
884 548 972 620 εἶναι
996 550 1053 618 καὶ
1077 577 1137 638 μη-

124 661 239 746 δεμιᾶς
262 663 396 726 δεῖσθαι
418 662 630 744 κατασκευῆς.
667 657 947 739 κατασκευάζουσι
967 655 1005 724 δὲ
1023 654 1062 724 τὸ
1082 656 1137 724 καὶ

88 763 192 858 σῦνςο
215 766 386 853 γνώριμον
411 762 497 832 εἶναι
521 766 556 832 ἐκ
578 769 651 848 τοῦ,
673 763 829 843 τεθέντος
851 760 974 850 χόρτου
995 760 1079 830 κατά
1098 758 1136 830 τὸ

123 873 237 958 ἕτερον
255 872 357 958 πέρας
374 881 443 939 τῶν
461 873 627 955 πλευρῶν,
651 867 710 938 τὸν
731 867 814 937 ὄνον
827 867 891 956 τήν
905 873 986 956 μίαν
1002 865 1136 936 ὁδεύειν

123 976 288 1066 πλευράν,
316 974 400 1043 ἀλλὰ
423 975 467 1063 μὴ
490 977 548 1056 τάς
572 975 651 1060 δύο,
679 979 806 1062 τροφῆς
829 973 1043 1062 ὀρεγόμενον.
1088 976 1136 1043 λε’-

122 1109 225 1169 γομεν
250 1075 324 1168 οῦν,
349 1080 399 1149 ὅτι
424 1082 528 1168 σαφὲς
551 1081 613 1169 μὲν
630 1081 712 1149 κατά
732 1081 794 1168 τήν
813 1089 975 1168 αίσθησιν
995 1085 1080 1149 ἔστω
1097 1079 1135 1150 τὸ

123 1187 299 1275 θεώρημα,
336 1187 429 1254 οῦπω
468 1188 505 1255 δὲ
535 1189 639 1274 σαφὲς
671 1187 753 1255 κατὰ
785 1186 846 1256 τὸν
879 1186 1137 1274 ἐπιστημονικὸν

71 1315 104 1364 10
123 1292 239 1378 λόγον·
265 1287 338 1360 οἷον
357 1291 394 1360 τὸ
418 1299 484 1380 πῦρ
508 1300 695 1382 θερμαίνει,
718 1294 895 1362 καὶτοῦτο
918 1299 959 1383 τῇ
979 1291 1133 1379 αἰσθήσει

124 1400 324 1484 καταφανές·
354 1397 438 1466 άλλδι
462 1404 531 1479 ποῦς
553 1406 741 1487 θερμαίνει,
764 1398 930 1490 ἀσωμάτῳ
955 1397 1094 1487 δυνάμει
1113 1394 1135 1484 ἢ

124 1518 324 1592 σωματικαῖς
342 1520 468 1592 τομαῖς,
489 1519 680 1593 σφαιρικοῖς
697 1512 829 1594 μορίοις
847 1503 868 1593 ή
886 1505 1139 1594 πυραμοειδέσι,

122 1615 181 1698 τῆς
210 1610 389 1698 ἐπιστήμης
416 1611 522 1698 μόνης
550 1617 650 1698 ἔργον
681 1612 750 1680 ἐστὶ
782 1616 1002 1702 παραστῆσαι.
1052 1616 1138 1679 ἔστιν

123 1724 242 1786 τοίνυν
265 1718 321 1784 καὶ
344 1721 406 1785 τοῦ
428 1718 597 1806 τριγώνου
618 1716 657 1785 τὸ
681 1716 768 1785 εἶναι
791 1721 850 1797 τὰς
872 1719 907 1804 β’
930 1723 1062 1805 μείζους
1079 1720 1139 1804 τής

72 1850 103 1897 ιε
123 1827 200 1909 μιᾶς
221 1828 262 1913 τῇ
286 1823 443 1910 αἰσθήσει
468 1828 589 1910 δῆλον,
617 1822 702 1890 ἀλλὰ
728 1828 798 1904 πῶς
821 1828 919 1891 τοῦτο
943 1829 1090 1910 γίνεται,
1118 1849 1132 1889 ι

110 1930 283 2017 ’ἐπιστήμη
306 1928 556 1998 ὑποδείκνυσιν.

191 2040 241 2104 79.
286 2040 393 2103 Τοῦτο
425 2033 462 2103 τὸ
496 2035 657 2123 θεώρημα
695 2034 869 2121 διασύρειν
906 2035 1071 2102 είιόθασιν
1107 2037 1142 2103 οῖ

118 2139 340 2227 Ἐπικούρειοι
369 2138 452 2208 ὁνον
481 2139 562 2210 αύτὸ
592 2144 790 2220 καλέσαντες
820 2139 876 2208 διὰ
906 2139 944 2209 τὸ
974 2144 1140 2228 μηδεμιᾶς

124 2250 259 2313 δεῖσθαι
277 2251 491 2333 κατασκευῆς.
528 2244 578 2315 ὁτι
598 2247 659 2334 μὲν
678 2246 715 2316 τὸ
735 2252 957 2334 προκείμενον
974 2246 1140 2334 θεώρημα

71 2379 104 2428 20
124 2352 228 2437 σαφὲς
251 2352 312 2438 μὲν
335 2351 417 2420 κατά
441 2351 502 2440 τήν
532 2363 709 2440 αἴσθησιν,
738 2354 833 2421 οῦπω
862 2352 899 2419 δὲ
927 2353 1032 2438 σαφὲς
1053 2351 1139 2422 κατὰ

123 2457 162 2526 τὸ
182 2460 451 2545 ἐπιστημονικόν·
477 2460 609 2540 πάντως
627 2460 688 2547 μὲν
706 2459 771 2546 γὰρ
791 2462 829 2526 αῖ
845 2458 907 2526 δύο
931 2464 1063 2545 μείζους
1080 2462 1140 2545 τῆς

123 2569 248 2652 λοιπῆς.
294 2570 397 2653 τριῶν
420 2567 483 2655 γὰρ
508 2576 591 2634 ίσαν
615 2565 678 2634 δύο
702 2563 867 2633 ὁποιαοῦν
892 2565 1052 2633 διπλάσια
1073 2569 1139 2633 τοῦ

124 2670 208 2751 ἑνός.
254 2677 285 2739 εί
311 2671 348 2740 δὲ
376 2671 543 2752 ἰσοσκελὲς
570 2669 592 2758 ή
620 2671 658 2739 τὸ
688 2676 832 2739 ἔλασσον
859 2675 925 2757 ἔχει
953 2675 1023 2740 τιόν
1054 2678 1140 2740 ἴσων

123 2778 260 2869 ἑκατέρᾳ
282 2778 345 2866 τήν
368 2778 469 2865 βάσιν
492 2779 548 2845 καὶ
571 2783 697 2863 γίνεται
721 2783 848 2863 μείζων.

70 2908 104 2957 25
192 2890 243 2954 80.
277 2890 325 2953 Αῖ
345 2883 409 2973 γάρ
432 2891 514 2968 AB,
538 2889 611 2969 ΒΓ,
635 2889 703 2950 ΑΓ
722 2886 759 2949 αῖ
779 2896 868 2970 τρεῖς
890 2880 965 2968 ἤτοι
989 2889 1061 2950 ι’σαι
1083 2879 1141 2951 άλ-

123 2991 239 3078 λήλαις
257 2993 343 3060 εἰσὶν
362 2987 383 3078 ή
404 2989 454 3059 οῦ.
478 2994 522 3059 ,εί
539 2988 600 3077 μὲν
620 2998 689 3057 ῖσαι
708 2985 865 3075 ἀλλήλαις
879 2993 956 3074 είσί,
975 2988 1139 3076 φανερόν,

124 3094 174 3166 ὅτι
206 3097 269 3167 δύο
303 3096 481 3166 ὁποιαιοῦν
514 3099 572 3182 τῆς
603 3099 722 3182 λοιπής
754 3095 900 3181 μείζονές
932 3099 996 3162 είσι
1028 3093 1139 3184 πάντη

196 3280 237 3330 78.
258 3275 371 3345 V⁸(fq).
442 3280 482 3327 79.
502 3274 531 3327 P.
597 3278 638 3327 80.
659 3272 761 3342 V⁸(f);
781 3288 832 3341 pro
847 3273 859 3325 1
877 3291 906 3341 p.
920 3275 963 3341 48,
983 3278 1015 3326 11
1035 3269 1070 3326 αλ
1086 3269 1140 3342 μέν

124 3375 157 3385 -
178 3351 210 3398 13
230 3353 347 3415 σημεῖον
365 3345 451 3399 inseri
470 3345 561 3398 uoluit
579 3344 741 3400 scholiasta.

122 3454 336 3464 ———-..—

190 3507 277 3571 λθεη.
301 3502 428 3575 Ποεῖίςίο
447 3502 564 3560 confusa
582 3503 639 3561 loci
658 3502 735 3574 apud
749 3501 884 3557 Ρεοολοτο
897 3519 928 3569 ρ.
946 3507 1011 3569 8⁶24,
1026 3507 1094 3569 laq.
