2362 3796
159 178 165 188 .
243 141 400 201 εοιιοοω
417 145 457 196 ιω
474 145 748 198 οοεωωαοοωοιι
765 147 905 199 οιοωοω
917 149 939 201 1.
1028 145 1091 209 179

434 339 490 403 Ad
512 362 616 425 prop.
638 339 736 405 XXX.

149 461 223 527 109.
259 467 396 528 Ελωδεν
424 458 442 527 ὁ
469 462 657 546 γεωμέτρης
684 463 720 528 ἐν
749 476 818 543 τοῖς
845 468 912 532 τῶν
945 467 1089 550 σχέσεων

74 563 197 650 λόγοις
220 564 394 633 δεικνύναι
421 565 482 652 τήν
510 567 693 651 ταοτότητα
717 567 903 654 διήκουσαν
928 573 963 636 ἐν
987 571 1089 637 ἅπασι

75 682 148 747 τοῖς
164 668 249 757 πρὸς
265 669 303 738 τό
323 669 405 739 αὐτὸ
424 671 485 758 τήν
504 669 611 757 αὐτήν
634 678 747 760 ἔχουσι
767 675 893 760 σχέσιν·
918 674 1006 743 οὕτω
1025 674 1088 760 γὰρ

55 776 132 843 ’καὶ
165 778 201 843 ἐν
233 789 304 854 τοϊς
335 773 520 862 ἆξιοόμασιν
550 783 662 862 ἔλεγεν
689 782 729 846 τὰ
757 783 802 870 τῷ
831 777 920 870 αὐτῷ
950 788 1006 846 λ’σα
1033 782 1088 848 καὶ
1126 809 1131 855 ι

76 878 235 967 ἀλλήλοις
258 881 349 949 ἐστὶν
372 890 438 967 λσα,
456 883 512 949 καὶ
532 884 568 949 ἐν
586 897 657 962 τοῖς
675 884 748 971 ἑξῆς
768 887 847 971 ἐρεῖ·
873 888 913 952 τὰ
933 891 978 977 τῷ
999 884 1088 978 αὐτῷ

76 985 176 1074 ὅμοια
198 988 254 1054 καὶ
278 985 433 1072 ἀλλήλοις
452 985 552 1074 όμοιό
572 991 674 1074 ἐστιν,
697 991 751 1057 καὶ
771 994 808 1058 ολ
823 995 869 1083 τῷ
889 989 978 1082 αὐτῷ
998 992 1088 1084 λόγῳ

76 1097 112 1160 ολ
134 1092 230 1162 αὐτοὶ
253 1095 309 1160 καὶ
332 1091 490 1179 ἀλλήλοις
509 1096 595 1161 εἰσὶν
614 1099 650 1162 ολ
666 1093 770 1164 αὐτοί.
803 1095 886 1165 κατὰ
905 1096 965 1165 τόν
984 1096 1089 1167 αὐτὸν

75 1199 202 1286 τρόπον
230 1199 286 1266 καὶ
312 1198 350 1267 τὸ
379 1199 411 1267 λ’
440 1197 657 1268 ἀποδείκνυσι
690 1202 866 1289 θεώρημα,
900 1201 951 1271 ότι
983 1208 1021 1272 αλ
1047 1210 1087 1294 τή

74 1303 159 1392 αὐτή
179 1301 297 1395 εὐθείᾳ
312 1304 520 1392 παράλληλοι
539 1308 594 1373 καὶ
612 1307 770 1392 ἀλλήλαις
788 1309 853 1376 εἰσὶ
871 1310 1087 1397 παράλληλοι.
1108 1336 1131 1384 11

74 1412 263 1498 συμβέβηκε
286 1410 324 1479 δὲ
343 1408 405 1480 οὐκ
424 1413 476 1479 ἐπὶ
495 1417 612 1480 πασῶν
631 1425 698 1482 τῶν
717 1419 863 1502 σχέσεων
881 1414 968 1484 εἶναι
987 1421 1086 1485 τοῦτο

75 1515 213 1604 ἀληθές·
242 1514 283 1584 οὐ
306 1520 370 1603 γὰρ
394 1515 433 1584 τὰ
457 1521 518 1585 τοῦ
542 1517 647 1586 αὐτοῦ
672 1522 829 1587 διπλάσιοι
852 1521 908 1586 καὶ
932 1517 1088 1607 ἀλλήλων

75 1621 236 1693 διπλάσιά
250 1623 351 1707 ἐστιν,
369 1619 451 1689 οὐδὲ
464 1621 504 1690 τὰ
518 1627 578 1691 τοῦ
594 1620 698 1690 αὐτοῦ
713 1622 848 1710 ήμιόλια
861 1626 917 1692 παλ
932 1623 1087 1712 ἀλλήλων

75 1728 166 1797 ἐστὶν
189 1726 340 1814 ήμιόλια·
378 1725 450 1796 ἀλλ’
473 1734 581 1796 ἔοικεν
605 1728 654 1796 ἐπ’
682 1731 820 1809 ἐκείνοις
843 1730 950 1816 μόνον
974 1731 1087 1819 χοόραν

75 1838 174 1920 ἔχειν,
193 1831 257 1902 ὅσα
275 1830 533 1922 όντισιρέφονσι
553 1834 769 1919 συνωνύμως,
789 1835 842 1901 ἐπὶ
856 1845 914 1920 τής
929 1835 1086 1925 ἰσότητος,
1107 1860 1131 1910 11

73 1942 128 2009 ἐπὶ
151 1943 210 2027 τής
233 1937 437 2026 ὁμοιότητος,
461 1940 513 2007 ἐπὶ
537 1943 595 2025 τής
617 1942 826 2025 ταντότητος,
851 1941 903 2008 ἐπὶ
925 1945 983 2026 τής
1004 1966 1086 2029 παρ-

73 2046 221 2134 αλλήλου
244 2048 383 2125 θέσεως·
419 2044 440 2132 ή
465 2045 529 2133 γὰρ
557 2048 767 2133 παράλληλος
792 2046 993 2136 παραλλήλῳ
1019 2050 1086 2116 ἐστὶ

71 2153 295 2243 παράλληλος,
319 2150 364 2232 ὡς
387 2155 424 2220 τὸ
450 2161 526 2220 λσον
550 2161 611 2243 λ’σῳ
631 2154 720 2221 ἐστὶν
740 2162 816 2221 ἴσον
834 2154 890 2221 καὶ
908 2156 945 2223 τὸ
967 2153 1086 2240 ὅμοιον

75 2257 180 2350 ὁμοίω
218 2256 345 2344 ὅμοιον.
400 2259 456 2325 καὶ
492 2258 556 2346 γάρ
595 2262 685 2327 ἐστιν
719 2258 874 2347 ὁμοιότης
905 2264 1033 2342 θέσεως
1064 2261 1085 2348 ή

75 2363 342 2452 παραλληλότης,
365 2368 396 2432 εἰ
419 2362 566 2433 δυνατόν
590 2371 703 2435 εἰπεῖν.
748 2369 835 2453 λέχει
858 2361 923 2437 οὖν
946 2371 1003 2437 καὶ
1022 2373 1085 2437 δεί-
1104 2390 1131 2439 11

75 2490 196 2538 αννσιν
215 2469 375 2563 ἐντούτῳ
392 2475 437 2563 τῷ
457 2472 660 2558 θεωρήματι,
681 2471 731 2541 ὅτι
751 2477 788 2540 αἱ
803 2477 843 2561 τή
863 2472 947 2562 αὐτή
967 2474 1084 2565 εὐθείᾳ

74 2576 281 2664 παράλληλοι
304 2577 436 2657 πόντως
455 2577 561 2656 οὕτως
580 2583 725 2664 ἔχουσιν,
750 2581 905 2647 ὥστεκαὶ
925 2580 1084 2667 ἀλλήλαις

149 2759 207 2808 109.
226 2755 266 2808 V·
281 2752 388 2822 (P2fq).
447 2748 500 2809 οόιι
518 2755 567 2809 lin.
583 2761 615 2808 11
632 2787 665 2794 —
680 2754 788 2816 θέσεως
806 2755 855 2809 lin.
871 2761 904 2809 17
918 2757 982 2810 hab.
999 2757 1084 2811 etiam

74 2822 190 2878 PBVat
208 2825 238 2892 (F
257 2839 327 2878 eras.
333 2826 369 2892 ?);
388 2823 429 2886 εἰς
446 2821 478 2915 τό
497 2823 523 2878 λ’
544 2825 608 2880 Vat.

147 2988 172 3038 4.
163 2978 298 3070 ἔχουσι]
318 3000 461 3038 -tecorr
481 3003 518 3037 m.
538 2999 591 3037 rec.
610 2983 643 3036 V.
718 2988 741 3035 7.
761 2978 847 3055 λόγῳ]
866 2979 945 3050 λόχοι
963 2983 996 3037 V.
1058 2990 1082 3038 9.

72 3051 169 3107 καὶ
141 3073 174 3108 το
192 3057 208 3107 λ
240 3047 441 3125 ατοδείιινοσι]
464 3055 508 3109 bis
528 3054 579 3123 Vq
602 3037 881 3122 (ροε1ατοδείανοοι
903 3053 996 3123 priore
1020 3055 1083 3108 Ιοοο

71 3125 102 3179 in
121 3124 147 3178 V
164 3123 271 3194 legitur
288 3125 419 3194 κείμενον
437 3124 540 3179 illudI
558 3143 586 3214 p.
601 3130 643 3190 72,
664 3125 755 3179 7οο1.
776 3124 856 3193 crin.)
933 3129 974 3177 11.
996 3120 1081 3196 εἶναι]

73 3212 127 3252 om.
147 3196 266 3250 PBVat.
355 3201 396 3252 13
421 3192 586 3249 διπλάσιά’
574 3215 701 3249 εοτιν-
722 3201 762 3249 14.
784 3190 858 3249 ἐστὶν
877 3191 1002 3266 ἡμιόλια]
1028 3213 1081 3252 om.

71 3265 192 3322 PBVat
253 3272 295 3322 14.
315 3261 465 3353 μόνονέιί
479 3263 729 3320 ἕκείνωνΡΒΨιω.
791 3271 831 3320 15.
850 3261 1084 3354 αντιοτρὲφοοοιν

70 3336 194 3392 PBVat.
244 3334 470 3425 σννωνόμως]“
453 3358 489 3399 ως
507 3336 625 3394 PBVat
686 3343 727 3391 16.
747 3356 796 3406 της
809 3357 1025 3425 ταντοιητος
1042 3345 1083 3394 17.

71 3406 196 3476 θέσεως]
220 3427 276 3461 των
299 3411 482 3477 παραλλήλων
501 3407 621 3462 PBVat.
712 3414 755 3462 20.
780 3405 864 3479 ελ]ή
883 3407 909 3460 V
928 3412 957 3464 et
975 3411 1035 3465 οοδ
1055 3410 1085 3463 M

70 3478 149 3548 apud
167 3477 344 3546 Proclump.
364 3484 425 3549 373,
443 3485 485 3536 23.

895 3572 954 3629 11.*
