2362 3796
119 129 142 192 4
488 127 688 181 Σεοιεεεαα
707 122 756 182 ιε’.

121 269 264 358 μάλιστα
294 269 330 338 δὲ
359 272 395 338 ἐν
424 273 607 359 γεωμετρίᾳ
639 271 813 356 προκοπὴν
841 270 1037 356 ἐμπειρικώς
1063 295 1132 356 κρι-

122 380 239 445 νοῦντι
262 375 302 443 τὰ
328 375 561 463 ῥηθησόμενα,
592 373 648 441 διὰ
672 374 709 442 δὲ
732 374 794 461 τὴν
818 372 901 462 πρὸς
924 372 985 443 τὸν
1007 375 1133 462 πατέρα

122 481 309 569 συνήθειαν
332 483 388 549 καὶ
410 483 471 568 τὴν
494 480 577 570 πρὸς
600 479 687 568 ἡμᾶς
705 480 846 549 εὔνοιαν
865 481 1013 568 εὐμενῶς
1032 479 1133 550 ἄκου-

122 589 251 681 σομένφ
275 593 333 675 τῆς
355 592 586 676 πραγματείας.
632 586 749 675 καιρὸς
777 584 808 654 θ’
835 583 880 655 ἐίν
908 596 958 674 είιγ
987 591 1047 656 τοῦ
1071 588 1133 674 μὲν

86 701 301 785 επροοιμίου
324 699 529 780 πεπαῦσθαι,
548 697 606 779 τῆς
630 692 667 760 δέ
691 691 879 773 συντάξεως
901 693 1074 781 ἄρχεσθαι.

189 809 230 868 Η
253 799 318 868 ἀπὸ
348 804 409 868 τοῦ
438 803 579 887 κέντρου
610 798 736 867 κύκλου
768 797 860 879 τινὸς
893 801 945 868 ἐπὶ
977 799 1040 887 τὴν
1072 805 1133 869 τού

122 907 340 994 πενταγώνου
366 904 514 993 πλευρὰν
541 910 603 974 τοῦ
632 910 679 986 είς
705 904 765 974 τὸν
795 903 901 973 αὐτὸν
929 907 1054 974 κύκλον
1082 909 1133 993 ἐγ-

121 1013 339 1101 γραφομένου
361 1014 503 1091 κύθετος
526 1010 672 1100 ἀγομένη
700 1010 834 1099 ἡμίσειά
864 1013 932 1080 ἐστι
963 1033 1133 1100 συναμφο-

121 1119 221 1205 τέρου
244 1123 304 1204 τῆς
332 1145 367 1186 τε
394 1122 455 1185 τοῦ
484 1117 654 1204 ἑξαγώνου
680 1118 736 1185 καὶ
762 1121 821 1204 τῆς
848 1122 908 1186 τοτ’
939 1119 1133 1206 δεκαγώνου

72 1249 105 1297 10
122 1227 268 1310 πλευρᾶς
290 1228 358 1292 τών
382 1228 429 1303 είς
451 1222 511 1291 τὸν
535 1221 639 1292 αύτὸν
662 1223 788 1292 κύκλον
812 1226 1083 1312 ἐγγραφομένων.

190 1333 273 1397 ἐστω
296 1329 417 1410 κύκλος
437 1329 454 1395 ὁ
478 1336 588 1415 ΑΒΓ,
610 1331 665 1397 καὶ
684 1332 721 1398 ἐν
739 1335 785 1423 τῷ
802 1337 905 1399 ΑΒΓ
920 1330 1030 1422 κύκλφ
1050 1338 1132 1401 ἔστω

122 1434 341 1520 πενταγώνου
363 1433 491 1518 πλευρὰ
513 1434 534 1522 ἡ
559 1441 635 1522 ΒΓ,
657 1437 713 1503 καὶ
738 1434 891 1523 εἰλήφθω
907 1436 1054 1524 κέντρον
1072 1441 1134 1505 τοῦ

123 1540 249 1610 κύκλου
276 1542 314 1608 τὸ
338 1548 386 1626 Δ,
413 1539 470 1606 καὶ
497 1540 550 1607 ἐπὶ
577 1538 640 1626 τὴν
664 1546 729 1608 ΒΓ
754 1538 819 1609 ἀπὸ
847 1543 907 1634 τού
931 1547 964 1606 Δ
990 1539 1134 1620 κάθετος

124 1646 221 1735 ἤχθω
244 1645 265 1734 ἡ
290 1654 368 1733 ΔΕ,
391 1648 447 1715 καὶ
467 1644 748 1733 ἐκβεβλήσθωσαν
772 1645 822 1716 ἐπ’
849 1644 984 1725 εὐθείας
1006 1648 1045 1734 τῇ
1064 1654 1134 1713 ΔΕ

74 1777 106 1826 15
126 1751 256 1823 εὐθεῖαι
280 1757 317 1821 αλ
342 1761 420 1840 ΕΖ,
444 1762 518 1822 ΔΑ.
563 1754 665 1841 λέγω,
693 1751 745 1822 ὅτι
767 1751 788 1841 ἡ
814 1757 887 1821 ΔΕ
906 1749 1040 1839 ἡμίσειά
1064 1755 1133 1820 ἐστι

123 1864 181 1946 τῆς
202 1865 263 1929 τού
287 1859 457 1947 ἑξαγώνου
475 1861 529 1928 καὶ
548 1864 606 1947 τῆς
623 1870 685 1928 τοῦ
706 1858 900 1947 δεκαγώνου
918 1862 985 1927 τών
1005 1862 1052 1938 είς
1069 1858 1131 1927 τὸν

124 1964 228 2035 αύτὸν
251 1965 377 2034 κύκλον
401 1968 670 2054 ἐγγραφομένων.

191 2071 444 2159 ἐπεζεύχθωσαν
463 2073 527 2157 γὰρ
547 2074 584 2138 αί
600 2077 676 2156 ΔΓ,
695 2076 767 2156 ΓΖ,
790 2071 846 2136 καὶ
864 2077 989 2139 κείσθω
1011 2074 1051 2158 τῇ
1072 2077 1134 2136 ΕΖ

125 2186 181 2264 ίση
205 2175 225 2263 ἡ
240 2184 279 2244 Η
280 2184 320 2261 Ε,
340 2176 396 2242 καὶ
415 2173 481 2243 ἀπὸ
499 2179 560 2242 τοῦ
574 2183 614 2242 Η
627 2181 768 2262 σημείου
787 2175 840 2242 ἐπὶ
854 2174 891 2243 τὸ
905 2182 937 2244 Γ
948 2175 1134 2262 ἐπεζεύχθω

72 2305 107 2354 20
125 2282 146 2368 ἐγ
164 2288 240 2350 ΗΓ.
278 2280 347 2348 ἐπεὶ
372 2272 436 2348 οὖν
459 2287 685 2348 πενταπλασία
708 2282 799 2348 ἐστὶν
823 2279 906 2348 ὅλου
929 2287 989 2350 τοῦ
1008 2281 1135 2349 κύκλου

123 2387 145 2474 ἡ
169 2386 362 2474 περιφέρεια
384 2390 442 2472 τῆς
461 2391 560 2453 ΒΖΓ
578 2392 801 2475 περιφερείας,
825 2391 884 2453 καί
904 2388 973 2454 ἐστι
995 2391 1054 2473 τῆς
1072 2386 1135 2474 μὲν

125 2493 207 2561 ὅλου
229 2495 290 2559 τού
312 2492 440 2560 κύκλον
462 2498 673 2579 περιφερείας
695 2491 828 2579 ἡμίσεια
847 2489 867 2578 ἡ
887 2496 996 2575 ΑΓΖ,
1019 2496 1077 2576 τῆς
1097 2493 1136 2561 δέ

125 2604 225 2666 ΒΖΓ
238 2594 373 2684 ἡμίσεια
388 2596 407 2685 ἡ
424 2603 494 2685 ΖΓ,
512 2599 568 2665 καὶ
583 2595 603 2684 ἡ
620 2605 718 2667 ΑΓΖ
732 2596 798 2688 ἄρα
813 2597 1006 2684 περιφέρεια
1020 2620 1136 2666 πεντα-

125 2708 248 2774 πλασία
272 2704 340 2771 ἐστὶ
358 2708 417 2791 τῆς
436 2710 501 2773 ΖΓ
520 2710 738 2792 περιφερείας.
775 2710 939 2791 τετραπλῆ
960 2699 1023 2789 ἄρα
1043 2704 1135 2772 ἐστὶν

74 2810 146 2899 2οὴ
171 2818 240 2880 ΑΓ
262 2814 321 2898 τῆς
345 2818 414 2880 ΖΓ.
460 2808 505 2891 ὡς
529 2810 566 2878 δέ
594 2808 708 2896 ἡΑΓ
730 2811 813 2899 πρὸς
840 2808 901 2896 τὴν
926 2814 1001 2895 ΖΓ,
1030 2807 1136 2889 οὕτως

198 2979 221 3026 1.
247 2968 385 3041 ἐμπείρως
408 2969 503 3038 PBV,
527 2966 658 3040 ἐμπύρως
674 2989 701 3025 v.
777 2970 902 3037 κρίνοντι
924 2968 1036 3024 PBVv.
1110 2973 1136 3023 2.

125 3040 298 3164 nays'possin
316 3058 424 3097 raam.
446 3040 525 3124 113..
571 3047 596 3094 3.
616 3043 717 3096 καί-
736 3037 865 3164 Qum]
885 3056 940 3095 om.
958 3038 995 3094 Μ.
1051 3035 1136 3126 ἄκου-

126 3131 239 3236 W.
266 3112 501 3239 Bb.²{7’P.⁸⁰ds‘'.
517 3112 813 3252 ssssssss'wssfsupr'a
827 3202 842 3251 ρ
857 3112 1068 3250 ἱλεῗλλῖἰμίῗ
1084 3130 1137 3235 ίὲἷ

128 3246 285 3324 ἑξαγώνου]
306 3250 338 3307 ἐκ
356 3254 406 3308 τοῦ
426 3252 543 3321 κέντρον
562 3253 675 3308 PBVv.
736 3258 776 3306 10.
795 3252 930 3323 πλευρᾶς]
950 3268 1004 3307 om.
1023 3251 1135 3306 PBVv.

162 3323 219 3376 τών
250 3325 320 3378 mut.
334 3324 364 3377 in
381 3329 432 3378 τοῦ
451 3342 487 3378 m.
502 3330 518 3379 2
533 3323 566 3379 V.
626 3320 689 3393 τίν]
707 3325 776 3378 mut.
791 3321 820 3377 in
834 3327 891 3377 τῶν
909 3342 935 3378 v.
995 3318 1137 3392 ἐγγραφο-

126 3388 220 3515 μένων
250 3396 320 3449 mut.
339 3394 369 3447 in
388 3390 603 3483 ἐγγραφομένου
621 3412 658 3449 m.
678 3400 694 3449 2
714 3393 746 3448 V.
820 3398 861 3448 11.
882 3391 969 3463 ἐστιν]
990 3394 1136 3515 (ελεέοω.

155 3462 237 3518 BVv.
320 3469 362 3518 12.
390 3466 590 3537 πενταγώνου]
618 3462 800 3535 πενταγώνου
829 3460 996 3532 ἰσοπλεύρου
1024 3461 1046 3515 Ρ
1080 3463 1136 3519 Vv.
