2362 3796
236 132 393 185 scnomA
411 133 450 184 IN
467 132 742 185 ELEMENTORUM
759 134 899 187 LIBRUM
911 135 934 187 1.
1023 128 1087 194 169

69 270 244 360 ὑπάρχειν.
290 277 373 341 ἔστω
396 270 462 358 γάρ
486 267 604 339 εὐθεῖα
630 269 651 357 ἡ
675 279 741 339 ΑΒ
769 273 898 342 ἑστῶσα
921 271 1010 360 ὀρθὴ
1035 274 1088 341 ἐπὶ

70 378 136 466 τὴν
158 385 222 447 ΓΔ
243 375 399 462 εὐθεῖαν,
428 381 549 464 μείζων
573 377 611 444 δέ
633 387 692 463 τῆς
714 383 781 444 ΒΓ
802 376 824 464 ἡ
848 386 930 467 ΒΔ,
957 380 1012 447 καὶ
1036 381 1088 447 έπ-

71 485 288 573 εζεάχθωσαν
302 487 340 552 αί
351 490 428 568 ΑΓ,
438 492 470 550 Α
474 490 517 551 Δ.
542 480 669 551 οὐκοῦν
682 496 753 562 τοῖς
767 482 943 571 τριγώνοις
956 484 1088 563 τούτοις

71 595 133 678 μία
155 589 217 676 μὲν
239 587 337 676 κοινὴ
361 592 487 676 πλευρά
511 589 567 656 καί
590 595 649 677 μία
672 593 779 675 γωνία
802 598 862 677 μιᾷ
887 597 958 676 ίση,
986 589 1026 657 τὰ
1051 590 1088 656 δὲ

71 695 160 766 ἄλλα
178 693 288 765 άνισα.
326 701 406 783 μίαν
430 695 468 762 δέ
490 693 639 782 πλευράν
661 697 717 762 καὶ
742 694 806 762 δύο
829 701 955 780 γωνίας
972 700 1088 779 λαβεῖν
1125 721 1143 770 5

73 806 153 891 ἐξῆν
177 803 233 873 καὶ
261 803 367 883 δεῖξαι
395 803 434 868 τὰ
460 800 562 869 λοιπά
590 809 662 886 ίσα,
694 801 750 868 καὶ
777 805 878 869 τοῦτο
911 813 1002 868 ποιεῖ
1032 799 1088 867 διὰ

74 913 176 977 τοῦδε
203 913 265 979 τοῦ
292 907 520 997 θεωρήματος.
566 913 647 992 μίαν
678 907 716 975 δὲ
742 905 892 994 πλευρὰν
919 907 976 974 καὶ
1002 919 1090 993 τρεῖς

73 1018 201 1100 γωνίας
224 1022 298 1093 ίσας
320 1019 369 1082 ἔτι
390 1012 619 1083 ὑποτίθεσθαι
641 1012 807 1099 περιττόν,
831 1021 923 1096 είπερ
946 1013 1002 1080 καὶ
1026 1012 1088 1080 δύο

73 1118 192 1206 μόνων
221 1128 306 1187 ίσων
334 1117 447 1188 οὐσῶν
477 1121 642 1188 δέδεικται
671 1119 691 1204 ἡ
720 1123 788 1187 τῶν
816 1123 944 1188 λοιπῶν
968 1118 1089 1204 ἰσότης.

73 1224 179 1294 πάλιν
206 1229 288 1311 μίαν
314 1231 443 1310 γωνίαν
471 1225 526 1291 καὶ
555 1223 618 1292 δύο
649 1231 795 1312 πλευρας
821 1222 935 1310 λαβῶν
965 1226 1089 1305 ἔδειξεν
1110 1250 1145 1299 10

73 1329 181 1401 τᾶλλα
204 1339 261 1399 ίσα
284 1333 321 1399 ἐν
339 1333 385 1422 τῷ
403 1329 547 1421 τετάρτῳ
566 1329 769 1419 θεωρήματι.
805 1336 885 1418 μίαν
905 1329 942 1398 δὲ
960 1336 1090 1417 γωνίαν

73 1439 133 1507 καὶ
153 1451 242 1524 τρεῖς
264 1439 409 1524 πλευράς
432 1444 506 1516 ίσας
528 1443 645 1524 λαβεῖν
668 1445 845 1526 περίεργον
868 1429 926 1522 ἦν·
949 1437 1089 1523 καὶγὰρ

78 1547 117 1612 αλ
142 1542 206 1612 θάο
235 1541 344 1631 μόνον
373 1550 443 1609 ίσαι
470 1549 654 1628 ληφθεῖσαι
682 1548 831 1627 συνῆγον
859 1541 921 1628 τὴν
954 1541 1090 1627 ίσάτητα

76 1654 146 1719 τῶν
160 1648 282 1717 άλλων.
309 1647 448 1735 καὶμὴν
463 1647 570 1716 καὶτὸ
586 1648 646 1717 δύο
661 1646 805 1733 πλευράς
818 1649 873 1715 καὶ
889 1647 951 1714 ὃάο
967 1651 1092 1731 γωνίας

78 1766 154 1836 ἴσας
176 1758 361 1844 λαμβάνειν
384 1750 404 1840 ἢ
430 1754 494 1822 δύο
518 1751 664 1839 πλευράς
685 1754 741 1819 καὶ
763 1765 852 1833 τρεῖς
875 1757 1000 1836 γωνίας
1019 1760 1092 1832 ίσας
1111 1776 1146 1827 16

77 1859 100 1949 ἢ
125 1860 188 1931 δύο
211 1867 338 1948 γωνίας
356 1861 413 1927 καί
430 1873 519 1944 τρεῖς
537 1861 683 1943 πλευρὰς
700 1857 809 1926 πάντα
827 1861 930 1924 ταῦτα
948 1856 1092 1940 περιττά.

76 1967 117 2037 τά
150 1966 216 2056 γάρ
248 1980 322 2046 ταῖς
351 1965 525 2035 ἐλάττοσιν
551 1963 757 2033 ὑποθέσεσιν
785 1964 931 2050 ἑπόμενα
960 1962 1093 2041 πάντως

78 2073 266 2144 άαολουθεῖ
285 2072 341 2139 καὶ
364 2086 437 2152 ταῖς
459 2076 587 2139 πλείοσι
612 2070 720 2157 μόνον
743 2069 824 2157 μετὰ
853 2075 921 2139 τῶν
946 2069 1092 2138 δεόντων

79 2178 347 2265 προσδιορισμὸν
370 2179 636 2264 λαμβανομένων
663 2181 732 2245 τῶν
754 2175 960 2269 ὑποθέσεων.
1006 2189 1093 2262 τρεῖς

80 2277 145 2353 οὑν
168 2281 251 2370 ἡμῖν
272 2282 490 2371 ἀνεφάνησαν
513 2280 692 2362 ὑποθέσεις
711 2280 914 2364 ’ἀποδείξεως
937 2282 1093 2368 δεόμεναι
1112 2307 1149 2355 20

80 2389 166 2477 ἥτε
193 2387 299 2475 μόνας
324 2390 544 2476 λαμβάνουσα
571 2388 631 2468 τάς
657 2402 745 2477 τρεῖς
772 2388 917 2475 πλευράς
947 2390 1003 2457 καὶ
1030 2388 1092 2475 τὴν

82 2500 163 2582 μίαν
186 2499 314 2581 γωνίαν
336 2496 392 2563 καὶ
415 2493 435 2582 ἡ
455 2493 631 2574 άντίθετος
649 2495 731 2582 πρὸς
749 2493 873 2581 ταύτην
892 2492 913 2581 ἡ
931 2498 993 2583 τὴν
1013 2501 1093 2583 μίαν

80 2602 230 2688 πλευρὰν
256 2601 312 2668 καὶ
338 2599 397 2682 τάς
425 2602 487 2669 δύο
520 2607 660 2686 γωνίας,
692 2597 736 2687 ἣν
764 2604 828 2668 νῦν
857 2598 876 2668 ὁ
907 2601 1094 2688 γεωμέτρης

79 2711 315 2793 προστίθησιν.
364 2708 420 2773 καὶ
448 2710 504 2773 διὰ
532 2710 631 2774 τοῦτο
658 2708 763 2772 ταῦτα
789 2709 865 2788 τρία
893 2705 980 2790 μόνα
1008 2714 1093 2773 θεω-

81 2811 212 2898 ρήματα
238 2813 315 2897 περὶ
343 2816 402 2898 τῆς
431 2811 582 2898 ίσάτητος
605 2815 673 2877 τῶν
695 2809 871 2896 τριγώνων
896 2815 1013 2896 ἔχομεν
1036 2818 1095 2895 τῆς
1113 2833 1149 2883 25

82 2920 119 2986 έν
141 2930 213 2998 ταῖς
233 2926 393 3002 πλευραῖς
415 2917 472 2984 καί
493 2929 565 2995 ταῖς
586 2919 725 3001 γωνίαις
752 2918 819 2982 τῶν
844 2911 956 2982 άλλων
978 2919 1095 2982 πασῶν

79 3021 280 3093 ὑποθέσεων
303 3019 324 3108 ἢ
348 3019 527 3090 άὸυνάτων
552 3018 664 3088 οὐσῶν
693 3022 798 3101 δεῖξαι
825 3017 862 3087 τὸ
892 3018 1094 3106 ζητούμενον

79 3126 101 3217 ἢ
126 3133 284 3199 δυνατῶν
307 3128 370 3215 μὲν
393 3125 479 3194 άλλά
501 3136 664 3214 περιττῶν
682 3130 727 3217 τῶ
748 3123 794 3192 δι’
811 3123 997 3194 ἐλαττόνων
1015 3148 1095 3192 υπο-

80 3238 215 3312 θέσεων
229 3261 269 3303 τα
286 3233 369 3302 αὐτὰ
384 3235 547 3321 πέφηναν.
581 3231 691 3319 ῶσπερ
711 3225 785 3318 οὖν,
806 3230 860 3301 ὅτε
875 3230 938 3301 δύο
952 3229 1096 3316 πλευράς

155 3472 182 3520 4.
201 3463 236 3519 τά
256 3462 288 3518 δέ
308 3459 390 3532 ἄλλα]
409 3460 460 3526 τὰς
478 3460 510 3518 δὲ
529 3459 614 3528 ἄλλος
632 3465 663 3520 Ρ.
