2362 3796
114 139 179 204 656
244 142 401 195 SOHOLIA
418 142 457 193 IN
474 139 750 193 ELEMENTORUM
766 139 909 191 LIBRUM
922 140 1008 197 xm,

181 284 230 349 13.
257 278 376 349 Ἔστιν
399 282 465 368 ἄρα
488 278 535 360 ὡς
557 307 587 368 p.
607 283 682 365 252,
701 283 755 363 17]
781 277 841 347 ἐὰν
864 277 932 365 γὰρ
960 273 1031 350 οἶσι
1054 296 1136 370 τρεῖς

112 385 261 472 εὐθεῖαι,
294 387 349 454 καὶ
377 385 414 455 τὸ
441 384 507 455 ὑπὸ
538 391 606 454 τῶν
629 383 743 472 ἄκρων
766 391 842 452 ἴσον
864 375 887 472 ᾗ
911 395 963 476 τῷ
990 383 1062 456 τἰπδ
1085 391 1137 476 τής

112 494 224 579 μέσης,
248 495 286 559 αλ
306 507 395 580 τρεῖς
417 490 550 561 εὐθεῖαι
572 489 744 576 ἀνάλογόν
766 494 862 558 εἰσιν.

182 603 232 667 14.
258 596 305 666 Ἡ
320 602 420 684 διπλή
440 603 498 684 τής
511 604 577 666 ΓΑ
600 594 621 684 ἢ
641 605 696 684 ἴση
716 595 785 665 ἐστὶ
799 599 840 684 τή
855 592 962 683 ΓΒή
985 601 1138 669 ἐλάσσων

78 701 133 790 σή
157 710 290 790 μείζων·
325 711 381 789 ἴση
405 704 442 772 δὲ
464 700 486 790 ή
512 702 664 773 ἐλάσσων
687 699 749 771 οὐκ
771 707 873 787 ἔστιν,
898 698 946 782 ὡς
972 706 1137 776 δεικνύει·

112 816 233 896 μείζων
254 807 321 896 ἄρα
344 806 365 895 ή
391 813 491 895 διπλή
515 812 573 896 τῆς
596 815 656 877 ΓΑ
679 811 737 895 τής
759 814 833 876 ΓΒ·
867 806 925 876 διὰ
951 809 992 876 δ’
1017 816 1087 882 τοῦ
1109 811 1138 900 β’

112 920 254 1001 βιβλίον.

182 1022 232 1089 15.
261 1018 362 1104 Ὅπερ
381 1018 553 1089 ἀδύνατον
571 1047 603 1108 p.
617 1021 693 1102 254,
706 1024 741 1104 9]
765 1017 802 1088 τὸ
821 1018 884 1106 γὰρ
904 1015 976 1090 ἀπὸ
997 1028 1063 1111 τῆς
1077 1033 1140 1093 BA

115 1134 190 1193 ἴσον
225 1123 293 1193 ἐστὶ
325 1138 396 1205 τοῖς
428 1125 493 1195 ἀπὸ
523 1129 593 1194 τῶν
620 1130 698 1211 ΒΓ,
721 1130 783 1192 ΓΛ
813 1125 870 1193 οιαὶ
901 1128 950 1216 τῷ
988 1130 1047 1210 δὶς
1075 1128 1138 1199 ὑπὸ

62 1249 95 1297 10
112 1235 180 1299 τῶν
201 1236 273 1317 ΒΓ,
287 1237 359 1319 ΓΑ,
378 1229 423 1312 ὡς
442 1232 608 1300 δέδεικται
626 1233 663 1300 ἐν
680 1239 726 1323 τῷ
747 1229 781 1297 δ’
800 1229 1004 1319 θεωρήματι
1022 1241 1092 1306 τοῦ
1108 1240 1139 1324 β’

112 1342 254 1421 βιβλίον.

487 1426 543 1492 Ad
565 1449 670 1513 prop.
693 1426 751 1492 III.

182 1551 232 1616 16.
269 1547 338 1615 Καὶ
365 1545 403 1615 τὸ
432 1545 686 1636 ἀντιστρόφων·
724 1545 784 1617 ἐὰν
810 1545 930 1616 εὐθεῖα
962 1552 1140 1641 τμήματος

115 1654 234 1739 ἑαυτῆς
256 1656 503 1723 πενταπλάσιον
527 1654 684 1740 δύνηται,
707 1651 728 1740 ή
751 1658 813 1722 τοῦ
835 1655 1012 1742 τμήματος
1036 1664 1138 1746 διπλή

62 1755 95 1806 ¹⁶
114 1765 337 1845 προστεθεῖσα
365 1762 411 1850 τῷ
440 1763 544 1850 λοιπῷ
577 1761 720 1846 τμήματι
751 1758 813 1845 τήν
846 1757 931 1845 ὅλην
960 1778 1064 1833 ποιεῖ
1095 1772 1140 1846 εἰς

113 1861 219 1951 ἄκρον
250 1866 305 1932 καὶ
338 1867 441 1952 μέσον
473 1868 576 1951 λόγον
607 1865 829 1952 τεμνομένην,
860 1866 917 1933 καὶ
944 1866 988 1936 τὸ
1021 1879 1139 1958 μεῖζον

113 1969 221 2057 ὄνομα
246 1974 337 2040 ἐστιν
360 1971 380 2057 ή
404 1980 628 2057 προστεθεῖσα
651 1968 780 2038 εὐθεῖα·
812 1972 954 2038 δύναται
981 1974 1023 2043 δὲ
1050 1975 1139 2048 εἶναι

112 2077 168 2143 καὶ
191 2074 228 2145 τὸ
253 2075 494 2164 ἀντιστρόφων
516 2080 577 2145 τοῦ
601 2074 743 2162 πρώτον.

183 2187 233 2250 17.
274 2182 523 2271 Τετραπλοίσιον
546 2180 611 2268 ἄρα
634 2208 665 2269 p.
689 2183 768 2267 254,
792 2185 847 2267 27]
876 2179 916 2248 τὰ
939 2184 1012 2273 γὰρ
1039 2190 1139 2278 μήκει

60 2303 95 2352 20
114 2287 274 2354 διπλάσια
298 2286 440 2373 δυνάμει
463 2286 692 2376 τετραπλάσια.

182 2395 231 2458 18.
265 2388 480 2460 Ἀπεναντίον
503 2393 577 2478 γάρ.
599 2389 723 2461 -ὑπὸ
748 2393 812 2480 γὰρ
835 2391 872 2461 τὸ
898 2390 985 2463 αὐτὸ
1010 2397 1117 2484 ὕψος.

491 2587 548 2652 Ad
570 2610 675 2673 prop.
699 2589 757 2654 IV.

181 2709 231 2774 19.
259 2705 374 2776 ’Ἐστιν
393 2701 457 2776 οὖν
477 2707 656 2777 διπλάσιον
675 2706 787 2797 εὑρεῖν
806 2711 842 2777 ἐκ
858 2712 918 2796 τής
931 2713 1140 2810 διαγωνίοο,

112 2811 309 2899 τριπλάσιον
332 2815 367 2880 ἐκ
390 2812 513 2881 τούτου
536 2818 597 2882 τοῦ
621 2813 852 2901 θεωρήματος,
882 2822 1138 2901 τετραπλάσιον

59 2937 94 2985 25
114 2921 149 2985 ἐκ
181 2924 242 2987 τοῦ
269 2919 365 3005 μήκει
393 2924 588 3000 διπλασίους
617 2917 703 2988 εἶναι
729 2917 788 2998 τὰς
816 2919 978 3007 πλευράς,
1013 2950 1137 2998 πεντα-

184 3101 225 3148 13.
245 3094 323 3162 Bbq.
411 3101 452 3151 14.
471 3096 512 3149 V⁸
530 3097 577 3165 (ad
596 3097 700 3150 lemma
718 3115 745 3165 p.
760 3096 833 3164 254).
912 3100 953 3151 15.
977 3098 1048 3173 V⁸q
1069 3106 1135 3176 (P2).

148 3165 238 3218 16.P.
314 3172 354 3220 ιι.
375 3165 402 3221 b.
477 3166 624 3235 18.b(ad
643 3185 669 3236 p.
685 3173 746 3231 οεε,
762 3168 851 3236 ε-ο).
926 3169 1020 3225 19.P.

184 3328 206 3375 1.
227 3321 293 3395 γάρ]
313 3341 367 3379 om.
387 3342 412 3393 q.
478 3331 503 3379 2.
522 3319 554 3396 ᾖ]
574 3325 608 3390 Β,
626 3343 680 3381 om.
701 3327 750 3409 pq.
770 3397 782 3410 .
814 3331 839 3381 4.
858 3326 956 3412 διπλῇ]
977 3328 1135 3389 obscurum

106 3414 199 3471 comp.
220 3395 255 3456 V.
336 3396 398 3483 M]
416 3400 438 3452 Α
455 3411 472 3450 ε
490 3412 560 3452 port.
576 3395 611 3452 V.
683 3397 730 3467 τή]
749 3416 798 3464 της
815 3396 849 3451 V.
922 3393 1133 3473 ηέλάσσωνή

55 3538 83 3582 h.
96 3475 212 3551 μείζων
232 3473 280 3548 ἴση
302 3471 351 3551 δι’]
368 3472 417 3530 bu
431 3468 474 3526 V.
