2362 3796
334 995 531 1090 Appendix
560 995 787 1069 scholiorum
814 995 861 1070 Π.

159 1154 186 1218 1.
221 1147 398 1217 Ἐπίπεδον
421 1150 617 1234 ἐπιφανείας
641 1149 803 1235 διαφέρει,
827 1145 940 1217 ὅτιτὸ
959 1148 1028 1236 μδν
1047 1150 1110 1218 ἐπί·

88 1260 194 1324 πεδον
223 1255 276 1323 ἐπὶ
302 1258 365 1323 τοῦ
393 1262 466 1322 λεῖα
492 1255 548 1322 καὶ
571 1262 627 1322 ίοα
650 1281 690 1322 τα
714 1258 820 1322 οἰκεῖα
843 1252 949 1343 μύρια
974 1260 1111 1343 ἔχοντος

90 1364 230 1448 λέγεται,
253 1360 274 1448 ἡ
299 1361 337 1429 δὲ
360 1359 538 1446 ἐπιφάνεια
560 1361 617 1428 καὶ
640 1361 693 1428 ἐπὶ
715 1363 778 1428 τού
799 1361 912 1430 ἄνισα.

157 1472 187 1537 2.
216 1465 273 1536 Ἐν
292 1468 435 1558 ἐπιπέδῳ
450 1463 555 1554 εἶπεν,
573 1470 631 1535 ἵνα
646 1471 800 1556 διακρίνῃ
813 1464 876 1552 τὴν
890 1470 955 1537 τού
968 1471 1110 1555 στερεοῦ

55 1598 71 1647 ο
89 1580 219 1662 γωνίαν
238 1569 301 1642 ούκ
319 1565 427 1642 οὖσαν
447 1576 484 1642 ἐν
503 1574 659 1665 ἐπιπέδῳ,
678 1572 741 1642 δύο
761 1572 800 1642 δὲ
817 1577 985 1663 γραμμῶν
1003 1570 1112 1658 εἶπεν,
1180 1643 1181 1652 ,

90 1678 204 1767 ἐπειδὴ
233 1681 270 1748 ἐκ
296 1683 373 1766 μιᾶς
395 1684 524 1766 γωνίαν
546 1681 707 1766 γενέσθαι
738 1676 927 1766 ἀδύνατον,
960 1682 1021 1750 καὶ
1054 1679 1111 1748 διὰ

90 1785 152 1872 τὴν
167 1796 228 1855 τοῦ
242 1791 390 1876 στερεοῦ·
410 1789 480 1856 ἐκεῖ
490 1784 554 1874 γὰρ
570 1782 631 1855 ούκ
645 1788 681 1855 ἐκ
695 1785 771 1886 δύο,
786 1782 860 1853 ἀλλ’
877 1789 914 1855 ἐκ
927 1787 1112 1857 πλειόνων.
1180 1861 1181 1868 χ

90 1895 128 1960 τὸ
157 1892 195 1960 δέ
223 1889 422 1979 ἁπτομένων
451 1891 507 1985 διδι
531 1891 591 1972 τδις
613 1888 670 1959 ἀπ’
692 1888 849 1978 ἀλλήλων
871 1894 1037 1979 κειμένας
1059 1895 1112 1963 καὶ

90 2003 220 2083 γωνίαν
242 2002 380 2084 ποιῆσαι
403 1995 445 2066 ού
469 1999 660 2085 δυναμένας
682 1995 738 2065 διδ
760 1996 799 2066 τὸ
822 2004 1047 2085 κεχωρίσθαι.

39 2129 72 2178 10
158 2108 187 2172 3.
215 2104 251 2169 ‘O
268 2102 389 2182 κύκλος
404 2106 504 2190 διχῶς
518 2116 644 2171 νοεῖται
658 2101 732 2190 ἤτοι
746 2100 784 2171 τὸ
798 2099 938 2189 ὑπὸτῆς
953 2117 1115 2195 γραμμῆς

91 2208 327 2295 περιεχόμενον
346 2212 456 2295 σχῆμα
474 2206 495 2296 ἢ
514 2210 570 2277 καὶ
588 2206 673 2296 αύτὴ
692 2207 931 2296 ἡπεριφέρεια.
965 2215 1115 2300 νοητέον

92 2305 166 2392 οὖν,
190 2311 251 2379 ἐὰν
274 2314 353 2400 λέγῃ
377 2311 500 2392 κύκλος
521 2313 647 2382 κύκλον
670 2315 780 2403 τέμνει
803 2313 864 2400 τὴν
886 2319 1115 2406 περιφέρειαν

91 2419 189 2503 λέγει,
213 2415 272 2485 ἐὰν
296 2417 334 2487 δέ
357 2421 394 2486 ἐν
411 2417 522 2509 κύκλῳ
541 2416 562 2505 ἡ
583 2419 760 2508 διάμετρος
777 2423 913 2507 μεγίστη
931 2421 1020 2510 ἐστί,
1045 2429 1116 2495 τῶν

91 2523 128 2591 δέ
152 2521 264 2591 ῶλλῳν
287 2524 342 2592 καὶ
364 2527 405 2592 τὰ
429 2525 513 2612 ἑξῆς,
536 2524 573 2593 τὸ
593 2524 660 2593 ὑπὸ
677 2530 735 2612 τῆς
752 2527 903 2612 γραμμῆς
921 2529 1014 2613 λέγω
1036 2527 1117 2618 ῶρι-

39 2657 72 2706 15
93 2631 217 2716 σμένον
241 2634 358 2718 σχῆμα.
403 2631 459 2698 καὶ
486 2629 527 2699 τὰ
555 2630 639 2699 ἄλλα
667 2631 816 2719 σχήματα
842 2635 944 2718 διχῶς
969 2649 1117 2722 νοεῖται,

163 2825 196 2880 in
209 2825 282 2881 hene
297 2825 483 2895 appendicem
498 2825 614 2894 conieci,
628 2842 700 2894 quee
715 2827 765 2881 aui
777 2824 865 2881 serius
875 2825 976 2881 inueni
991 2829 1117 2898 scholis,

93 2915 177 2965 quem
196 2899 229 2951 ui
246 2895 276 2950 in
296 2895 422 2952 ordinem
441 2897 638 2966 reciperentur,
657 2898 708 2951 eud
726 2913 760 2950 ex
779 2893 923 2952 codicibus
940 2899 1056 2969 raptim
1074 2902 1117 2956 in·

92 2969 197 3036 spectie
217 2967 313 3035 aliqua
331 2967 366 3022 de
385 2983 471 3023 cause
488 2968 535 3022 hic
554 2967 614 3023 illic
633 2971 823 3022 enotauerem.

164 3150 188 3197 1.
208 3145 221 3196 e
239 3141 289 3196 f01.
306 3147 356 3196 εον
376 3142 422 3209 (ιι
442 3141 455 3193 1
474 3141 528 3196 def.
544 3144 580 3212 ι).
662 3149 687 3198 e.
706 3147 720 3199 ι
736 3143 804 3199 uu.
823 3144 871 3214 (ιε
889 3145 902 3198 1
921 3145 979 3204 nef.
995 3151 1037 3221 ε),

86 3221 112 3275 3.
134 3217 147 3274 t
164 3212 235 3273 ibid.
256 3212 304 3288 (nd
320 3211 335 3265 1
352 3212 407 3268 def.
422 3215 476 3282 15).

78 3341 312 3352 -—..---.——-

31 3402 68 3488 ι
158 3414 188 3468 6.
212 3401 339 3478 ἐπειδὴ]
359 3395 481 3472 &ripen
501 3388 550 3450 ἐπὶ
568 3392 654 3446 δεῖξε,
721 3389 986 3456 χωολανχχιοολαὶ»,
