2362 3796
118 181 183 244 1ὀο
269 182 426 233 SCHOLIA
442 183 481 234 IN
499 181 776 233 ELEMENTORUM
792 180 932 232 LIBRUM
945 182 967 233 I.

116 322 325 407 συνέκρινευ,
348 318 421 388 ἀλλ’
448 319 490 389 οὐ
512 318 596 408 πρὸς
617 320 680 406 τὴν
703 323 833 406 ἐφεξῆς·
871 317 955 406 αὕτη
979 319 1041 408 μὲν
1065 319 1131 408 γὰρ

115 429 171 495 καὶ
186 435 240 512 ίση
261 427 403 495 δύναται
423 425 510 494 εἶναι
528 427 584 494 καὶ
602 426 754 494 ἐλάσσων
767 426 824 493 καὶ
837 431 970 512 μείζων,
991 428 1131 495 ἐκείνων

116 533 153 601 δὲ
178 534 333 620 ἑκατέρας
356 531 440 620 αὐτὴ
463 539 592 620 μείζων.
639 530 698 600 ε’ἀν
721 523 785 601 οὖν
809 529 1024 621 ὀρθογώνιον
1047 525 1070 622 ᾖ
1094 532 1131 601 τὸ

115 645 297 729 τρίγωνον,
325 641 380 707 καὶ
409 642 558 728 ἐκβληθή
586 637 670 725 πρὸς
691 639 754 725 τήν
778 637 903 728 ὀρθήν,
930 637 950 726 ή
975 638 1075 720 ἐκτὸς
1094 651 1132 729 τῇ

82 770 97 817 5
117 744 211 825 ἐντὸς
234 751 325 813 ἐσται
349 755 416 831 ίση,
441 750 471 812 εί
490 744 527 812 δέ
546 743 796 830 ἀμβλυγώνιον,
819 745 874 812 καλ
892 749 1130 832 προσεκβληθή

115 845 199 938 πρὸς
220 848 282 936 τήν
306 849 483 937 ἀμβλεῖαν,
513 856 604 918 ἐσται
631 856 753 937 μείζων
780 847 800 936 ή
830 849 924 930 ἐντὸς
946 854 1006 937 τῆς
1029 851 1131 930 ἐκτός.

115 953 199 1024 ἀλλὰ
223 954 306 1043 πρὸς
327 955 386 1036 τὰς
408 954 611 1024 ἀπεναντίον
633 960 732 1023 τοῦτο
756 961 885 1041 γίνεται
902 953 941 1024 τό
961 953 1049 1023 εἶναι
1067 955 1131 1043 τήν

116 1060 207 1139 ἐκτὸς
230 1070 316 1147 ίσην.
361 1059 427 1147 ήδη
457 1062 496 1128 δέ
517 1086 604 1141 τινες
632 1062 862 1129 συνάπτουσιν
889 1058 930 1128 τά
959 1060 1022 1129 δύο
1044 1071 1130 1130 θεω-

116 1165 246 1253 ρήματα
268 1166 368 1233 τοῦτό
391 1192 426 1232 τε
448 1167 504 1233 καλ
526 1165 564 1234 τὸ
585 1169 660 1254 ἐξής
678 1165 967 1255 ἀποδεικνύμενον
984 1171 1023 1235 ἓν
1040 1165 1130 1236 οὕτω

64 1298 97 1347 10
115 1272 342 1357 προφέρονται
375 1270 437 1356 τήν
469 1270 644 1358 πρότασιν·
690 1271 815 1354 παντὸς
850 1272 1016 1361 τριγώνου
1048 1277 1130 1358 μιάς

117 1483 270 1569 ἑκατέρας
292 1487 360 1551 τών
384 1483 478 1564 ε’ντὸς
500 1485 568 1552 καὶ,
583 1483 786 1554 ἀπεναντίον
815 1492 935 1573 μείζων
963 1489 1047 1572 ἐστί,
1074 1487 1131 1552 καὶ

116 1588 180 1658 δύο
200 1585 378 1658 ὁποιαιοῦν
396 1595 466 1659 τών
480 1589 574 1671 ἐντὸς
587 1596 722 1678 γωνιώυ
738 1591 800 1660 δύο
817 1590 934 1680 ὀρθών
953 1590 1132 1672 ἐλάσσονές

115 1700 211 1763 εἰσιν.
249 1695 305 1763 διὰ
324 1695 361 1764 δὲ
379 1698 501 1765 τούτου
519 1701 580 1766 τοῦ
600 1696 645 1769 ις’
659 1697 879 1784 θεωρήματος
896 1696 1032 1766 κάκεῖνο
1050 1694 1132 1766 ἀπο

65 1827 98 1876 15
118 1804 280 1889 δείξομεν,
305 1800 366 1887 ὅτι,
390 1801 451 1871 ἐὰν
475 1808 523 1883 είς
546 1803 609 1871 δύο
633 1800 769 1882 εὐθείας
787 1799 905 1870 εὐθεῖα
924 1806 1132 1890 ἐμπίπτουσα

115 1906 176 1993 τήν
201 1907 293 1987 ἐκτὸς
315 1914 443 1994 γωνίαν
469 1917 546 1994 ίσην
570 1913 648 1996 ποιῇ
672 1913 712 1997 τῇ
732 1909 826 1988 ἐντὸς
844 1908 899 1975 καὶ
918 1905 1133 1996 ἀπεναντίον,

117 2010 158 2080 οὐ
181 2015 360 2099 ποιήσουσι
382 2020 548 2102 τρίγωνον
568 2018 606 2081 αί
622 2013 753 2082 εὐθεῖαι
773 2011 854 2082 οὐδὲ
872 2018 1133 2100 συμπεσοῦνται,

117 2119 186 2185 ἐπεὶ
210 2124 302 2187 ἔσται
326 2118 417 2205 αὑτή-
433 2121 489 2187 καλ
513 2129 568 2208 ίση
591 2123 647 2189 καὶ
671 2127 803 2208 μείζων·
841 2118 922 2207 ὅπερ
949 2116 1133 2190 ἀδύνατον.

116 2226 275 2311 λάβοιμεν
291 2227 321 2291 δ’
339 2222 382 2292 ἀν
396 2223 537 2295 ἀπὸτοῦ
551 2230 774 2315 προκειμένου
787 2225 1006 2313 θεωρήματος
1019 2230 1132 2311 τοῦτο,

62 2355 98 2403 20
118 2330 168 2397 ὅτι
192 2328 256 2397 ἀπὸ
279 2336 339 2398 τοῦ
363 2330 468 2401 αὐτοῦ
492 2339 633 2421 σημείου
650 2348 738 2420 τρεῖς
756 2330 887 2401 εὐθεῖαι
906 2341 977 2398 ίσαι
996 2332 1051 2399 ἐπὶ
1069 2331 1131 2420 τήν

118 2432 223 2521 αὐτήν
247 2435 385 2506 εὐθεῖαν
408 2446 627 2525 προσπίπτειν
651 2438 831 2507 ἀδύνατον.

184 2545 235 2609 68.
269 2546 466 2633 Σαφεστέρα
489 2543 509 2631 ή
533 2548 685 2633 παροῦσα
709 2544 867 2631 πρότασις
890 2545 928 2610 ἐν
949 2545 995 2633 τῷ
1019 2549 1132 2630 Σαρα-

116 2653 240 2739 κηνικιβ
263 2647 472 2740 ἀντιγράφω·
496 2655 563 2736 ἔχει
586 2648 650 2738 γὰρ
673 2651 793 2729 οὕτως·
816 2648 941 2729 παντὸς
962 2646 1132 2735 τριγώνου

116 2765 194 2840 μιᾶς
206 2759 274 2823 τών
288 2763 442 2844 πλευρῶν
456 2755 771 2842 προεκβληθείσηςή
788 2753 880 2834 ἐκτὸς
893 2759 999 2841 γωνία
1010 2759 1132 2840 μείζων

63 2884 97 2933 25
118 2861 184 2927 ἐστὶ
204 2858 360 2947 ἑκατέρας
377 2864 446 2928 τών
466 2862 570 2945 ἐντός,
589 2864 737 2928 τουτέστι
755 2864 823 2927 τών
843 2860 896 2927 ἐπὶ
913 2863 973 2946 τῆς
985 2863 1133 2949 πλευράς

115 2971 173 3054 τής
200 2965 443 3053 ὑποτεινούσης
472 2969 535 3052 τήν
570 2973 697 3053 γωνίαν
729 2967 791 3053 τήν
824 2968 941 3053 ἐφεξής
971 2969 1013 3055 τῇ
1047 2964 1131 3057 αὐτή

117 3073 209 3152 ἐκτὸς
231 3080 346 3164 γωνίᾳ.

118 3314 122 3327 ,
189 3273 230 3320 68.
250 3286 276 3334 p.

135 3505 146 3526 7
169 3438 352 3568 '223qu
371 3441 423 3514 δέ]
447 3443 559 3514 scripsi;
585 3437 712 3498 ἐκείνοοῖ
731 3443 762 3496 Ρ.
854 3449 877 3498 3.
902 3438 992 3514 αὖτή]
1018 3442 1133 3515 εοώμείς

99 3530 194 3582 αντης
234 3554 241 3568 .
