2362 3796
87 158 152 223 548
236 160 393 213 SCHOLIA
411 160 451 210 IN
469 159 746 212 ELEMENTORL'M
762 159 902 225 LIBRUM
915 158 948 211 K

87 299 214 385 κνύων,
239 297 290 368 ὅτι
312 296 334 386 ἡ
358 298 479 388 ἑκάστῃ
502 298 690 385 σύμμετρος
713 296 869 386 ὁμοειδής
891 300 985 366 ἐστιν
1008 296 1112 388 αὐτῇ,

88 408 145 474 καὶ
177 411 226 474 ἔτι
253 402 312 484 τάς
339 403 500 491 δυνάμεις
527 401 640 474 αὐτῶν
667 402 757 492 παρά
783 401 842 483 τὰς
868 401 974 490 ῥητὰς
1000 426 1113 492 παρα-

89 512 225 598 βάλλων
240 513 465 580 ένιισκέιιτεται
479 509 519 577 τὰ
534 509 640 596 πλάτη
654 515 723 578 τῶν
732 514 866 597 χωρίων
875 508 1111 598 ἀντίστροφον

89 620 205 706 ἑτέραν
220 617 321 699 ἑξάδα
339 620 381 705 τῇ
398 619 436 685 ἐν
448 620 528 709 τῷξ
545 622 716 707 κεφαλαίῳ
730 619 964 704 παραδοθείσῃ
978 618 1111 704 ταύτην

53 722 207 808 οεὺράν.

155 835 230 898 341.
268 829 380 915 Μήκει
403 855 434 916 p.
453 833 529 917 200,
546 833 581 913 4]
606 826 797 915 ἀναγκαίως
817 827 855 897 τὸ
879 829 978 915 μήκει
999 828 1110 911 πρόσ-

88 963 205 1022 κειται,
229 941 308 1021 ἐτεί,
332 935 393 1004 ἐάν
416 940 482 1004 είσι
506 937 650 1023 δυνάμει
673 935 783 1023 μόνον
806 933 1000 1021 σύμμετροι,
1026 960 1109 1026 προ-

89 1056 192 1130 χωρεῖ
213 1043 248 1109 ἐκ
273 1041 336 1110 δύο
356 1039 533 1128 ὀνομάτων
553 1039 640 1109 εἶναι
657 1038 719 1126 τὴν
736 1044 777 1130 τῇ
793 1041 964 1128 ἐκκειμένῃ
983 1043 1023 1109 έκ
1044 1042 1108 1111 δύο

89 1146 268 1235 ὀνομάτων
292 1147 483 1236 σύμμετρον
507 1147 650 1234 δυνάμει
673 1146 781 1234 μόνον
805 1147 861 1214 καὶ
884 1143 992 1231 αὐτὴν
1017 1143 1110 1216 εἶναι

39 1279 72 1326 10
91 1257 127 1323 ἐκ
150 1254 214 1323 δύο
239 1252 427 1341 ὀνομάτων,
450 1256 490 1342 τῇ
514 1252 604 1333 τάξει
628 1253 666 1321 δὲ
688 1250 732 1339 μὴ
756 1250 929 1339 εἶναιτὴν
951 1251 1075 1340 αὐτήν.

156 1365 230 1428 342.
267 1361 438 1444 Γεγονέτω
458 1357 504 1437 ὥς
525 1384 556 1445 p.
573 1362 649 1445 200,
670 1363 725 1442 13]
748 1356 858 1427 τόθεν
877 1361 985 1444 δῆλον
1002 1364 1108 1429 τοῦτο

89 1463 236 1532 δυνατὸν
260 1464 356 1548 εἶναι,
380 1460 426 1542 ὡς
446 1461 508 1548 τὴν
532 1470 597 1530 ΑΒ
619 1465 703 1546 πρὸς
724 1469 802 1549 ΓΔ,
827 1461 934 1543 οὕτως
955 1462 1021 1552 τὴν
1040 1474 1112 1535 ΑΕ

88 1569 173 1657 πρὸς
196 1568 363 1639 ἐλάσσονα
386 1572 445 1654 τῆς
467 1575 544 1649 ΓΔ;
583 1568 638 1637 διὰ
666 1573 725 1655 τῆς
747 1568 929 1638 άδννάτου.
975 1575 1064 1641 ἔστω
1087 1568 1109 1660 ἢ

89 1675 171 1764 ιιρός
198 1673 305 1762 αὐτὴν
334 1672 354 1762 ἢ
384 1673 467 1762 πρὸς
494 1675 556 1761 τὴν
583 1681 718 1762 μείζονα
743 1680 802 1762 τῆς
826 1683 901 1744 ΓΛ·
938 1677 1110 1765 ἐλέγχεται

38 1806 71 1856 15
91 1782 146 1851 διὰ
176 1781 223 1851 ιδ’
250 1786 311 1851 τοῦ
336 1782 382 1868 ε’,
417 1779 469 1850 ὅτι
497 1779 575 1851 οὔτε
601 1779 685 1870 πρὸς
712 1780 820 1869 αὐτὴν
845 1781 908 1868 τὴν
935 1789 999 1851 ΓΔ
1030 1785 1110 1855 οὔτε

88 1889 173 1977 πρὸς
196 1888 259 1974 τὴν
281 1894 417 1976 μείζονα
441 1887 552 1975 αὐτῆς.
589 1895 734 1957 λείπεται
756 1886 840 1977 τρός
862 1891 925 1975 τὴν
944 1889 1110 1961 ἐλάττονα

13 2030 17 2037 ·
88 2007 147 2082 τῆς
166 2003 239 2081 ΓΛ,
262 1999 412 2064 τουτέστι
435 1995 498 2082 τὴν
522 2002 591 2066 ΓΖ.

156 2105 230 2169 343.
268 2102 336 2168 Καὶ
359 2099 380 2188 ἡ
404 2109 465 2170 ΓΖ
488 2105 546 2188 τῆς
570 2109 637 2169 ΖΔ
663 2128 693 2188 p.
716 2105 791 2186 202,
814 2107 849 2186 4]
879 2099 935 2169 διά
959 2106 1024 2171 τοῦ
1048 2105 1110 2172 κδ’

89 2208 144 2274 καὶ
168 2207 200 2274 λ’
224 2210 285 2273 τοῦ
310 2208 334 2272 ι’
359 2214 566 2294 πορίσασθαι
589 2213 693 2276 ταῦτα
717 2208 874 2277 δυνατόν.

39 2425 74 2474 20
427 2401 484 2466 Ad
506 2425 611 2487 prop.
635 2402 768 2469 LXVII.

157 2527 231 2592 344.
263 2512 1110 2614 Ἡινωίωὴννξωῖιὴινλωω,

90 2620 1073 2720 ἡωεᾶωό,ἡνκόλξξμᾱ,ἡκκμμειῖιε.

158 2739 232 2802 345.
270 2744 337 2803 Δεῖ
357 2740 492 2822 πρῶτον
516 2735 628 2825 εὑρεῖν
655 2735 717 2823 τὴν
746 2739 782 2805 ἐκ
808 2747 875 2806 τῶν
904 2736 967 2805 δύο
991 2739 1109 2824 μέσων

92 2841 229 2929 τρεέτην
243 2841 299 2908 καὶ
314 2843 489 2929 δευτέραν·
512 2843 569 2909 καὶ
584 2835 683 2910 αὗται
698 2842 735 2911 δέ
749 2840 964 2928 εὑρίσκονται
977 2843 1038 2911 διὰ
1052 2847 1110 2932 κη’

37 2973 72 3022 25
90 2947 144 3014 καὶ
170 2947 227 3014 διά
250 2951 309 3028 κζ’·
340 2947 396 3014 καὶ
420 2945 526 3027 οὕτως
549 2953 637 3016 δίελε
660 2954 707 3028 είς
728 2948 769 3016 τὰ
793 2947 961 3036 ὀνόματα,
989 2954 1110 3036 ἔχουσι
1173 2954 1177 2963 '

92 3052 129 3121 δὲ
152 3057 189 3119 αι’
207 3053 270 3122 δύο
289 3057 386 3142 κοινῇ
407 3053 549 3140 δυνάμει
567 3053 675 3141 μόνον
694 3054 893 3142 σύμμετρον.
930 3052 1015 3123 άλλο
1036 3059 1111 3127 ἐστὶ

91 3158 201 3244 νόημα
224 3159 261 3226 τό
286 3161 395 3245 λέγειν
419 3158 537 3227 εὐθεῖα
561 3157 679 3251 εὐθείᾳ
707 3160 896 3248 σύμμετρος
922 3159 1022 3248 μήκει
1051 3165 1112 3234 καὶ

130 3337 290 3390 ·341.V³.
363 3341 423 3391 342.
443 3335 490 3390 Ψ.
563 3343 624 3392 343,
643 3357 669 3408 q.
742 3343 803 3392 344.
822 3335 870 3393 Vb.
943 3342 1006 3394 845.
1027 3342 1079 3399 V⁸.

85 3444 304 3457 fl—————

154 3508 197 3558 17.
219 3501 287 3578 τήν]
308 3503 360 3575 τῆς
379 3500 416 3558 V.
