2362 3796
236 138 393 191 senem
410 143 450 193 m
467 142 742 194 ELEMENTORUM
759 143 898 194 mmm
911 143 933 196 1.
1022 139 1083 203 191

75 281 291 365 κυλινδρωτῆς
322 280 431 360 ἕλικος
464 281 519 347 καὶ
546 284 613 347 τῶν
640 292 794 348 κωνικῶν
822 285 992 367 γραμμῶν.
1036 282 1086 349 λέ-

74 409 194 471 γομεν,
227 381 279 452 ὅτι
305 386 361 452 καὶ
388 397 458 453 τῶν
485 383 568 471 πρὸς
595 399 762 472 γραμμαῖς
788 391 933 454 τοπικῶν
960 386 1000 454 τά
1023 387 1085 473 μὲν

73 489 233 558 ἐπίπεδον
260 494 326 577 ἔχει
353 493 474 577 τόπον,
501 491 542 559 τὰ
570 491 607 559 δὲ
635 490 779 580 στερεόν.
825 490 863 558 τὸ
890 496 1007 559 τοίνυν
1034 492 1084 560 λε’

71 595 234 683 θεώρημα
247 596 386 665 τοπικόν
402 600 493 665 ἐστιν
510 598 566 665 καλ
579 601 648 666 τῶν
662 597 747 684 πρὸς
759 608 925 685 γραμμαῖς
938 608 1085 664 τοπικῶν

71 701 128 770 καλ
152 704 319 770 ἐπίπεδον.
364 701 402 770 τὸ
430 701 495 789 γάρ
524 703 646 790 μεταξὺ
674 707 743 771 πάν
771 707 839 770 τῶν
861 700 1084 788 παραλλήλων
1122 722 1140 769 ο

70 806 174 887 τόπος
201 807 270 875 ἐστὶ
296 812 366 875 τῶν
393 811 646 895 συνισταμένων
674 810 726 876 ἐπὶ
749 812 806 895 τῆς
831 807 934 894 αὔτής
957 807 1086 894 βάσεως

70 913 438 1002 παραλληλογράμμων,
461 911 482 981 ά
507 914 548 1002 δή
568 920 740 984 δείκνυσιν
761 913 779 983 ὁ
800 912 1010 1002 στοιχειωτὴς
1029 921 1086 980 ίσα

71 1019 239 1108 ἀλλήλοις.
271 1025 354 1090 ἔστω
374 1022 411 1089 δὲ
430 1021 640 1109 παράδειγμα
653 1032 722 1090 τῶν
737 1026 880 1110 στερεῶν
895 1021 1085 1108 λεγομένων

71 1130 220 1195 τοπικῶν
242 1127 472 1214 θεωρημάτων
494 1127 532 1196 τὸ
556 1140 723 1197 τοιοῦτον·
759 1128 801 1196 τὰ
829 1132 877 1207 είς
899 1126 958 1207 τὰς
980 1125 1084 1213 άσυμ·

72 1231 224 1313 πτῶτους
245 1229 301 1301 καί
324 1234 387 1322 τήν
409 1232 601 1320 ὑπερβολήν
624 1233 858 1321 έγγραφόμενα
876 1231 1084 1323 παραλληλό-
1103 1251 1138 1301 10

72 1365 210 1427 γραμμα
242 1348 298 1407 ίσα
331 1343 429 1408 ἐστίν.
475 1340 496 1426 ή
524 1341 588 1426 γάρ
616 1339 783 1429 ὑπερβολή
812 1339 926 1428 στερεά
950 1338 1083 1428 γραμμή

73 1446 179 1513 ἐστιν·
202 1444 315 1514 κῶνον
338 1445 402 1531 γάρ
426 1447 494 1513 ἐστι
518 1447 661 1533 γραμμή.
701 1446 839 1514 τοπικόν
864 1440 926 1514 οὖν
948 1458 1084 1534 πρῶτον

71 1550 236 1638 θεῶρημα
255 1549 272 1618 ὁ
294 1551 504 1638 στοιχειωτὴς
522 1551 690 1636 ἀνέγραψε
708 1551 746 1620 τὸ
760 1558 989 1638 προκείμενον.
1016 1557 1085 1618 ἔστι

73 1655 113 1725 δὲ
134 1659 235 1725 τοῦτο
258 1658 374 1726 καὶτὸ
398 1659 474 1744 περὶ
496 1662 564 1727 τῶν
587 1657 761 1743 τριγάνων
785 1659 859 1743 ἑξῆς
885 1668 953 1724 τῶν
981 1680 1085 1742 τιαρα-

41 1790 48 1797 ·
74 1761 186 1842 δόξων
218 1764 255 1830 ἐν
285 1776 357 1842 τοῖς
387 1767 563 1851 μαθήμασι
594 1764 810 1848 καλουμένων
842 1761 1084 1847 θεωρημάτων·
1106 1781 1140 1830 15

72 1867 291 1955 καταπλήττει
305 1868 369 1954 γάρ
378 1867 459 1949 τοὺς
468 1867 614 1947 πολλοὺς
627 1865 744 1951 εὐθύς,
759 1871 790 1934 εί
802 1866 840 1934 τὸ
852 1871 956 1953 μήκος
965 1874 1085 1934 πολλα-

74 1974 341 2062 πλασιαζόμενον
365 1973 427 2042 οὐκ
448 1973 585 2062 άναιρεί
606 1974 668 2060 τήν
697 1972 832 2058 ίσότητα
859 1975 927 2039 τῶν
952 1977 1085 2060 χωρίων

73 2084 132 2166 τής
151 2077 255 2165 αὔτής
272 2082 398 2165 βάσεως
417 2079 528 2166 οὔσης.
561 2083 672 2148 ἰστέον
686 2079 762 2166 γάρ,
782 2077 844 2164 ὅτι,
864 2071 934 2170 ὅσω
948 2077 1086 2158 ἀνίσους

74 2197 239 2274 ποιοῦμεν
261 2185 320 2265 τὰς
342 2191 477 2271 γωνίας,
500 2186 650 2277 τοσούτω
674 2194 802 2274 μᾶλλον
826 2189 1026 2273 έλαττοῦμεν
1044 2185 1085 2253 τά

74 2298 188 2381 χωρί.
235 2295 387 2360 ἐνταῦθα
414 2291 476 2377 μὲν
504 2284 568 2360 οὖν
591 2293 703 2380 ἐπειδή
731 2295 807 2378 περὶ
835 2291 1084 2381 εὐθυγράμμων
1104 2312 1140 2361 20

75 2394 95 2465 ὁ
119 2397 234 2483 λόγος,
261 2396 380 2465 τοπικὰ
408 2401 639 2483 παραδίδωσιν
664 2403 800 2468 ἐπίπεδα
822 2399 905 2486 πρὸς
928 2399 1084 2481 εὐθείαις.

76 2505 114 2569 έν
133 2503 169 2570 δὲ
186 2515 233 2594 τῷ
252 2507 287 2590 γ’
301 2508 419 2593 βιβλίῳ
437 2506 478 2570 τὰ
496 2505 570 2590 περὶ
589 2506 720 2575 κύκλων
739 2508 880 2575 καὶτῶν
899 2511 936 2575 έν
954 2507 1086 2587 τούτοις

78 2609 330 2694 συμπτωμάτων
356 2611 668 2697 πραγματευόμενος
694 2611 733 2679 τά
756 2610 840 2699 πρὸς
862 2619 1086 2698 περιφερείαις

75 2710 164 2798 ἡμᾶς
186 2713 379 2796 άναδιὸάξει
400 2716 527 2782 τοπικά.
563 2723 718 2784 τοιοῦτον
736 2716 801 2801 γὰρ
821 2720 857 2785 ἐν
877 2719 1015 2795 ἐκείνοις
1033 2715 1085 2783 τό·

75 2821 115 2886 αλ
136 2819 173 2885 ἐν
195 2821 241 2908 τῷ
265 2816 353 2912 αὐτῷ
376 2823 513 2907 τμήματι
537 2829 657 2907 γωνίαι
675 2829 744 2887 ίσαι
764 2818 932 2907 ἀλλήλαις,
955 2821 1010 2887 καὶ
1033 2821 1084 2888 τό·
1103 2843 1141 2893 νε

76 2926 116 2992 αί
137 2925 174 2991 έν
196 2919 378 3016 ἡμικυκλίῳ
409 2923 520 3014 ὀρθαί.
566 2926 713 3014 άπείρων
740 2924 802 3014 γάρ
832 2929 1084 3011 συνισταμένων

72 3027 159 3120 πρὸς
180 3035 220 3120 τή
243 3037 437 3122 περιφερείᾳ
459 3037 593 3118 γωνιῶν
616 3037 675 3119 τής
698 3030 800 3118 αὐτῆς
826 3031 955 3118 βάσεως
983 3029 1085 3118 οὔσης

74 3142 180 3206 πᾶσαι
205 3143 398 3206 δείκνυνται
421 3147 501 3224 ίσαι,
524 3144 582 3207 καί
603 3143 687 3205 είσιν
712 3136 860 3224 άνάλογα
884 3139 993 3205 ἐκεῖνα
1015 3152 1086 3218 τοῖς

70 3243 252 3332 τριγῶνοις
274 3245 327 3310 καλ
352 3244 708 3332 παραλληλογράμμοις
731 3258 801 3324 τοῖς
824 3244 876 3312 ἐπὶ
898 3247 957 3330 τής
984 3241 1086 3332 αὔτής

150 3411 173 3459 1.
194 3403 292 3466 ἵλυνος
311 3402 348 3471 V,
369 3419 437 3459 corr.
457 3422 494 3457 m.
512 3420 566 3459 ree.
648 3411 672 3460 4.
691 3403 822 3477 τοπικόν]
841 3400 873 3460 τὸ
892 3402 1009 3462 τοπικόν
1027 3405 1086 3477 Vq.

113 3479 156 3528 18.
176 3471 274 3545 οὔσης]
295 3491 331 3528 m.
351 3490 405 3528 rec.
424 3473 458 3545 V,
477 3491 529 3530 om.
550 3493 569 3546 q
587 3476 690 3532 lacuna
705 3475 820 3534 ῑελίολε..
