2362 3796
104 149 169 214 662
236 152 392 204 SCHOLIA
410 153 449 205 IN
467 149 741 204 ELEMENTOBUM
758 149 901 201 LIBRUM
914 150 1003 205 XIII.

104 291 169 360 δύο
197 292 373 378 τριγώνων
401 320 422 380 η
447 316 531 378 προς
558 302 604 384 τῷ
628 298 670 359 Β·
707 290 762 357 καὶ
790 289 891 378 λοιπὴ
912 290 998 381 Ιἄρα
1023 293 1048 383 ἡ
1074 292 1133 364 ὑπὸ

103 405 203 466 ΑΘΒ
226 403 326 488 λοιπῇ
350 410 390 487 πη
413 396 479 466 ὑπὸ
502 405 618 466 ΒΑΜ
638 406 693 484 ἴση
718 398 818 465 ἐστίν.
907 442 916 452 -

475 595 533 660 Ad
555 616 659 678 prop.
682 593 755 660 XII.

171 718 224 783 43.
261 719 385 804 Λῆμμα
408 720 456 795 είς
478 714 516 785 τὸ
540 714 589 802 ιβ’
613 713 776 803 θεώρημα
797 718 939 803 πρῶτον
965 717 1069 789 τόδε·

68 848 84 895 5
171 827 254 889 ἔστω
282 827 449 908 τρίγωνον
478 821 681 908 ἰσόπλευρον
708 819 747 889 τὸ
775 829 883 892 ΑΒΓ.
941 827 1058 915 λέγω,
1092 826 1138 898 ὅτι

103 930 164 994 τοῦ
188 929 264 1014 περὶ
291 925 328 997 πὸ
352 934 459 996 ΑΒΓ
483 934 651 1014 τρίγωνον
681 927 807 997 κύκλου
833 935 1078 1020 γραφομένου
1104 936 1138 1007 τὸ

103 1036 243 1121 κέντρον
263 1033 357 1114 ἐντός
376 1036 445 1102 ἐστι
463 1038 524 1102 τοῦ
538 1038 642 1101 ΑΒΓ
660 1033 838 1120 τριγώνου.
874 1034 923 1122 μὴ
947 1038 1037 1129 γάρ,
1063 1042 1136 1112 ἀλλ’

104 1142 134 1206 εί
148 1138 308 1226 δυνατόν,
327 1144 411 1208 ἔστω
425 1139 591 1228 πρότερον
606 1138 659 1208 ἐπὶ
674 1142 752 1226 μιᾶς
765 1142 834 1208 τῶν
846 1147 1024 1233 πλευρῶν
1040 1148 1082 1219 τὸ
1098 1159 1137 1234 Δ,

103 1246 157 1312 καὶ
178 1245 365 1333 ἐπεζεύχθω
384 1242 500 1332 ηἈΛ.
528 1245 598 1313 ἐπεὶ
612 1235 677 1313 οὖν

51 1372 84 1421 10
103 1349 141 1419 τὸ
158 1360 191 1418 Δ
214 1365 354 1437 σημείου
372 1351 513 1436 κέντρον
532 1349 601 1418 ἐστὶ
617 1354 678 1418 τοῦ

104 1457 179 1543 περὶ
193 1454 232 1525 τὸ
246 1464 349 1526 ΑΒΓ
362 1462 529 1545 τρίγωνον
543 1454 679 1542 κύκλου,

103 1570 158 1647 ἴση
180 1563 272 1632 ἐστὶν
290 1561 311 1649 ἡ
331 1570 402 1630 ΑΔ
419 1565 459 1651 τῇ
480 1569 556 1629 ΔΒ.
592 1561 677 1630 ὥστε

101 1669 158 1736 καὶ
180 1675 287 1754 γωνία
305 1666 326 1754 ἡ
346 1666 534 1736 ὑπὸΑΒΛ
552 1678 592 1757 τῇ
610 1665 677 1737 ὑπὸ

103 1781 207 1842 ΔΑΒ
231 1783 286 1862 ἴση
310 1777 410 1843 ἐστίν.
448 1774 621 1844 ὑπόκειται
641 1775 679 1842 δὲ

51 1901 83 1949 15
103 1878 285 1965 καῖηὑπὸ
300 1888 405 1950 ΑΒΔ
427 1887 533 1967 γωνία
552 1886 592 1970 τῇ
609 1879 677 1950 ὑπὸ
715 1915 743 1964 B

102 1992 208 2052 ΒΑΓ
226 1995 295 2072 ἴση·
326 1984 527 2075 ίσόπλευρον
550 1986 615 2074 γὰρ
638 1986 676 2055 τὸ
954 2005 995 2056 Ε

102 2098 206 2160 ΑΒΓ
215 2098 391 2180 τρίγωνον.
409 2092 465 2160 καῖ
480 2090 577 2180 ἴγὺπὸ
586 2099 683 2161 ΒΑΓ

102 2195 168 2282 ἄρα
190 2202 230 2285 τῇ
254 2196 320 2266 ὑπὸ
344 2206 450 2265 ΒΑΔ
474 2206 545 2287 ἴση,
573 2196 594 2284 ἡ
618 2204 737 2286 μείζων
760 2198 799 2286 τῇ
822 2198 1003 2268 ἐλάσσονι·
1046 2202 1127 2291 ὅπερ
1173 2200 1175 2259 ἴ

102 2301 238 2370 ἄτοπον.
285 2301 346 2370 οὐκ
370 2301 495 2390 ἄρατὸ
519 2302 902 2390 κίντροντοῦπερῖπὸ
926 2314 1043 2376 ΑΒΓ
1060 2320 1129 2398 πρί-
1173 2306 1175 2325 ⁴

49 2428 83 2479 νο
101 2430 214 2490 γωνον
238 2405 365 2474 κύκλον
388 2408 480 2475 ἐστὶν
504 2409 557 2476 ἐπὶ
575 2412 653 2493 μιᾶς
670 2412 739 2476 τῶν
757 2412 920 2496 πλευρῶν.
957 2414 1052 2500 λέγω
1075 2418 1129 2505 δή,

102 2507 153 2577 ὅτι
178 2507 259 2578 οὐδὲ
282 2511 383 2592 ἐκτός.
420 2517 452 2580 εί
473 2511 538 2599 γὰρ
561 2512 721 2599 δυνατόν,
747 2519 830 2583 ἔστω
848 2514 885 2583 τὸ
906 2523 948 2603 Ε,
971 2521 1034 2588 καὶ
1057 2524 1129 2592 ἐπε-

103 2615 297 2701 ζεύχθωσαν
316 2621 354 2685 αἴ
365 2627 397 2686 Α
403 2627 443 2707 Ε,
457 2627 529 2688 ΒΕ.
567 2620 637 2689 ἐπεὶ
661 2612 726 2688 οὖν
749 2621 851 2689 πάλιν
869 2619 907 2688 τὸ
921 2628 954 2689 Ε
976 2626 1130 2714 κέντρον

102 2722 171 2791 ἐστὶ
193 2727 253 2791 ποῖ
281 2725 357 2809 περὶ
384 2723 423 2794 τὸ
447 2730 550 2794 ΑΒΓ
572 2731 739 2812 τρίγωνον
767 2727 907 2812 κύκλου,
939 2734 998 2815 ἴση
1032 2733 1130 2802 ἐστὶν

101 2829 121 2915 ἡ
148 2837 216 2898 ΑΕ
236 2841 276 2919 τῇ
295 2838 366 2899 ΕΒ.
414 2829 497 2900 ὥστε
520 2833 575 2899 καὶ
598 2836 706 2918 γωνία
728 2860 749 2918 η
774 2829 840 2900 ὑπὸ
863 2838 964 2898 ΕΑΒ
989 2840 1035 2926 τῇ
1058 2835 1129 2908 ὑπὸ

48 2957 82 3006 25
101 2943 205 3002 ΑΒΕ
231 2939 320 3005 ἐστιν
350 2945 415 3024 ἴση.
460 2942 521 3005 καί
545 2938 613 3006 ἐστι
641 2943 760 3023 μείζων
788 2965 809 3024 η
840 2933 905 3004 ὑπὸ
930 2945 1041 3010 ΑΒΕ
1069 2949 1129 3032 τῆς

172 3119 215 3168 43.
234 3113 301 3167 PV⁰
318 3113 377 3184 (fig.
397 3129 451 3169 om.
470 3114 503 3185 P,
521 3114 717 3184 imperfectam
735 3115 800 3170 hab.
820 3114 878 3182 V⁰).

172 3276 197 3324 2.
217 3272 321 3342 ΒΑΜ]
342 3275 434 3326 ΑΒΜ
449 3272 509 3341 Vq.
575 3268 650 3326 ἐστιν
669 3273 716 3340 ἴση
735 3291 761 3342 q.
834 3278 859 3329 8.
879 3273 922 3345 Δ]
941 3281 964 3329 Α
983 3277 1018 3332 Ρ.
1086 3289 1127 3341 ηρ,

97 3337 177 3476 ἕσσϋ
196 3359 251 3400 om.
269 3341 304 3402 V.
349 3405 360 3432 ς
391 3350 434 3399 19.
457 3339 511 3397 οὐκ
531 3374 564 3384 -
583 3348 627 3428 ΒΟ.
646 3344 788 3466 πλευρῶρ)
808 3360 862 3399 om.
882 3344 916 3400 V.
1007 3355 1054 3406 20.
1077 3353 1128 3447 δή]

262 3423 306 3477 22.
328 3416 398 3492 ουν]
417 3414 527 3472 οωῦἴ.
576 3433 609 3466 πο
627 3413 745 3483 mm.
790 3458 797 3469 ,
868 3420 912 3471 23.
931 3421 1051 3488 περί..
1068 3446 1129 3496 τρι.

65 3416 201 3578 βίον]
224 3512 286 3554 om.
303 3491 346 3552 V.
419 3495 468 3546 Ἃ.
485 3487 521 3561 τῇ
539 3480 598 3541 {mh
619 3483 718 3546 Am
730 3481 834 3534 m,
