2362 3796
224 163 380 217 sorrorrr
397 164 437 215 rr
454 162 728 215 rrrrrrrrorrorr
746 164 886 216 τοίνυν
899 165 948 216 111.
1022 161 1086 226 267

439 358 494 422 Ad
516 381 619 443 prop.
643 357 731 424 XVI.

141 483 195 551 23.
232 477 344 559 Ἐκτὸς
366 492 513 550 πεσεῖται
536 484 597 548 τοῦ
619 461 746 548 κύκλου
768 505 798 566 p.
822 483 897 567 208,
920 483 955 565 9]
980 479 1088 567 ῆνουν

71 596 132 674 τῆς
154 589 277 674 κυρτῆς
298 592 524 675 περιφερείας,
555 584 596 654 ού
619 590 677 673 τῆς
699 589 820 672 κοίλης.
866 588 906 655 In
928 610 994 676 mg.
1029 589 1089 673 τῆς

63 693 137 781 μὲν
165 691 257 772 ἐκτὸς
284 698 497 781 περιφερείας
524 690 628 780 ούσης
657 692 713 761 καὶ
741 695 923 780 λεγομένης
954 696 1087 781 κυρτῆς,

72 803 133 887 τῆς
156 800 193 869 δὲ
216 798 311 880 ἐντὸς
332 806 454 887 κοίλης.
1107 820 1122 869 5

434 997 491 1062 Ad
513 1019 618 1082 prop.
640 997 727 1063 XIX.

141 1123 194 1189 24.
214 1117 481 1205 Ἀντιστρόφιον
496 1118 555 1187 ἐὰν
569 1119 695 1187 κύκλου
705 1119 893 1206 ἐφάπτηταί
902 1145 952 1198 τις
962 1114 1089 1206 εὐθεῖα,

73 1224 141 1296 ἀπὸ
166 1226 204 1294 δὲ
225 1230 284 1312 τῆς
308 1223 398 1313 ἁφῆς
419 1229 459 1314 τῆ
483 1225 695 1314 ἐφαπτομένη
722 1225 808 1311 πρὸς
833 1224 942 1313 ὀρθὰς
964 1229 1089 1312 φανίας

74 1330 194 1402 εὐθεῖα
216 1329 350 1420 γραμμὴ
375 1329 468 1411 ἐκτὸς
490 1327 580 1420 ἆχθῆ
604 1336 665 1400 τού
688 1330 824 1419 κύκλου,
851 1331 1088 1419 ἐκβαλλομένη,

74 1436 129 1525 ἐφ’
154 1435 176 1507 ἃ
204 1441 287 1527 μέρη
312 1439 403 1506 ἐστὶν
427 1435 445 1506 ὁ
467 1437 601 1520 κύκλος,
630 1438 681 1506 ἐπὶ
709 1438 741 1507 τὲ
774 1441 914 1525 κέντρον
941 1451 1088 1507 πεσεῖται
1108 1456 1163 1508 10·

71 1547 135 1614 τοῦ
157 1544 291 1615 κύκλου.

444 1671 498 1736 Ad
523 1694 629 1757 prop.
652 1670 723 1735 XX.

88 1824 91 1828 ’
141 1796 193 1862 25.
219 1788 358 1878 Ὁμοίως
381 1789 424 1879 δῆ
448 1794 599 1878 δείξομεν
623 1817 652 1878 p.
673 1794 746 1876 220,
770 1795 803 1876 8]
829 1790 959 1874 σκόπει,
982 1789 1026 1878 μῆ
1051 1809 1089 1858 σε

72 1900 225 1989 παρέλθῃ
249 1898 285 1968 τὸ
310 1899 431 1987 νόημα.

421 2096 476 2161 Ad
501 2119 604 2180 prop.
627 2094 748 2160 XXIII.
1109 2127 1141 2177 15

141 2222 193 2287 26.
203 2218 291 2302 “Apa
304 2214 368 2305 γὰρ
385 2214 438 2304 ἐφ’
453 2216 589 2303 ἑκάτερα
600 2217 682 2302 μέρη
694 2216 857 2284 δύνανται
867 2220 1089 2304 συσταθῆναι,

75 2321 113 2390 τὸ
137 2321 198 2408 μὲν
222 2325 258 2390 ἓν
283 2321 335 2390 ἐπὶ
358 2323 419 2390 τοῦ
442 2320 518 2403 ἐνὸς
540 2323 672 2411 μέρους,
695 2320 733 2389 τὸ
759 2320 795 2389 δὲ
819 2323 933 2409 ἕτερον
956 2323 1009 2391 ἐπὶ
1027 2331 1088 2403 τοῦ

76 2427 199 2514 ἑτέρου.

422 2553 477 2619 Ad
501 2576 605 2638 prop.
628 2553 750 2618 XXIV.

144 2677 195 2742 27.
228 2671 301 2742 Ἐπὶ
323 2679 382 2762 τῆς
403 2673 508 2764 αὐτῆς
530 2673 665 2754 εὐθείας
693 2673 756 2743 δύο
779 2673 930 2762 τμήματα
953 2675 1088 2744 κύκλων
1107 2693 1143 2743 20

76 2777 175 2865 ὅμοια
206 2781 261 2847 καὶ
293 2778 396 2849 ἄνισα
424 2779 695 2868 συσταθήσονται
723 2780 776 2848 ἐπὶ
810 2778 849 2848 τὰ
878 2778 963 2848 αὐτὰ
991 2781 1089 2867 μέρη·

77 2884 159 2975 ὅπερ
183 2883 362 2956 ἀδύνατον.
403 2881 503 2974 ῆκαὶ
525 2884 646 2968 ἄλλως·
683 2890 714 2955 εί
740 2885 805 2973 γὰρ
832 2883 853 2972 ῆ
877 2892 943 2953 ΑΒ
971 2883 1089 2955 εὐθεῖα

75 2993 129 3062 ἐπὶ
152 2991 215 3079 τῆν
238 2997 301 3060 ΓΛ
324 2990 507 3079 ἐφαρμόσει
534 2993 653 3060 καὶτὰ
677 2990 792 3078 λοιπά,
820 2989 943 3071 κύκλος
964 2993 1090 3061 κύκλον

74 3098 157 3168 κατὰ
182 3104 321 3167 πλείονα
343 3095 364 3186 ῆ
390 3099 451 3166 δύο
476 3111 594 3184 σημεῖα
617 3111 719 3184 τεμεῖ·
748 3095 789 3166 ού
812 3099 923 3185 τέμνει
947 3098 994 3166 δέ.

74 3229 291 3238 ------

110 3283 188 3403 2723.
209 3296 236 3346 q.
310 3281 354 3331 24.
373 3272 520 3330 Pssrvat.
536 3274 576 3345 (in
591 3275 611 3328 B
627 3278 729 3346 ouon).
802 3280 844 3332 25.
863 3273 935 3345 V⁸q.
1007 3280 1090 3332 26.·r.

147 3367 194 3404 .r.
402 3382 404 3386 »

75 3457 292 3470 ———-

149 3513 170 3561 7,
191 3504 283 3574 ιθἘ
305 3505 347 3570 εἰς
364 3501 396 3561 τὸ
414 3501 461 3561 ιθ’
482 3503 549 3562 var.
1049 3484 1118 3582 *sl
