<?xml version="1.0" encoding="UTF-8"?>
<!DOCTYPE html PUBLIC "-//W3C//DTD XHTML 1.0 Transitional//EN"
    "http://www.w3.org/TR/xhtml1/DTD/xhtml1-transitional.dtd">
<html xmlns="http://www.w3.org/1999/xhtml" xml:lang="en" lang="en">
 <head>
  <title>
</title>
<meta http-equiv="Content-Type" content="text/html;charset=utf-8" />
  <meta name='ocr-system' content='tesseract 3.04.00' />
  <meta name='ocr-capabilities' content='ocr_page ocr_carea ocr_par ocr_line ocrx_word'/>
</head>
<body>
  <div class='ocr_page' id='page_1' title='image "./euclidisoperaom02unkngoog_0833.png"; bbox 0 0 2362 3796; ppageno 0'>
   <div class='ocr_carea' id='block_1_1' title="bbox 130 151 890 217">
    <p class='ocr_par' dir='ltr' id='par_1_1' title="bbox 130 151 890 217">
     <span class='ocr_line' id='line_1_1' title="bbox 130 151 890 217; baseline -0.018 1"><span class='ocrx_word' id='word_1_1' title='bbox 130 151 194 217; x_wconf 81' lang='grc'><strong><em>716</em></strong></span> <span class='ocrx_word' id='word_1_2' title='bbox 384 154 566 206; x_wconf 58' lang='lat' dir='ltr'><strong>Amnum</strong></span> <span class='ocrx_word' id='word_1_3' title='bbox 585 152 823 204; x_wconf 77' lang='grc' dir='ltr'><strong><em>οοΗοοιοιιοΜ</em></strong></span> <span class='ocrx_word' id='word_1_4' title='bbox 840 153 890 204; x_wconf 89' lang='lat'><em>111.</em></span> 
     </span>
    </p>
   </div>
   <div class='ocr_carea' id='block_1_2' title="bbox 95 291 1146 910">
    <p class='ocr_par' dir='ltr' id='par_1_2' title="bbox 129 291 1146 699">
     <span class='ocr_line' id='line_1_2' title="bbox 129 291 1145 379; baseline -0.004 -18"><span class='ocrx_word' id='word_1_5' title='bbox 129 298 226 379; x_wconf 78' lang='grc' dir='ltr'><strong><em>τοῦγ</em></strong></span> <span class='ocrx_word' id='word_1_6' title='bbox 245 292 398 377; x_wconf 78' lang='grc' dir='ltr'><strong><em>ἐναλλάξ,</em></strong></span> <span class='ocrx_word' id='word_1_7' title='bbox 416 295 602 377; x_wconf 81' lang='grc' dir='ltr'><strong><em>τουτέστιν,</em></strong></span> <span class='ocrx_word' id='word_1_8' title='bbox 626 300 660 360; x_wconf 78' lang='grc' dir='ltr'><strong><em>εἴ</em></strong></span> <span class='ocrx_word' id='word_1_9' title='bbox 674 294 765 360; x_wconf 82' lang='grc' dir='ltr'><strong><em>ἐστιν</em></strong></span> <span class='ocrx_word' id='word_1_10' title='bbox 780 291 798 359; x_wconf 92' lang='lat'><em>6</em></span> <span class='ocrx_word' id='word_1_11' title='bbox 815 318 836 358; x_wconf 97' lang='grc' dir='ltr'><strong><em>α</em></strong></span> <span class='ocrx_word' id='word_1_12' title='bbox 853 295 916 358; x_wconf 81' lang='grc' dir='ltr'><strong><em>τοῦ</em></strong></span> <span class='ocrx_word' id='word_1_13' title='bbox 931 296 953 377; x_wconf 92' lang='grc' dir='ltr'><em>β</em></span> <span class='ocrx_word' id='word_1_14' title='bbox 975 293 1145 378; x_wconf 85' lang='grc' dir='ltr'><strong><em>ἐπίτριτος,</em></strong></span> 
     </span>
     <span class='ocr_line' id='line_1_3' title="bbox 129 394 1145 486; baseline -0.005 -19"><span class='ocrx_word' id='word_1_15' title='bbox 129 401 301 468; x_wconf 80' lang='grc' dir='ltr'><strong><em>τουτέστιν</em></strong></span> <span class='ocrx_word' id='word_1_16' title='bbox 325 405 411 486; x_wconf 79' lang='grc' dir='ltr'><strong><em>ἔχων</em></strong></span> <span class='ocrx_word' id='word_1_17' title='bbox 435 398 541 467; x_wconf 81' lang='grc' dir='ltr'><strong><em>αὐτοῦ</em></strong></span> <span class='ocrx_word' id='word_1_18' title='bbox 564 402 659 485; x_wconf 82' lang='grc' dir='ltr'><strong><em>τρίτα</em></strong></span> <span class='ocrx_word' id='word_1_19' title='bbox 681 400 841 482; x_wconf 87' lang='grc' dir='ltr'><strong><em>τέσσαρα,</em></strong></span> <span class='ocrx_word' id='word_1_20' title='bbox 868 397 926 464; x_wconf 81' lang='grc' dir='ltr'><strong><em>καὶ</em></strong></span> <span class='ocrx_word' id='word_1_21' title='bbox 950 394 970 465; x_wconf 93' lang='lat'><em>6</em></span> <span class='ocrx_word' id='word_1_22' title='bbox 995 403 1018 482; x_wconf 91' lang='lat'><em>6</em></span> <span class='ocrx_word' id='word_1_23' title='bbox 1047 402 1108 466; x_wconf 82' lang='grc' dir='ltr'><strong><em>τοῦ</em></strong></span> <span class='ocrx_word' id='word_1_24' title='bbox 1129 423 1145 462; x_wconf 91' lang='grc' dir='ltr'><strong><em>α</em></strong></span> 
     </span>
     <span class='ocr_line' id='line_1_4' title="bbox 130 502 1145 592; baseline -0.004 -18"><span class='ocrx_word' id='word_1_25' title='bbox 130 511 222 574; x_wconf 81' lang='grc' dir='ltr'><strong><em>ἔσται</em></strong></span> <span class='ocrx_word' id='word_1_26' title='bbox 244 507 383 591; x_wconf 80' lang='grc' dir='ltr'><strong><em>τέταρτα</em></strong></span> <span class='ocrx_word' id='word_1_27' title='bbox 405 511 462 591; x_wconf 90' lang='grc' dir='ltr'><strong><em>τρί</em></strong></span> <span class='ocrx_word' id='word_1_28' title='bbox 483 558 491 572; x_wconf 89' lang='grc'><strong><em>.</em></strong></span> <span class='ocrx_word' id='word_1_29' title='bbox 536 505 606 573; x_wconf 79' lang='grc' dir='ltr'><strong><em>ἐπεὶ</em></strong></span> <span class='ocrx_word' id='word_1_30' title='bbox 628 503 695 592; x_wconf 79' lang='grc' dir='ltr'><strong><em>γὰρ</em></strong></span> <span class='ocrx_word' id='word_1_31' title='bbox 719 502 737 572; x_wconf 90' lang='grc' dir='ltr'>ὁ</span> <span class='ocrx_word' id='word_1_32' title='bbox 761 532 783 572; x_wconf 91' lang='grc' dir='ltr'><strong><em>α</em></strong></span> <span class='ocrx_word' id='word_1_33' title='bbox 806 503 890 589; x_wconf 90' lang='grc' dir='ltr'><strong><em>πρὸς</em></strong></span> <span class='ocrx_word' id='word_1_34' title='bbox 912 506 976 572; x_wconf 92' lang='grc' dir='ltr'><strong><em>τὸν</em></strong></span> <span class='ocrx_word' id='word_1_35' title='bbox 999 510 1023 589; x_wconf 90' lang='grc' dir='ltr'><em>β</em></span> <span class='ocrx_word' id='word_1_36' title='bbox 1051 504 1145 590; x_wconf 75' lang='grc' dir='ltr'><strong><em>λόγον</em></strong></span> 
     </span>
     <span class='ocr_line' id='line_1_5' title="bbox 131 607 1146 699; baseline -0.004 -19"><span class='ocrx_word' id='word_1_37' title='bbox 131 617 208 699; x_wconf 78' lang='grc' dir='ltr'><strong><em>ἔχει,</em></strong></span> <span class='ocrx_word' id='word_1_38' title='bbox 231 608 274 680; x_wconf 80' lang='grc' dir='ltr'><strong><em>ὃν</em></strong></span> <span class='ocrx_word' id='word_1_39' title='bbox 296 614 441 698; x_wconf 87' lang='grc' dir='ltr'><strong><em>τέσσαρα</em></strong></span> <span class='ocrx_word' id='word_1_40' title='bbox 463 610 547 696; x_wconf 84' lang='grc' dir='ltr'><strong><em>πρὸς</em></strong></span> <span class='ocrx_word' id='word_1_41' title='bbox 568 617 661 699; x_wconf 81' lang='grc' dir='ltr'><strong><em>τρία,</em></strong></span> <span class='ocrx_word' id='word_1_42' title='bbox 683 611 740 678; x_wconf 82' lang='grc' dir='ltr'><strong><em>καὶ</em></strong></span> <span class='ocrx_word' id='word_1_43' title='bbox 764 607 782 678; x_wconf 91' lang='lat'><em>6</em></span> <span class='ocrx_word' id='word_1_44' title='bbox 805 615 827 695; x_wconf 98' lang='lat'><em>6</em></span> <span class='ocrx_word' id='word_1_45' title='bbox 849 607 915 697; x_wconf 72' lang='grc' dir='ltr'><strong><em>ἄρα</em></strong></span> <span class='ocrx_word' id='word_1_46' title='bbox 940 609 1031 694; x_wconf 87' lang='grc' dir='ltr'><strong><em>πρὸς</em></strong></span> <span class='ocrx_word' id='word_1_47' title='bbox 1054 609 1146 678; x_wconf 85' lang='grc' dir='ltr'><strong><em>τὸνα</em></strong></span> 
     </span>
    </p>

    <p class='ocr_par' dir='ltr' id='par_1_3' title="bbox 95 713 1146 910">
     <span class='ocr_line' id='line_1_6' title="bbox 95 713 1146 805; baseline -0.003 -17"><span class='ocrx_word' id='word_1_48' title='bbox 95 717 235 803; x_wconf 81' lang='grc' dir='ltr'><strong><em>ολόγον</em></strong></span> <span class='ocrx_word' id='word_1_49' title='bbox 259 719 340 802; x_wconf 76' lang='grc' dir='ltr'><strong><em>ἕξει,</em></strong></span> <span class='ocrx_word' id='word_1_50' title='bbox 368 713 409 785; x_wconf 79' lang='grc' dir='ltr'><strong><em>ὃν</em></strong></span> <span class='ocrx_word' id='word_1_51' title='bbox 432 723 508 803; x_wconf 91' lang='grc' dir='ltr'><strong><em>τρία</em></strong></span> <span class='ocrx_word' id='word_1_52' title='bbox 531 715 615 805; x_wconf 85' lang='grc' dir='ltr'><strong><em>πρὸς</em></strong></span> <span class='ocrx_word' id='word_1_53' title='bbox 637 718 796 803; x_wconf 87' lang='grc' dir='ltr'><strong><em>τέσσαρα,</em></strong></span> <span class='ocrx_word' id='word_1_54' title='bbox 824 718 881 783; x_wconf 81' lang='grc' dir='ltr'><strong><em>καὶ</em></strong></span> <span class='ocrx_word' id='word_1_55' title='bbox 904 718 961 784; x_wconf 79' lang='grc' dir='ltr'><strong><em>ἐπὶ</em></strong></span> <span class='ocrx_word' id='word_1_56' title='bbox 984 721 1060 786; x_wconf 80' lang='grc' dir='ltr'><strong><em>τῶν</em></strong></span> <span class='ocrx_word' id='word_1_57' title='bbox 1084 719 1146 803; x_wconf 76' lang='grc' dir='ltr'><strong><em>ἑξῆς</em></strong></span> 
     </span>
     <span class='ocr_line' id='line_1_7' title="bbox 132 821 507 910; baseline 0 -18"><span class='ocrx_word' id='word_1_58' title='bbox 132 827 315 910; x_wconf 87' lang='grc' dir='ltr'><strong><em>έπιμορίων</em></strong></span> <span class='ocrx_word' id='word_1_59' title='bbox 338 821 507 902; x_wconf 79' lang='grc' dir='ltr'><strong><em>ὡσαύτως.</em></strong></span> 
     </span>
    </p>
   </div>
   <div class='ocr_carea' id='block_1_3' title="bbox 80 1015 1149 3490">
    <p class='ocr_par' dir='ltr' id='par_1_4' title="bbox 80 1015 1149 3490">
     <span class='ocr_line' id='line_1_8' title="bbox 536 1015 747 1103; baseline -0.005 -19"><span class='ocrx_word' id='word_1_60' title='bbox 536 1020 679 1103; x_wconf 81' lang='grc' dir='ltr'><strong><em>Λῆμμα</em></strong></span> <span class='ocrx_word' id='word_1_61' title='bbox 699 1015 747 1083; x_wconf 77' lang='grc' dir='ltr'><strong><em>δ’.</em></strong></span> 
     </span>
     <span class='ocr_line' id='line_1_9' title="bbox 199 1139 1149 1229; baseline -0.004 -20"><span class='ocrx_word' id='word_1_62' title='bbox 199 1139 286 1210; x_wconf 76' lang='grc' dir='ltr'><strong><em>ἀλλὰ</em></strong></span> <span class='ocrx_word' id='word_1_63' title='bbox 307 1142 363 1210; x_wconf 80' lang='grc' dir='ltr'><strong><em>καὶ</em></strong></span> <span class='ocrx_word' id='word_1_64' title='bbox 387 1141 441 1208; x_wconf 78' lang='grc' dir='ltr'><strong><em>ἐπὶ</em></strong></span> <span class='ocrx_word' id='word_1_65' title='bbox 463 1145 532 1209; x_wconf 82' lang='grc' dir='ltr'><strong><em>των</em></strong></span> <span class='ocrx_word' id='word_1_66' title='bbox 551 1142 718 1228; x_wconf 81' lang='grc' dir='ltr'><strong><em>έπιμερων</em></strong></span> <span class='ocrx_word' id='word_1_67' title='bbox 737 1140 774 1209; x_wconf 90' lang='grc' dir='ltr'><strong><em>τὸ</em></strong></span> <span class='ocrx_word' id='word_1_68' title='bbox 794 1140 877 1210; x_wconf 85' lang='grc' dir='ltr'><strong><em>αὐτὸ</em></strong></span> <span class='ocrx_word' id='word_1_69' title='bbox 898 1147 1092 1229; x_wconf 79' lang='grc' dir='ltr'><strong><em>συμβαίνει.</em></strong></span> <span class='ocrx_word' id='word_1_70' title='bbox 1124 1144 1149 1207; x_wconf 82' lang='grc' dir='ltr'><strong><em>εἰ</em></strong></span> 
     </span>
     <span class='ocr_line' id='line_1_10' title="bbox 132 1235 1148 1335; baseline -0.003 -18"><span class='ocrx_word' id='word_1_71' title='bbox 132 1248 198 1335; x_wconf 78' lang='grc' dir='ltr'><strong><em>γὰρ</em></strong></span> <span class='ocrx_word' id='word_1_72' title='bbox 222 1245 241 1316; x_wconf 92' lang='lat'><em>6</em></span> <span class='ocrx_word' id='word_1_73' title='bbox 265 1275 287 1315; x_wconf 91' lang='grc' dir='ltr'><strong><em>α</em></strong></span> <span class='ocrx_word' id='word_1_74' title='bbox 309 1246 393 1335; x_wconf 84' lang='grc' dir='ltr'><strong><em>πρὸς</em></strong></span> <span class='ocrx_word' id='word_1_75' title='bbox 415 1245 477 1315; x_wconf 86' lang='grc' dir='ltr'><strong><em>τὸν</em></strong></span> <span class='ocrx_word' id='word_1_76' title='bbox 501 1252 523 1332; x_wconf 88' lang='grc' dir='ltr'><em>β</em></span> <span class='ocrx_word' id='word_1_77' title='bbox 550 1248 652 1331; x_wconf 74' lang='grc' dir='ltr'><strong><em>λόγον</em></strong></span> <span class='ocrx_word' id='word_1_78' title='bbox 676 1251 758 1333; x_wconf 77' lang='grc' dir='ltr'><strong><em>ἔχει,</em></strong></span> <span class='ocrx_word' id='word_1_79' title='bbox 787 1244 828 1315; x_wconf 82' lang='grc' dir='ltr'><strong><em>ὃν</em></strong></span> <span class='ocrx_word' id='word_1_80' title='bbox 851 1245 869 1315; x_wconf 91' lang='lat'><em>6</em></span> <span class='ocrx_word' id='word_1_81' title='bbox 895 1235 917 1330; x_wconf 74' lang='grc' dir='ltr'><strong><em>ξ</em></strong></span> <span class='ocrx_word' id='word_1_82' title='bbox 933 1247 1024 1334; x_wconf 89' lang='grc' dir='ltr'><strong><em>πρὸς</em></strong></span> <span class='ocrx_word' id='word_1_83' title='bbox 1045 1247 1105 1318; x_wconf 86' lang='grc' dir='ltr'><strong><em>τὸυ</em></strong></span> <span class='ocrx_word' id='word_1_84' title='bbox 1124 1258 1148 1330; x_wconf 74' lang='grc' dir='ltr'><strong><em>ἓ,</em></strong></span> 
     </span>
     <span class='ocr_line' id='line_1_11' title="bbox 80 1345 1149 1441; baseline -0.005 -15"><span class='ocrx_word' id='word_1_85' title='bbox 80 1378 114 1426; x_wconf 88' lang='grc'><strong><em>10</em></strong></span> <span class='ocrx_word' id='word_1_86' title='bbox 133 1355 185 1421; x_wconf 76' lang='grc' dir='ltr'><strong><em>καὶ</em></strong></span> <span class='ocrx_word' id='word_1_87' title='bbox 212 1351 230 1421; x_wconf 92' lang='lat'><em>6</em></span> <span class='ocrx_word' id='word_1_88' title='bbox 254 1358 276 1438; x_wconf 87' lang='grc' dir='ltr'><em>β</em></span> <span class='ocrx_word' id='word_1_89' title='bbox 303 1352 387 1441; x_wconf 83' lang='grc' dir='ltr'><strong><em>πρὸς</em></strong></span> <span class='ocrx_word' id='word_1_90' title='bbox 408 1353 470 1421; x_wconf 88' lang='grc' dir='ltr'><strong><em>τὸν</em></strong></span> <span class='ocrx_word' id='word_1_91' title='bbox 493 1379 515 1419; x_wconf 91' lang='grc' dir='ltr'><strong><em>α</em></strong></span> <span class='ocrx_word' id='word_1_92' title='bbox 540 1351 646 1438; x_wconf 81' lang='grc' dir='ltr'><strong><em>λόγον</em></strong></span> <span class='ocrx_word' id='word_1_93' title='bbox 674 1355 755 1436; x_wconf 77' lang='grc' dir='ltr'><strong><em>ἕξει,</em></strong></span> <span class='ocrx_word' id='word_1_94' title='bbox 783 1349 824 1421; x_wconf 84' lang='grc' dir='ltr'><strong><em>ὃν</em></strong></span> <span class='ocrx_word' id='word_1_95' title='bbox 853 1351 870 1421; x_wconf 89' lang='lat'><em>6</em></span> <span class='ocrx_word' id='word_1_96' title='bbox 896 1366 914 1422; x_wconf 73' lang='grc' dir='ltr'><strong>ἓ</strong></span> <span class='ocrx_word' id='word_1_97' title='bbox 942 1354 1034 1441; x_wconf 88' lang='grc' dir='ltr'><strong><em>πρὸς</em></strong></span> <span class='ocrx_word' id='word_1_98' title='bbox 1059 1345 1149 1432; x_wconf 70' lang='grc' dir='ltr'><strong><em>τὸνξ</em></strong></span> 
     </span>
     <span class='ocr_line' id='line_1_12' title="bbox 134 1457 1146 1546; baseline 0 -20"><span class='ocrx_word' id='word_1_99' title='bbox 134 1459 292 1543; x_wconf 77' lang='grc' dir='ltr'><strong><em>ἐναλλάξ,</em></strong></span> <span class='ocrx_word' id='word_1_100' title='bbox 317 1460 489 1527; x_wconf 88' lang='grc' dir='ltr'><strong><em>τουτέστιν</em></strong></span> <span class='ocrx_word' id='word_1_101' title='bbox 512 1457 588 1527; x_wconf 83' lang='grc' dir='ltr'><strong><em>ἀντὶ</em></strong></span> <span class='ocrx_word' id='word_1_102' title='bbox 609 1463 671 1526; x_wconf 81' lang='grc' dir='ltr'><strong><em>τοῦ</em></strong></span> <span class='ocrx_word' id='word_1_103' title='bbox 697 1460 929 1546; x_wconf 87' lang='grc' dir='ltr'><strong><em>έπταπέμπτου</em></strong></span> <span class='ocrx_word' id='word_1_104' title='bbox 953 1461 1018 1529; x_wconf 91' lang='grc' dir='ltr'><strong><em>τὸν</em></strong></span> <span class='ocrx_word' id='word_1_105' title='bbox 1041 1487 1146 1529; x_wconf 83' lang='grc' dir='ltr'><strong><em>πεντα-</em></strong></span> 
     </span>
     <span class='ocr_line' id='line_1_13' title="bbox 134 1552 1144 1651; baseline 0 -19"><span class='ocrx_word' id='word_1_106' title='bbox 134 1567 297 1651; x_wconf 75' lang='grc' dir='ltr'><strong><em>έβδομον,</em></strong></span> <span class='ocrx_word' id='word_1_107' title='bbox 329 1552 385 1632; x_wconf 80' lang='grc' dir='ltr'><strong><em>καὶ</em></strong></span> <span class='ocrx_word' id='word_1_108' title='bbox 413 1565 467 1632; x_wconf 77' lang='grc' dir='ltr'><strong><em>ἐπὶ</em></strong></span> <span class='ocrx_word' id='word_1_109' title='bbox 495 1568 562 1633; x_wconf 78' lang='grc' dir='ltr'><strong><em>τῶν</em></strong></span> <span class='ocrx_word' id='word_1_110' title='bbox 586 1563 699 1632; x_wconf 78' lang='grc' dir='ltr'><strong><em>ἄλλων</em></strong></span> <span class='ocrx_word' id='word_1_111' title='bbox 726 1562 896 1645; x_wconf 79' lang='grc' dir='ltr'><strong><em>ὡσαύτως.</em></strong></span> <span class='ocrx_word' id='word_1_112' title='bbox 942 1566 987 1635; x_wconf 85' lang='grc' dir='ltr'><strong><em>τὰ</em></strong></span> <span class='ocrx_word' id='word_1_113' title='bbox 1012 1566 1045 1634; x_wconf 77' lang='grc' dir='ltr'><strong><em>δ’</em></strong></span> <span class='ocrx_word' id='word_1_114' title='bbox 1074 1564 1144 1634; x_wconf 80' lang='grc' dir='ltr'><strong><em>αὐτὰ</em></strong></span> 
     </span>
     <span class='ocr_line' id='line_1_14' title="bbox 133 1666 1143 1756; baseline -0.001 -18"><span class='ocrx_word' id='word_1_115' title='bbox 133 1684 228 1739; x_wconf 82' lang='grc' dir='ltr'><strong><em>υοεῑυ</em></strong></span> <span class='ocrx_word' id='word_1_116' title='bbox 251 1674 305 1738; x_wconf 76' lang='grc' dir='ltr'><strong><em>δεῖ</em></strong></span> <span class='ocrx_word' id='word_1_117' title='bbox 329 1670 385 1737; x_wconf 80' lang='grc' dir='ltr'><strong><em>καὶ</em></strong></span> <span class='ocrx_word' id='word_1_118' title='bbox 413 1671 467 1737; x_wconf 80' lang='grc' dir='ltr'><strong><em>ἐπὶ</em></strong></span> <span class='ocrx_word' id='word_1_119' title='bbox 494 1674 562 1738; x_wconf 76' lang='grc' dir='ltr'><strong><em>τῶν</em></strong></span> <span class='ocrx_word' id='word_1_120' title='bbox 590 1670 767 1738; x_wconf 80' lang='grc' dir='ltr'><strong><em>συνθέτων</em></strong></span> <span class='ocrx_word' id='word_1_121' title='bbox 795 1672 906 1756; x_wconf 80' lang='grc' dir='ltr'><strong><em>λόγων</em></strong></span> <span class='ocrx_word' id='word_1_122' title='bbox 931 1666 1012 1740; x_wconf 87' lang='grc' dir='ltr'><strong><em>οἷον</em></strong></span> <span class='ocrx_word' id='word_1_123' title='bbox 1037 1680 1143 1741; x_wconf 76' lang='grc' dir='ltr'><strong><em>πολλα·</em></strong></span> 
     </span>
     <span class='ocr_line' id='line_1_15' title="bbox 133 1776 1143 1867; baseline -0.004 -22"><span class='ocrx_word' id='word_1_124' title='bbox 133 1781 419 1862; x_wconf 80' lang='grc' dir='ltr'><strong><em>πλασιεπιμορίωυ</em></strong></span> <span class='ocrx_word' id='word_1_125' title='bbox 438 1776 494 1842; x_wconf 79' lang='grc' dir='ltr'><strong><em>καὶ</em></strong></span> <span class='ocrx_word' id='word_1_126' title='bbox 512 1779 898 1862; x_wconf 77' lang='grc' dir='ltr'><strong><em>πολλαπλασιεπιμερωυ.</em></strong></span> <span class='ocrx_word' id='word_1_127' title='bbox 932 1782 967 1844; x_wconf 82' lang='grc' dir='ltr'><strong><em>εί</em></strong></span> <span class='ocrx_word' id='word_1_128' title='bbox 982 1778 1055 1867; x_wconf 80' lang='grc' dir='ltr'><strong><em>μὰρ</em></strong></span> <span class='ocrx_word' id='word_1_129' title='bbox 1071 1785 1143 1848; x_wconf 80' lang='grc' dir='ltr'><strong><em>ἔσται</em></strong></span> 
     </span>
     <span class='ocr_line' id='line_1_16' title="bbox 82 1879 1142 1972; baseline -0.006 -17"><span class='ocrx_word' id='word_1_130' title='bbox 82 1905 115 1955; x_wconf 84' lang='lat'><strong><em>15</em></strong></span> <span class='ocrx_word' id='word_1_131' title='bbox 134 1882 237 1970; x_wconf 87' lang='grc' dir='ltr'><strong><em>τυχὸν</em></strong></span> <span class='ocrx_word' id='word_1_132' title='bbox 253 1879 271 1949; x_wconf 89' lang='lat'><em>6</em></span> <span class='ocrx_word' id='word_1_133' title='bbox 287 1908 308 1947; x_wconf 94' lang='grc' dir='ltr'><strong><em>α</em></strong></span> <span class='ocrx_word' id='word_1_134' title='bbox 326 1893 387 1951; x_wconf 88' lang='grc' dir='ltr'><strong><em>τοῦ</em></strong></span> <span class='ocrx_word' id='word_1_135' title='bbox 402 1889 424 1967; x_wconf 90' lang='grc' dir='ltr'><em>β</em></span> <span class='ocrx_word' id='word_1_136' title='bbox 444 1886 756 1968; x_wconf 75' lang='grc' dir='ltr'><strong><em>διπλασιεπίτριτος,</em></strong></span> <span class='ocrx_word' id='word_1_137' title='bbox 774 1883 926 1949; x_wconf 86' lang='grc' dir='ltr'><strong><em>τουτέστι</em></strong></span> <span class='ocrx_word' id='word_1_138' title='bbox 941 1883 1056 1970; x_wconf 77' lang='grc' dir='ltr'><strong><em>λόγον</em></strong></span> <span class='ocrx_word' id='word_1_139' title='bbox 1076 1891 1142 1972; x_wconf 77' lang='grc' dir='ltr'><strong><em>ἔχων</em></strong></span> 
     </span>
     <span class='ocr_line' id='line_1_17' title="bbox 135 1977 1142 2078; baseline -0.001 -22"><span class='ocrx_word' id='word_1_140' title='bbox 135 1988 220 2076; x_wconf 86' lang='grc' dir='ltr'><strong><em>πρὸς</em></strong></span> <span class='ocrx_word' id='word_1_141' title='bbox 241 1986 302 2056; x_wconf 88' lang='grc' dir='ltr'><strong><em>τὸν</em></strong></span> <span class='ocrx_word' id='word_1_142' title='bbox 322 1993 355 2074; x_wconf 90' lang='grc' dir='ltr'><strong><em>β,</em></strong></span> <span class='ocrx_word' id='word_1_143' title='bbox 379 1983 420 2055; x_wconf 81' lang='grc' dir='ltr'><strong><em>ὃν</em></strong></span> <span class='ocrx_word' id='word_1_144' title='bbox 445 1985 463 2055; x_wconf 90' lang='lat'><em>6</em></span> <span class='ocrx_word' id='word_1_145' title='bbox 487 1977 608 2075; x_wconf 74' lang='grc' dir='ltr'><strong><em>ξπρὸς</em></strong></span> <span class='ocrx_word' id='word_1_146' title='bbox 629 1984 689 2055; x_wconf 89' lang='grc' dir='ltr'><strong><em>τὸν</em></strong></span> <span class='ocrx_word' id='word_1_147' title='bbox 707 1992 739 2074; x_wconf 67' lang='grc' dir='ltr'><strong><em>ᾦ,</em></strong></span> <span class='ocrx_word' id='word_1_148' title='bbox 762 1989 935 2056; x_wconf 87' lang='grc' dir='ltr'><strong><em>τουτέστιν</em></strong></span> <span class='ocrx_word' id='word_1_149' title='bbox 959 1990 1142 2078; x_wconf 78' lang='grc' dir='ltr'><strong><em>έπτοίτριτος</em></strong></span> 
     </span>
     <span class='ocr_line' id='line_1_18' title="bbox 135 2091 1142 2184; baseline 0.002 -21"><span class='ocrx_word' id='word_1_150' title='bbox 135 2093 253 2179; x_wconf 82' lang='grc' dir='ltr'><strong><em>αὐτοῦ,</em></strong></span> <span class='ocrx_word' id='word_1_151' title='bbox 277 2099 370 2162; x_wconf 85' lang='grc' dir='ltr'><strong><em>ἔσται</em></strong></span> <span class='ocrx_word' id='word_1_152' title='bbox 387 2095 443 2160; x_wconf 83' lang='grc' dir='ltr'><strong><em>καὶ</em></strong></span> <span class='ocrx_word' id='word_1_153' title='bbox 463 2091 481 2161; x_wconf 89' lang='lat'><em>6</em></span> <span class='ocrx_word' id='word_1_154' title='bbox 500 2099 522 2179; x_wconf 88' lang='grc' dir='ltr'><em>β</em></span> <span class='ocrx_word' id='word_1_155' title='bbox 540 2098 601 2161; x_wconf 81' lang='grc' dir='ltr'><strong><em>τοῦ</em></strong></span> <span class='ocrx_word' id='word_1_156' title='bbox 615 2120 637 2161; x_wconf 93' lang='grc' dir='ltr'><strong><em>α</em></strong></span> <span class='ocrx_word' id='word_1_157' title='bbox 654 2092 1045 2184; x_wconf 76' lang='grc' dir='ltr'><strong><em>ὑποδιπλασιεπίτριτος,</em></strong></span> <span class='ocrx_word' id='word_1_158' title='bbox 1069 2120 1142 2165; x_wconf 74' lang='grc' dir='ltr'><strong><em>τουι·</em></strong></span> 
     </span>
     <span class='ocr_line' id='line_1_19' title="bbox 136 2188 1142 2288; baseline 0.005 -20"><span class='ocrx_word' id='word_1_159' title='bbox 136 2203 206 2268; x_wconf 91' lang='grc' dir='ltr'><strong><em>έστι</em></strong></span> <span class='ocrx_word' id='word_1_160' title='bbox 239 2198 343 2285; x_wconf 79' lang='grc' dir='ltr'><strong><em>λόγον</em></strong></span> <span class='ocrx_word' id='word_1_161' title='bbox 376 2203 462 2285; x_wconf 80' lang='grc' dir='ltr'><strong><em>ἔχων</em></strong></span> <span class='ocrx_word' id='word_1_162' title='bbox 494 2197 577 2288; x_wconf 86' lang='grc' dir='ltr'><strong><em>πρὸς</em></strong></span> <span class='ocrx_word' id='word_1_163' title='bbox 609 2196 729 2282; x_wconf 82' lang='grc' dir='ltr'><strong><em>αὐτόν,</em></strong></span> <span class='ocrx_word' id='word_1_164' title='bbox 767 2193 807 2266; x_wconf 80' lang='grc' dir='ltr'><strong><em>ὃν</em></strong></span> <span class='ocrx_word' id='word_1_165' title='bbox 836 2195 854 2265; x_wconf 88' lang='lat'><em>6</em></span> <span class='ocrx_word' id='word_1_166' title='bbox 883 2204 905 2284; x_wconf 68' lang='grc' dir='ltr'><strong><em>μ</em></strong></span> <span class='ocrx_word' id='word_1_167' title='bbox 932 2201 1024 2288; x_wconf 86' lang='grc' dir='ltr'><strong><em>πρὸς</em></strong></span> <span class='ocrx_word' id='word_1_168' title='bbox 1051 2188 1142 2280; x_wconf 58' lang='grc' dir='ltr'><strong><em>τὸνβ</em></strong></span> 
     </span>
     <span class='ocr_line' id='line_1_20' title="bbox 135 2301 1142 2389; baseline 0.002 -15"><span class='ocrx_word' id='word_1_169' title='bbox 135 2307 285 2375; x_wconf 89' lang='grc' dir='ltr'><strong><em>τουτέστι</em></strong></span> <span class='ocrx_word' id='word_1_170' title='bbox 307 2305 514 2389; x_wconf 77' lang='grc' dir='ltr'><strong><em>τριέβὸομος.</em></strong></span> <span class='ocrx_word' id='word_1_171' title='bbox 550 2304 588 2372; x_wconf 90' lang='grc' dir='ltr'><strong><em>τὸ</em></strong></span> <span class='ocrx_word' id='word_1_172' title='bbox 612 2304 642 2370; x_wconf 79' lang='grc' dir='ltr'><strong><em>δ’</em></strong></span> <span class='ocrx_word' id='word_1_173' title='bbox 666 2301 748 2370; x_wconf 86' lang='grc' dir='ltr'><strong><em>αὐτὸ</em></strong></span> <span class='ocrx_word' id='word_1_174' title='bbox 772 2304 914 2389; x_wconf 85' lang='grc' dir='ltr'><strong><em>νοητέον</em></strong></span> <span class='ocrx_word' id='word_1_175' title='bbox 937 2308 1000 2375; x_wconf 82' lang='grc' dir='ltr'><strong><em>καὶ</em></strong></span> <span class='ocrx_word' id='word_1_176' title='bbox 1021 2311 1142 2378; x_wconf 73' lang='grc' dir='ltr'><strong><em>ἐπὶτῶν</em></strong></span> 
     </span>
     <span class='ocr_line' id='line_1_21' title="bbox 82 2407 1142 2496; baseline 0 -18"><span class='ocrx_word' id='word_1_177' title='bbox 82 2437 117 2485; x_wconf 80' lang='lat'><strong><em>20</em></strong></span> <span class='ocrx_word' id='word_1_178' title='bbox 135 2413 519 2494; x_wconf 77' lang='grc' dir='ltr'><strong><em>πολλαπλασιοπιμερῶν.</em></strong></span> <span class='ocrx_word' id='word_1_179' title='bbox 570 2413 602 2476; x_wconf 85' lang='grc' dir='ltr'><strong><em>εί</em></strong></span> <span class='ocrx_word' id='word_1_180' title='bbox 628 2407 692 2496; x_wconf 77' lang='grc' dir='ltr'><strong><em>γὰρ</em></strong></span> <span class='ocrx_word' id='word_1_181' title='bbox 721 2408 739 2477; x_wconf 89' lang='grc' dir='ltr'>ὁ</span> <span class='ocrx_word' id='word_1_182' title='bbox 765 2437 785 2476; x_wconf 94' lang='grc' dir='ltr'><strong><em>α</em></strong></span> <span class='ocrx_word' id='word_1_183' title='bbox 812 2413 872 2476; x_wconf 81' lang='grc' dir='ltr'><strong><em>τοῦ</em></strong></span> <span class='ocrx_word' id='word_1_184' title='bbox 896 2416 918 2494; x_wconf 92' lang='grc' dir='ltr'><em>β</em></span> <span class='ocrx_word' id='word_1_185' title='bbox 948 2416 1142 2484; x_wconf 80' lang='grc' dir='ltr'><strong><em>διπλασιετι·</em></strong></span> 
     </span>
     <span class='ocr_line' id='line_1_22' title="bbox 135 2514 1142 2607; baseline -0.001 -24"><span class='ocrx_word' id='word_1_186' title='bbox 135 2521 334 2602; x_wconf 85' lang='grc' dir='ltr'><strong><em>τρίπεμπτος</em></strong></span> <span class='ocrx_word' id='word_1_187' title='bbox 356 2523 424 2601; x_wconf 78' lang='grc' dir='ltr'><strong><em>τίη,</em></strong></span> <span class='ocrx_word' id='word_1_188' title='bbox 449 2516 600 2582; x_wconf 89' lang='grc' dir='ltr'><strong><em>τουτέστι</em></strong></span> <span class='ocrx_word' id='word_1_189' title='bbox 623 2514 728 2601; x_wconf 82' lang='grc' dir='ltr'><strong><em>λόγον</em></strong></span> <span class='ocrx_word' id='word_1_190' title='bbox 752 2520 836 2601; x_wconf 79' lang='grc' dir='ltr'><strong><em>έχων</em></strong></span> <span class='ocrx_word' id='word_1_191' title='bbox 858 2519 944 2603; x_wconf 87' lang='grc' dir='ltr'><strong><em>πρὸς</em></strong></span> <span class='ocrx_word' id='word_1_192' title='bbox 969 2519 1098 2607; x_wconf 80' lang='grc' dir='ltr'><strong><em>αὐτόν,</em></strong></span> <span class='ocrx_word' id='word_1_193' title='bbox 1117 2516 1142 2587; x_wconf 80' lang='grc' dir='ltr'><strong><em>δι</em></strong></span> 
     </span>
     <span class='ocr_line' id='line_1_23' title="bbox 136 2619 1140 2714; baseline -0.001 -25"><span class='ocrx_word' id='word_1_194' title='bbox 136 2619 154 2689; x_wconf 89' lang='grc' dir='ltr'>ὁ</span> <span class='ocrx_word' id='word_1_195' title='bbox 180 2626 213 2708; x_wconf 67' lang='grc' dir='ltr'><strong><em>ι’ςῖ</em></strong></span> <span class='ocrx_word' id='word_1_196' title='bbox 235 2619 318 2707; x_wconf 88' lang='grc' dir='ltr'><strong><em>πρὸς</em></strong></span> <span class='ocrx_word' id='word_1_197' title='bbox 339 2619 400 2689; x_wconf 91' lang='grc' dir='ltr'><strong><em>τὸν</em></strong></span> <span class='ocrx_word' id='word_1_198' title='bbox 422 2633 456 2706; x_wconf 74' lang='grc' dir='ltr'><strong><em>ἓ,</em></strong></span> <span class='ocrx_word' id='word_1_199' title='bbox 482 2621 634 2690; x_wconf 84' lang='grc' dir='ltr'><strong><em>τουτέστι</em></strong></span> <span class='ocrx_word' id='word_1_200' title='bbox 655 2623 1041 2714; x_wconf 73' lang='grc' dir='ltr'><strong><em>τρισκαιδεκαπέμπτος,</em></strong></span> <span class='ocrx_word' id='word_1_201' title='bbox 1072 2633 1140 2698; x_wconf 86' lang='grc' dir='ltr'><strong><em>έστα</em></strong></span> 
     </span>
     <span class='ocr_line' id='line_1_24' title="bbox 136 2725 1138 2814; baseline 0.005 -19"><span class='ocrx_word' id='word_1_202' title='bbox 136 2728 191 2795; x_wconf 80' lang='grc' dir='ltr'><strong><em>καὶ</em></strong></span> <span class='ocrx_word' id='word_1_203' title='bbox 210 2725 227 2795; x_wconf 90' lang='lat'><em>6</em></span> <span class='ocrx_word' id='word_1_204' title='bbox 243 2733 264 2814; x_wconf 94' lang='grc' dir='ltr'><em>β</em></span> <span class='ocrx_word' id='word_1_205' title='bbox 283 2731 345 2796; x_wconf 83' lang='grc' dir='ltr'><strong><em>τοῦ</em></strong></span> <span class='ocrx_word' id='word_1_206' title='bbox 359 2753 381 2794; x_wconf 93' lang='grc' dir='ltr'><strong><em>α</em></strong></span> <span class='ocrx_word' id='word_1_207' title='bbox 398 2730 782 2813; x_wconf 79' lang='grc' dir='ltr'><strong><em>πευτατρισκαιὸέκατος,</em></strong></span> <span class='ocrx_word' id='word_1_208' title='bbox 801 2727 855 2795; x_wconf 80' lang='grc' dir='ltr'><strong><em>καὶ</em></strong></span> <span class='ocrx_word' id='word_1_209' title='bbox 875 2727 915 2795; x_wconf 77' lang='grc' dir='ltr'><strong><em>τὰ</em></strong></span> <span class='ocrx_word' id='word_1_210' title='bbox 936 2727 1030 2801; x_wconf 73' lang='grc' dir='ltr'><strong><em>ἄλλα</em></strong></span> <span class='ocrx_word' id='word_1_211' title='bbox 1046 2736 1138 2809; x_wconf 70' lang='grc' dir='ltr'><strong><em>οὕτος</em></strong></span> 
     </span>
     <span class='ocr_line' id='line_1_25' title="bbox 203 2832 1118 2928; baseline 0.008 -26"><span class='ocrx_word' id='word_1_212' title='bbox 203 2832 333 2903; x_wconf 85' lang='grc' dir='ltr'><strong><em>τούτων</em></strong></span> <span class='ocrx_word' id='word_1_213' title='bbox 366 2832 404 2902; x_wconf 68' lang='grc' dir='ltr'><strong><em>δὲ</em></strong></span> <span class='ocrx_word' id='word_1_214' title='bbox 435 2833 752 2922; x_wconf 72' lang='grc' dir='ltr'><strong><em>προθεωρηβέντων</em></strong></span> <span class='ocrx_word' id='word_1_215' title='bbox 779 2838 861 2901; x_wconf 87' lang='grc' dir='ltr'><strong><em>έστω</em></strong></span> <span class='ocrx_word' id='word_1_216' title='bbox 891 2834 931 2902; x_wconf 89' lang='grc' dir='ltr'><strong><em>τὸ</em></strong></span> <span class='ocrx_word' id='word_1_217' title='bbox 957 2865 980 2904; x_wconf 96' lang='grc' dir='ltr'><strong><em>α</em></strong></span> <span class='ocrx_word' id='word_1_218' title='bbox 1016 2843 1118 2928; x_wconf 76' lang='grc' dir='ltr'><strong><em>μέγεθ</em></strong></span> 
     </span>
     <span class='ocr_line' id='line_1_26' title="bbox 84 2931 1134 3029; baseline 0.01 -23"><span class='ocrx_word' id='word_1_219' title='bbox 84 2966 118 3014; x_wconf 81' lang='lat'><strong><em>25</em></strong></span> <span class='ocrx_word' id='word_1_220' title='bbox 137 2939 222 3025; x_wconf 87' lang='grc' dir='ltr'><strong><em>πρὸς</em></strong></span> <span class='ocrx_word' id='word_1_221' title='bbox 243 2939 281 3007; x_wconf 89' lang='grc' dir='ltr'><strong><em>τὸ</em></strong></span> <span class='ocrx_word' id='word_1_222' title='bbox 301 2946 322 3026; x_wconf 91' lang='grc' dir='ltr'><em>β</em></span> <span class='ocrx_word' id='word_1_223' title='bbox 345 2939 449 3026; x_wconf 78' lang='grc' dir='ltr'><strong><em>λόγον</em></strong></span> <span class='ocrx_word' id='word_1_224' title='bbox 473 2945 561 3027; x_wconf 86' lang='grc' dir='ltr'><strong><em>έχον,</em></strong></span> <span class='ocrx_word' id='word_1_225' title='bbox 585 2931 628 3007; x_wconf 79' lang='grc' dir='ltr'><strong><em>οὗ</em></strong></span> <span class='ocrx_word' id='word_1_226' title='bbox 647 2939 752 3026; x_wconf 80' lang='grc' dir='ltr'><strong><em>λόγου</em></strong></span> <span class='ocrx_word' id='word_1_227' title='bbox 767 2939 948 3026; x_wconf 79' lang='grc' dir='ltr'><strong><em>πηλικότης</em></strong></span> <span class='ocrx_word' id='word_1_228' title='bbox 968 2949 1061 3015; x_wconf 81' lang='grc' dir='ltr'><strong><em>ἔστω</em></strong></span> <span class='ocrx_word' id='word_1_229' title='bbox 1079 2948 1134 3029; x_wconf 70' lang='grc' dir='ltr'><strong><em>τὸμ</em></strong></span> 
     </span>
     <span class='ocr_line' id='line_1_27' title="bbox 137 3043 1131 3134; baseline 0.002 -22"><span class='ocrx_word' id='word_1_230' title='bbox 137 3046 192 3112; x_wconf 75' lang='grc' dir='ltr'><strong><em>καὶ</em></strong></span> <span class='ocrx_word' id='word_1_231' title='bbox 217 3045 339 3133; x_wconf 80' lang='grc' dir='ltr'><strong><em>μεταξὺ</em></strong></span> <span class='ocrx_word' id='word_1_232' title='bbox 361 3049 430 3114; x_wconf 74' lang='grc' dir='ltr'><strong><em>τῶν</em></strong></span> <span class='ocrx_word' id='word_1_233' title='bbox 454 3050 526 3131; x_wconf 86' lang='grc' dir='ltr'><strong><em>α,β</em></strong></span> <span class='ocrx_word' id='word_1_234' title='bbox 555 3047 736 3132; x_wconf 79' lang='grc' dir='ltr'><strong><em>ἐμπιπτέτω</em></strong></span> <span class='ocrx_word' id='word_1_235' title='bbox 764 3043 867 3132; x_wconf 84' lang='grc' dir='ltr'><strong><em>τυχὸν</em></strong></span> <span class='ocrx_word' id='word_1_236' title='bbox 893 3049 1049 3134; x_wconf 77' lang='grc' dir='ltr'><strong><em>μέγεθος</em></strong></span> <span class='ocrx_word' id='word_1_237' title='bbox 1071 3052 1131 3122; x_wconf 77' lang='grc' dir='ltr'><strong><em>τὸί</em></strong></span> 
     </span>
     <span class='ocr_line' id='line_1_28' title="bbox 138 3150 1103 3241; baseline 0.011 -23"><span class='ocrx_word' id='word_1_238' title='bbox 138 3154 239 3238; x_wconf 79' lang='grc' dir='ltr'><strong><em>λέγω,</em></strong></span> <span class='ocrx_word' id='word_1_239' title='bbox 268 3150 319 3220; x_wconf 83' lang='grc' dir='ltr'><strong><em>ὅτι</em></strong></span> <span class='ocrx_word' id='word_1_240' title='bbox 347 3150 366 3220; x_wconf 91' lang='lat'><em>6</em></span> <span class='ocrx_word' id='word_1_241' title='bbox 389 3155 450 3219; x_wconf 82' lang='grc' dir='ltr'><strong><em>τοῦ</em></strong></span> <span class='ocrx_word' id='word_1_242' title='bbox 473 3178 494 3219; x_wconf 94' lang='grc' dir='ltr'><strong><em>α</em></strong></span> <span class='ocrx_word' id='word_1_243' title='bbox 522 3174 608 3237; x_wconf 86' lang='grc' dir='ltr'><strong><em>προς</em></strong></span> <span class='ocrx_word' id='word_1_244' title='bbox 628 3150 666 3220; x_wconf 87' lang='grc' dir='ltr'><strong><em>τὸ</em></strong></span> <span class='ocrx_word' id='word_1_245' title='bbox 691 3157 712 3238; x_wconf 95' lang='grc' dir='ltr'><em>β</em></span> <span class='ocrx_word' id='word_1_246' title='bbox 741 3150 841 3237; x_wconf 79' lang='grc' dir='ltr'><strong><em>λόγος</em></strong></span> <span class='ocrx_word' id='word_1_247' title='bbox 864 3157 1041 3241; x_wconf 81' lang='grc' dir='ltr'><strong><em>συνῆπται</em></strong></span> <span class='ocrx_word' id='word_1_248' title='bbox 1072 3165 1103 3228; x_wconf 75' lang='grc' dir='ltr'><strong><em>ἔκ</em></strong></span> 
     </span>
     <span class='ocr_line' id='line_1_29' title="bbox 137 3255 1120 3354; baseline -0.004 -20"><span class='ocrx_word' id='word_1_249' title='bbox 137 3265 215 3354; x_wconf 77' lang='grc' dir='ltr'><strong><em>τοῦ,</em></strong></span> <span class='ocrx_word' id='word_1_250' title='bbox 239 3255 279 3332; x_wconf 75' lang='grc' dir='ltr'><strong><em>ὃν</em></strong></span> <span class='ocrx_word' id='word_1_251' title='bbox 305 3263 370 3350; x_wconf 59' lang='grc' dir='ltr'><strong><em>ἔχει</em></strong></span> <span class='ocrx_word' id='word_1_252' title='bbox 390 3257 427 3327; x_wconf 81' lang='grc' dir='ltr'><strong><em>τὸ</em></strong></span> <span class='ocrx_word' id='word_1_253' title='bbox 447 3284 468 3325; x_wconf 93' lang='grc' dir='ltr'><strong><em>α</em></strong></span> <span class='ocrx_word' id='word_1_254' title='bbox 491 3259 576 3346; x_wconf 88' lang='grc' dir='ltr'><strong><em>πρὸς</em></strong></span> <span class='ocrx_word' id='word_1_255' title='bbox 597 3255 635 3326; x_wconf 88' lang='grc' dir='ltr'><strong><em>τὸ</em></strong></span> <span class='ocrx_word' id='word_1_256' title='bbox 656 3262 677 3325; x_wconf 79' lang='lat'><em>6</em></span> <span class='ocrx_word' id='word_1_257' title='bbox 699 3257 755 3326; x_wconf 80' lang='grc' dir='ltr'><strong><em>καὶ</em></strong></span> <span class='ocrx_word' id='word_1_258' title='bbox 773 3256 811 3326; x_wconf 89' lang='grc' dir='ltr'><strong><em>τὸ</em></strong></span> <span class='ocrx_word' id='word_1_259' title='bbox 832 3261 852 3324; x_wconf 79' lang='grc' dir='ltr'><em>ὃ</em></span> <span class='ocrx_word' id='word_1_260' title='bbox 874 3256 960 3346; x_wconf 85' lang='grc' dir='ltr'><strong><em>πρὸς</em></strong></span> <span class='ocrx_word' id='word_1_261' title='bbox 979 3263 1023 3333; x_wconf 83' lang='grc' dir='ltr'><strong><em>τὸ</em></strong></span> <span class='ocrx_word' id='word_1_262' title='bbox 1045 3273 1076 3352; x_wconf 81' lang='grc' dir='ltr'><strong><em>β.</em></strong></span> <span class='ocrx_word' id='word_1_263' title='bbox 1109 3261 1120 3286; x_wconf 85' lang='lat'><strong><em>&#39;⁴</em></strong></span> 
     </span>
     <span class='ocr_line' id='line_1_30' title="bbox 139 3424 472 3490; baseline 0 0"><span class='ocrx_word' id='word_1_264' title='bbox 139 3424 371 3439; x_wconf 69' lang='lat'><em>-....-</em></span> <span class='ocrx_word' id='word_1_265' title='bbox 458 3432 472 3490; x_wconf 67' lang='grc' dir='ltr'><strong>ἓ</strong></span> 
     </span>
    </p>
   </div>
   <div class='ocr_carea' id='block_1_4' title="bbox 63 3444 1129 3580">
    <p class='ocr_par' dir='ltr' id='par_1_5' title="bbox 63 3444 1129 3580">
     <span class='ocr_line' id='line_1_31' title="bbox 63 3444 1129 3580; baseline -0.012 -32"><span class='ocrx_word' id='word_1_266' title='bbox 63 3444 115 3552; x_wconf 56' lang='grc' dir='ltr'><strong><em>ι.</em></strong></span> <span class='ocrx_word' id='word_1_267' title='bbox 228 3514 279 3567; x_wconf 51' lang='grc' dir='ltr'><strong><em>ορ),</em></strong></span> <span class='ocrx_word' id='word_1_268' title='bbox 301 3497 441 3580; x_wconf 51' lang='grc' dir='ltr'><strong><em>μεταζῆ</em></strong></span> <span class='ocrx_word' id='word_1_269' title='bbox 456 3499 490 3553; x_wconf 82' lang='grc' dir='ltr'><strong>Μ</strong></span> <span class='ocrx_word' id='word_1_270' title='bbox 504 3490 607 3546; x_wconf 61' lang='lat' dir='ltr'><strong><em>&#39;mm</em></strong></span> <span class='ocrx_word' id='word_1_271' title='bbox 618 3485 708 3554; x_wconf 56' lang='lat' dir='ltr'><strong><em>(xm</em></strong></span> <span class='ocrx_word' id='word_1_272' title='bbox 717 3498 810 3548; x_wconf 61' lang='grc' dir='ltr'><strong><em>οοωο.</em></strong></span> <span class='ocrx_word' id='word_1_273' title='bbox 819 3482 1129 3560; x_wconf 32' lang='grc' dir='ltr'><strong><em>οῆκωωολκῃςχχρ</em></strong></span> 
     </span>
    </p>
   </div>
   <div class='ocr_carea' id='block_1_5' title="bbox 0 0 1186 3796">
    <p class='ocr_par' dir='ltr' id='par_1_6' title="bbox 0 0 1186 3796">
     <span class='ocr_line' id='line_1_32' title="bbox 0 0 1186 3796; baseline 0 0"><span class='ocrx_word' id='word_1_274' title='bbox 0 0 1186 3796; x_wconf 95' lang='lat' dir='ltr'><strong><em> </em></strong></span> 
     </span>
    </p>
   </div>
  </div>
 </body>
</html>
