2332 3818
329 159 512 211 APPENDIx
530 158 765 212 εοειοιιοεοιι
784 161 831 216 1v.
1022 159 1087 225 733

70 301 135 366 τοῦ
158 299 202 383 βδ
226 295 246 364 δ
268 304 324 382 κῖ,
347 292 384 364 ἐκ
407 297 445 366 δὲ
466 301 534 367 τῶν
558 302 613 384 δβ,
632 305 676 386 βγ
699 298 853 386 ἑκάτερος
874 311 943 370 τοῖν
962 309 1017 387 ῖμ,
1032 328 1087 388 μν,

71 401 140 473 άπὸ
171 401 209 470 δὲ
236 405 296 470 τοῦ
319 407 363 489 βγ
391 399 481 485 ὁνξ.
531 401 610 485 δῖος
636 404 702 494 άρα
732 405 750 474 6
776 411 814 487 κξ
847 416 919 487 ίσος
945 403 1015 476 ἐστὶ
1041 412 1087 495 τῷ

71 506 139 578 άπὸ
161 513 224 578 τοῦ
242 513 286 593 μδ
308 508 514 600 τετραγώνῳ.
531 585 533 590 ,
551 516 611 577 καί
630 509 723 579 ἔστιν
746 511 812 581 άπὸ
831 517 892 582 τοῦ
909 520 953 601 μδ
976 513 1088 602 τετρά-

249 671 268 703 a
382 671 398 718 γ
516 651 534 722 β
615 616 880 706 ργῳνοςὸε·
918 618 1105 707 δάρακξ.

253 721 635 814 ““-“·“-Ι““”“ε
677 733 750 807 ίσος
779 726 850 795 ε’στι
882 731 927 820 τῳ
956 754 981 795 ε.
1032 728 1088 795 καί
1125 749 1141 798 ε

621 830 627 868 ¹
675 830 829 919 {aelafio
839 832 960 902 ἑαυτὸν
970 842 1089 902 πολλα-

463 937 638 1029 —6
675 939 861 1020 πῖασιάσας
886 938 947 1008 τὸν
970 947 1010 1006 κῖ
1035 964 1088 1008 πε-

72 1078 629 1184 γι-ιλ--γι--γῄὲ
675 1049 803 1132 ποίηκε,
819 1045 837 1114 6
849 1044 915 1134 άρα
924 1051 969 1132 βδ
978 1059 1092 1133 μετρεῖ

674 1150 734 1220 τὸν
766 1159 806 1219 κῖ
842 1151 925 1220 κατὰ
959 1151 1019 1232 τὰς
1051 1155 1088 1220 ἐν

74 1258 183 1345 ἑαυτῷ
198 1255 357 1345 μονάδας.
380 1270 495 1346 μετρεῖ
507 1256 545 1325 δὲ
558 1257 614 1324 καὶ
628 1257 688 1326 τὸν
702 1266 747 1344 λμ
764 1258 848 1327 κατὰ
862 1257 920 1339 τάς
934 1257 972 1327 ἒν
986 1263 1031 1350 τῳ
1046 1264 1089 1345 βγ
1109 1280 1143 1328 10

73 1365 239 1452 μονάδας·
275 1360 357 1432 ὅλον
385 1361 453 1452 άρα
474 1362 537 1432 τὸν
560 1390 604 1451 κμ
627 1377 742 1453 μετρεῖ
762 1365 780 1432 ὁ
801 1369 843 1450 δβ
865 1365 948 1432 κατὰ
971 1362 1030 1444 τὰς
1052 1363 1089 1433 έν

73 1473 122 1563 τῷ
151 1473 194 1554 μδ
225 1467 385 1558 μονάδας.
430 1471 486 1538 καὶ
514 1470 584 1539 ἐπεὶ
612 1469 630 1538 ὁ
655 1476 698 1557 δβ
730 1484 844 1557 μετρεῖ
869 1470 925 1538 καὶ
955 1469 1017 1538 τὸν
1044 1497 1089 1558 μν

73 1573 158 1644 κατὰ
184 1574 244 1655 τὰς
272 1579 310 1645 ἐν
336 1580 382 1668 τῷ
411 1581 454 1662 μβ
481 1574 646 1662 μονάδας,
679 1584 751 1658 ῖσος
779 1577 816 1646 δὲ
844 1574 862 1645 6
893 1583 935 1663 μβ
962 1587 1008 1670 τῷ
1032 1599 1088 1663 γα·

72 1679 251 1750 ὑπόκειται
276 1682 355 1771 γάρ·
393 1679 475 1750 ὅλον
503 1680 569 1768 ἄρα
595 1681 656 1750 τὸν
683 1708 725 1750 κν
754 1696 868 1771 μετρεῖ
893 1681 911 1750 6
936 1688 979 1769 δβ
1005 1681 1089 1750 κατὰ

76 1791 136 1871 τὰς
151 1791 188 1857 έν
201 1792 247 1880 τῷ
261 1795 304 1858 αδ
319 1789 478 1876 μονάδας.
510 1785 594 1857 om&
608 1789 677 1877 μὴν
690 1789 821 1858 καὶτὸν
835 1796 871 1876 ζιγ
886 1787 1029 1878 μετρεῖὸ
1045 1794 1087 1877 δβ
1108 1814 1142 1863 ιι

74 1894 159 1967 κατά
178 1894 236 1977 τδις
254 1892 292 1965 έν
306 1899 351 1987 τῷ
366 1899 410 1964 αδ
428 1895 593 1984 μονάδας·
615 1893 787 1964 ὑπόκειται
801 1894 865 1983 γάρ
881 1893 898 1965 6
915 1903 950 1982 ζιγ
970 1899 1088 1965 ἐκτῶν

76 2007 204 2090 αδ,δβ·
227 2010 300 2083 ῖσος
323 2001 388 2091 άρα
412 2000 430 2071 6
451 2009 486 2090 ζρ
506 2006 551 2096 τῷ
570 2029 621 2071 κν.
657 2007 727 2070 ἔστι
751 2002 861 2070 δὲκαὶ
881 2000 899 2070 ὁ
918 2011 965 2089 θη
985 2006 1030 2094 τῳ
1048 2005 1088 2084 νξ

76 2121 162 2190 ῖσος·
200 2110 353 2197 ἑκάτερος
380 2109 445 2198 γάρ
469 2110 560 2177 ἐστιν
588 2107 606 2177 6
632 2107 696 2177 άπὸ
719 2112 781 2177 τοῦ
803 2114 846 2196 μβ
873 2112 1088 2198 τετράγωνος.

74 2214 155 2295 δῖος
176 2213 242 2304 άρα
266 2213 284 2285 6
310 2222 351 2297 ζθ
373 2219 419 2310 τῷ
442 2218 480 2297 κξ
504 2218 594 2285 ἐστιν
618 2223 699 2295 ίσος.
740 2213 758 2284 6
784 2215 821 2284 δὲ
843 2218 881 2297 κξ
904 2212 1087 2302 άπεδείχθιγ

74 2325 122 2415 τῷ
146 2349 163 2391 ε
186 2331 272 2404 ίσος·
308 2323 364 2390 καὶ
388 2321 406 2391 6
432 2330 479 2404 ζθ
501 2321 568 2411 άρα
589 2327 635 2415 τῳ
659 2349 676 2390 ε
699 2330 772 2402 ίσος
794 2324 872 2392 ἐστί.
917 2328 976 2391 καί
997 2324 1087 2391 ἐστιν
1107 2340 1142 2390 20

76 2427 236 2515 ὁμὲνζθ
259 2427 277 2498 6
297 2432 420 2499 ἐκτῶν
435 2433 488 2515 αδ,
503 2433 546 2515 δβ
565 2427 645 2516 μετὰ
667 2439 729 2498 τοῦ
747 2427 813 2498 άπὸ
831 2441 893 2500 τοῦ
911 2436 954 2517 μβ
976 2457 1088 2516 τετρα-

74 2535 201 2623 γάνου,
221 2533 238 2603 6
260 2536 297 2604 δὲ
316 2563 332 2604 ε
351 2534 369 2604 6
389 2533 455 2606 άπὸ
470 2539 596 2622 τοῦγδ.
630 2533 731 2624 δάρα
745 2539 781 2603 έκ
794 2540 863 2605 ταῖν
877 2541 932 2622 αδ,
947 2541 989 2624 δβ
1008 2535 1088 2623 μετά

73 2647 137 2710 τοῦ
160 2640 225 2711 άπὸ
249 2654 311 2711 τοῦ
329 2649 372 2730 μβ
395 2651 468 2723 ίσος
491 2643 560 2712 ἐστὶ
582 2646 628 2733 τῷ
651 2641 797 2711 ἀπὸτοῦ
816 2647 859 2727 μδ
882 2643 1087 2735 τετραγώνῳ.

144 2745 204 2813 ἐὰν
228 2745 293 2831 ἄρα
316 2745 430 2834 άρτιος
452 2745 600 2834 άριθμὸς
622 2753 779 2837 διαιρεθῇ
802 2751 893 2835 δίχα,
916 2753 1087 2838 προστεθῇ

76 2849 117 2915 δέ
137 2875 186 2930 τις
210 2846 310 2939 αὐτῷ,
334 2850 353 2919 6
377 2856 417 2920 ἐκ
434 2855 496 2919 τοῦ
519 2849 603 2920 ὅλου
625 2853 689 2922 σὺν
710 2857 757 2946 τῷ
781 2856 1007 2945 προσκειμένῳ
1030 2855 1087 2922 καὶ
1106 2875 1140 2925 25

74 2956 137 3022 τοῦ
161 2958 404 3044 προσκειμένου
427 2959 581 3038 ἐπίπεδος
602 2958 683 3046 μετὰ
705 2963 767 3027 τοῦ
788 2957 853 3029 άπὸ
872 2964 933 3027 τοῦ
952 2957 1088 3046 ἡμίσεος

75 3059 288 3150 τετραγάνου
316 3069 388 3142 ῖσος
413 3061 482 3130 ἐστὶ
503 3067 550 3155 τῷ
574 3061 639 3132 άπὸ
661 3069 723 3134 τοῦ
747 3066 966 3150 συγκειμένου
993 3070 1086 3133 ἔκιε

76 3171 138 3236 τοῦ
162 3165 298 3256 ἡμίσεος
324 3167 381 3235 καὶ
407 3170 469 3235 τοῦ
492 3172 735 3257 προσκειμένου
756 3170 968 3261 τετραγώνῳ·
1005 3171 1086 3255 ὅπερ

74 3281 142 3346 έδει
167 3277 280 3356 δεῖξαι.

74 3432 288 3444 .----

148 3516 189 3566 1⁷·
208 3510 254 3583 εξ]
273 3511 314 3577 νζ·
388 3516 429 3565 19·
449 3507 496 3580 οξ]
516 3509 557 3574 κζ·
629 3505 674 3578 εξ]
694 3507 734 3573 ιζ·
