2362 3796
228 113 388 166 SCHOLIA
403 115 442 164 IN
460 113 736 165 ELEMENTORUM
752 113 893 165 LIBRUM
906 115 927 166 L
1040 110 1081 174 77

66 258 136 323 τῶν
159 252 323 341 σωμάτων
346 248 367 338 ἢ
391 256 451 338 τῆς
473 254 668 338 ἐπιφανείας
690 253 746 319 καὶ
768 252 889 339 ταύτης
911 260 1040 340 μᾶλλον
1058 250 1080 339 ἢ

69 363 128 446 τῆς
151 363 305 446 γραμμῆς
326 359 382 426 καὶ
409 357 532 444 ταύτης
554 353 575 439 ά
602 361 663 424 τοῦ
691 362 841 444 σημείου·
881 356 899 426 5
927 357 990 447 γάρ
1018 370 1081 427 τοῦ

68 469 208 552 σημείου
234 464 335 552 λόγος
362 463 469 551 πάσης
497 467 660 550 ἐξηγεῖται
687 473 746 550 τῆς
773 469 895 548 σείρας.
941 461 995 532 διδ
1024 464 1081 532 καὶ

68 571 153 640 ἄλλα
176 570 238 658 μὲν
260 569 372 638 ἄλλων
394 570 529 656 πέρατα,
552 569 591 638 τὸ
616 569 653 637 δὲ
677 584 817 657 σημεῖον
839 570 984 637 πάντων.
1030 567 1082 637 ὅτι

69 678 107 746 δὲ
131 673 172 746 οὑ
195 675 266 744 κατ’
290 675 442 744 ἐπίνοιάν
461 678 530 743 έστι
549 674 669 761 μόνον,
693 672 739 756 ὡς
762 679 797 744 οί
817 673 883 762 άπὸ
907 679 964 762 τῆς
983 679 1083 755 στοᾶς
1118 700 1135 748 ο

70 804 186 868 φασιν,
209 781 438 869 άποβλέψασιν
460 787 508 861 είς
530 779 590 861 τὰς
611 781 798 870 περιφοράς
820 782 876 850 καὶ
900 780 940 850 τὰ
963 783 1084 869 κέντρα

69 888 199 957 τούτων
226 887 282 956 καὶ
308 885 389 967 τοὺς
414 887 541 968 πόλους
567 895 694 975 γίνεται
728 893 845 976 δῆλον·
886 887 927 957 τά
953 913 989 956 τε
1019 886 1083 974 γὰρ

69 997 191 1083 κέντρα
207 991 280 1062 κατ’
296 993 417 1062 οὐσίαν
436 991 622 1081 ὑφέστηκεν
642 994 818 1062 συνεκτικὰ
840 999 910 1062 τῶν
928 997 1084 1081 σφαιρῶν

69 1100 152 1171 όντα
173 1101 231 1168 καὶ
254 1103 290 1169 oc
311 1099 428 1181 ἄξονες
450 1100 506 1167 καὶ
530 1103 565 1167 οί
585 1099 693 1169 πόλοι.
733 1099 840 1182 οὑτως
862 1103 918 1169 καὶ
942 1101 995 1169 ἐπὶ
1014 1112 1084 1179 τοϊς

66 1207 217 1296 κέντροις
243 1208 299 1274 καὶ
331 1220 402 1287 τοῖς
433 1209 550 1286 πόλοις
582 1210 617 1274 oc
639 1210 873 1297 Πυθαγόρειοι
904 1209 1083 1275 τάττουσιν
1104 1231 1136 1280 10

68 1315 215 1400 δύναμιν
235 1311 326 1392 Ῥέας
345 1313 407 1399 μὲν
426 1317 597 1402 σφραγίδα
620 1340 701 1394 τους
714 1314 840 1394 πόλους
853 1314 1084 1402 ὀνομάζοντες,

69 1417 178 1499 Ζανὸς
201 1419 239 1488 δὲ
262 1419 394 1506 πύργον
417 1417 455 1486 τὸ
478 1424 540 1487 τοὺ
558 1419 682 1499 παντὸς
699 1423 850 1507 κέντρον,
875 1420 1027 1507 ίνγγικδις
1045 1419 1084 1488 δὲ

67 1527 123 1593 καὶ
147 1523 376 1612 φρουρητικδις
399 1524 514 1602 αὐτοῖς
533 1527 691 1611 δυνάμεις
710 1523 933 1594 ἀποδιδόασιν
953 1529 989 1595 οί
1005 1525 1084 1611 βάρ-

70 1637 178 1716 βαροι.
211 1622 283 1714 ’ἆρ’
311 1621 375 1695 οὖν
403 1627 441 1696 τὸ
471 1642 608 1714 σημεῖον
636 1629 744 1714 μόνον
773 1629 891 1717 ἀμερὲς
919 1628 940 1716 ἢ
969 1629 1085 1697 καὶτὸ

73 1739 140 1803 νῦν
164 1737 201 1801 έν
224 1732 335 1823 χρόνῳ
359 1732 416 1798 καί
438 1729 460 1818 ἡ
479 1730 585 1818 μονὰς
603 1736 640 1800 ἐν
664 1731 798 1826 ἀριθμῷ
822 1735 937 1803 καὶτὸ
961 1742 1084 1820 κίνημα
1105 1759 1137 1809 15

73 1841 111 1909 έν
124 1839 271 1926 κινήσει;
293 1838 369 1924 περὶ
388 1837 525 1906 πάντων
545 1837 605 1924 μὲν
625 1831 688 1906 οὑν
708 1835 726 1906 5
751 1843 880 1927 πρῶτος
903 1841 1085 1920 διαλέξεται

71 1945 277 2034 φιλόσοφος,
314 1945 389 2033 περὶ
422 1945 460 2013 δὲ
490 1948 560 2012 τῶν
591 1943 671 2012 καθ’
703 1947 823 2013 ἕκαστα
855 1944 873 2014 5
905 1945 988 2014 κατὰ
1023 1971 1085 2032 την

70 2058 199 2122 οίκείαν
232 2050 427 2138 ἐπιστήμην·
464 2052 575 2138 μόνον
606 2049 671 2140 γὰρ
704 2048 781 2140 οὐχί
808 2053 897 2138 λέγει
925 2056 1040 2139 σαφῶς
1067 2050 1084 2122 5

71 2160 272 2244 γεωμέτρης,
308 2155 359 2225 ὅτι
390 2159 427 2227 τὸ
469 2156 540 2226 κατ’
576 2158 633 2245 ἐμὲ
664 2157 784 2247 ἀμερὲς
814 2158 955 2246 σημεῖόν
986 2161 1085 2227 έστιν.

73 2262 185 2349 ἐπειδὴ
202 2263 239 2331 δὲ
253 2267 290 2331 οί
300 2260 501 2350 άποφατικοὶ
519 2263 627 2351 λόγοι,
647 2263 691 2345 ὥς
705 2285 810 2352 φησιν
825 2262 843 2333 5
859 2270 1084 2354 Παρμενίδης,
1102 2293 1137 2342 20

72 2369 300 2456 προσήκουσιν
327 2384 400 2448 ταῖς
430 2368 547 2457 ἀρχαῖς
568 2371 624 2438 καὶ
647 2386 716 2452 τοῖς
738 2372 871 2457 πέρασι·
906 2376 997 2440 πᾶσα
1019 2372 1083 2461 γὰρ

71 2470 164 2565 ἀρχὴ
183 2481 253 2545 τῶν
281 2473 336 2544 ἄπ’
364 2474 468 2562 αὐτῆς
495 2480 685 2560 προϊόντων
712 2476 791 2545 καθ’
819 2479 934 2564 ἑτέραν
963 2477 1083 2547 οὑσίαν

70 2581 267 2671 ὑφέστηκεν,
290 2583 347 2650 καὶ
370 2585 407 2649 ac
428 2581 556 2651 τούτων
579 2581 766 2670 ἀποφάσεις
788 2582 850 2671 τὴν
869 2588 1006 2653 ἐκείνων
1027 2590 1085 2674 δη-

71 2691 191 2756 λοῦσιν
214 2688 295 2775 ἡμῖν
318 2687 518 2757 ὑπόστασιν·
544 2690 600 2757 διὰ
617 2695 717 2758 τοῦτο
736 2691 792 2757 καὶ
811 2689 997 2777 Εὐκλείδης
1015 2704 1085 2772 τοῖς

73 2791 295 2879 άποφατικοϊς
315 2794 475 2882 ἐχρήσατο
495 2794 607 2882 λόγοις
622 2797 675 2863 ἐπὶ
687 2800 746 2882 τῆς
759 2793 831 2863 κατ’
848 2795 953 2864 αὑτὸν
973 2795 1084 2883 ἀρχῆς.
1103 2820 1138 2870 25

74 2902 111 2967 οἱ
127 2899 164 2966 δὲ
178 2900 411 2989 Πυθαγόρειοι
428 2899 466 2969 τὸ
485 2915 625 2988 σημεῖον
644 2900 811 2988 ὁρίζονται
834 2902 967 2988 μονάδα
986 2903 1086 2972 θέσιν

73 3010 231 3093 ἔχουσαν·
254 3009 290 3074 oc
309 3005 374 3095 γὰρ
398 3007 541 3096 ἀριθμοὶ
559 3009 614 3074 καὶ
633 3007 811 3095 σχημάτων
829 3009 885 3087 καὶ
900 3014 1086 3094 φαντασίας

73 3111 335 3200 καθιερεύουσιν.
371 3114 409 3182 τὸ
428 3113 467 3182 δὲ
485 3127 623 3201 σημείου
638 3116 674 3182 ἐν
689 3120 857 3204 φαντασίᾳ
870 3120 1087 3200 προτείνεται.

72 3222 143 3297 πῶς
161 3210 226 3287 οὖν
249 3217 291 3286 οὑ
314 3223 533 3306 μορφωτικῶς
556 3216 689 3308 ὑρᾶται;
714 3217 765 3288 ὅτι
785 3223 844 3305 τῆς
862 3226 1086 3308 φανταστικῆς

145 3384 169 3432 2.
191 3374 219 3449 5]
239 3372 289 3447 σός
309 3377 359 3433 cfr.
378 3376 492 3433 Proclus
511 3397 539 3448 p.
559 3385 602 3450 89,
622 3385 665 3433 10.
727 3384 769 3435 10.
788 3376 978 3450 Πυθαγόριοι.
1042 3385 1085 3435 26.

188 3445 195 3464 Ι

71 3450 262 3520 Πυδαγοριοι.
782 3498 783 3503 ,
1096 3490 1124 3559 Ἢ
