2362 3796
98 136 162 201 196
249 136 406 188 SCHOLIA
422 137 462 188 IN
478 135 754 189 ELEIIEN'IORUM
770 138 948 191 LIBRUM

96 276 289 366 τριγώνοις,
317 275 373 343 καὶ
400 273 536 354 κάκλοις
563 275 602 343 δὲ
626 275 810 364 ἐφαρμόσει
830 277 887 345 καὶ
908 274 1036 356 κώνοις
1059 278 1118 345 καὶ

96 387 290 471 κυλίνδροις
308 382 364 449 καὶ
383 380 515 468 ὁμοίοις
533 396 688 469 στερεοῖς,
707 379 771 450 ὅσα
788 380 855 452 ὑπὸ
872 383 911 451 τδ
926 379 1014 451 αὐτὸ
1027 383 1119 464 ὕψος

98 488 179 557 ὄντα
194 497 267 568 ἴσας
280 492 346 575 ἔχει
360 486 418 568 τὰς
434 487 557 573 βάσεις.
587 487 859 574 καθολικώτερον
872 488 911 556 δὲ
923 486 963 557 τὸ
977 493 1118 578 πρῶτον

96 606 158 664 τοῦ
173 594 206 672 ς’
216 598 361 680 βιβλίου.
378 590 591 679 ἀντιστρέφει
605 591 643 660 δὲ
653 592 717 660 δύο
731 592 815 680 πρὸς
827 620 866 662 το
880 600 1118 681 προκείμενον,

62 726 79 774 5
97 699 167 788 μετ’
184 680 266 769 αὐτὸ
286 699 347 785 μὲν
365 701 536 784 προσεχώς
552 696 591 766 τὸ
609 697 651 766 τὰ
669 707 725 766 ἶσα
742 705 891 786 τρίγωνα
908 699 964 766 καλ
984 700 1041 767 ἐπὶ
1059 711 1119 788 τῆς

97 805 201 893 αὐτῆς
223 804 353 892 βάσεως
375 801 473 886 ὄντα,
500 799 570 888 μετ’
595 805 703 872 ἐκεῖνο
728 803 766 871 δὲ
787 803 827 872 τὸ
849 803 892 873 τὰ
915 813 972 872 ἶσα
994 805 1055 872 καὶ
1078 806 1115 874 ἐν

97 911 321 1000 παραλλήλοις
336 909 418 979 ὄντα
431 908 507 996 ήτοι
521 910 574 976 ἐπὶ
585 914 648 996 τῆς
660 906 798 997 αάτήςή
813 910 866 979 ἐπὶ
881 918 965 998 ἴσων
979 910 1118 996 βάσεων

98 1017 194 1087 εἶναι.

166 1128 240 1191 128.
273 1120 503 1189 Πολάπτωτον
528 1121 566 1189 δὲ
588 1123 644 1189 καὶ
666 1125 766 1190 τοῦτο
789 1120 829 1188 τὸ
851 1120 1032 1209 θεώρημα,
1060 1122 1117 1190 καὶ

47 1249 81 1298 10
100 1227 249 1297 δυνατὸν
267 1226 326 1305 τὰς
343 1225 458 1311 βάσεις
475 1224 533 1306 τάς
551 1230 621 1295 τών
638 1227 814 1317 τριγώνων
830 1223 853 1313 ή
871 1223 998 1295 ταύτὸν
1016 1228 1118 1317 μέρος

99 1333 241 1422 ἐχούσας
263 1331 448 1417 λαμβάνειν
479 1329 524 1411 ὡς
546 1332 599 1399 ἐπὶ
621 1337 690 1402 τών
712 1332 1074 1422 παραλληλογράμμων
1096 1329 1118 1420 ή

100 1440 220 1527 μηδενὶ
243 1436 305 1525 μὲν
327 1448 429 1528 κοινῷ
449 1439 541 1524 με’ρει
559 1440 741 1527 χρωμένας,
763 1437 845 1507 καθ’
862 1442 900 1506 δν
919 1437 958 1507 δὲ
976 1452 1116 1527 σημεῖον

101 1546 259 1633 ἀλλήλαις
277 1543 512 1624 συναπτούσας
529 1541 549 1631 ἢ
568 1545 624 1612 καὶ
642 1545 750 1632 πάντη
767 1544 1015 1634 κεχωρισμένας
1033 1542 1119 1615 ὥστε

102 1651 190 1721 εἶναι
221 1649 344 1739 μεταξὺ
373 1650 539 1738 γραμμήν.
589 1650 696 1737 δήλόν
728 1653 798 1719 ἐστι
828 1663 900 1731 τοῖς
926 1651 984 1719 καὶ
1014 1649 1119 1740 μικρὰ

50 1778 83 1827 15
102 1773 256 1828 συνεῖναι
280 1759 489 1845 δυναμένοις,
511 1758 567 1824 καὶ
591 1755 643 1825 ὅτι
661 1756 744 1825 κατὰ
762 1756 871 1836 πάσας
886 1756 947 1836 τὰς
963 1756 1120 1845 πτώσεις,

102 1865 191 1946 ὅπως
213 1862 257 1935 άν
281 1871 337 1954 ἔχῃ
361 1862 420 1944 τὰς
442 1863 557 1948 βάσεις
584 1864 737 1950 κειμένας
763 1859 785 1950 ή
814 1860 874 1942 τὰς
898 1862 1070 1951 κορυφάς,
1098 1860 1119 1950 ή

102 1970 186 2058 αὐτή
214 1972 363 2058 μέθοδος
391 1968 487 2055 άγειν
513 1971 747 2058 παραλλήλους
773 1982 848 2049 ταῖς
874 1977 1033 2057 πλευραῖς
1061 1968 1122 2036 καὶ

103 2090 211 2145 ποιεῖν
235 2077 390 2161 ἑκάτερον
412 2081 482 2142 τών
502 2075 679 2163 τριγώνων
698 2074 835 2162 ἰσότητα
852 2072 1121 2155 κατασκευάζειν.

171 2184 244 2248 129.
279 2177 403 2265 Εὑρεῖν
427 2177 508 2248 αὐτὸ
532 2179 570 2249 τὸ
594 2184 753 2269 ἐμβαδόυ.
797 2180 860 2268 τήν
886 2178 1036 2270 πλευρὰν
1060 2177 1118 2268 ἐφ’

50 2307 85 2355 20
105 2284 240 2370 ἑαυτήν·
271 2291 399 2370 γίνεται
421 2290 451 2372 ρ.
498 2284 535 2354 τὸ
559 2287 663 2375 ήμισυ
685 2292 745 2373 τῆς

104 2391 233 2477 βάσεως
269 2388 321 2477 ἐφ’
358 2390 494 2478 ἑαυτήν·
535 2398 663 2478 γίνεται
695 2395 744 2470 λξ.
924 2380 962 2738 T

104 2497 220 2584 άφελε·
237 2496 357 2565 λοιπὸν
369 2489 417 2584 EI,
433 2490 481 2566 ὧν
495 2497 743 2587 πλευρὰτετρά-
865 2506 883 2543 ²
1003 2499 1020 2537 ι

103 2628 213 2688 γωνος
231 2609 260 2689 ή.
298 2608 388 2671 ἔσται
404 2602 425 2691 ή
439 2602 590 2683 κάθετος.
622 2610 743 2671 πολλα-

1089 2710 1115 2777 7

103 2715 290 2777 πλασίασον
307 2709 370 2796 τήν
388 2710 488 2796 βάσιν
508 2710 561 2777 ἐπὶ
583 2708 645 2796 τήν
662 2710 745 2777 κάθ-
774 2686 800 2756 ss
906 2739 953 2816 ιγ

52 2836 86 2886 25
105 2839 193 2884 ετον·
221 2822 349 2902 γίνεται
364 2823 417 2887 (ὶξ.
452 2814 581 2884 τούτων
595 2814 633 2884 τὸ
642 2813 746 2903 ήμισν

105 2929 159 3010 μή.
204 2927 295 2991 ἔστιν
321 2921 387 3008 άρα
413 2920 451 2990 τὸ
479 2922 628 3007 ἐμβαδὸν
650 2926 713 2990 τοῦ
735 2926 929 3002 ἰσοσκελοῦς
950 2922 1122 3010 τριγώνου

104 3028 266 3116 μονάδων
288 3036 342 3115 γῆ.

180 3160 238 3209 128.
258 3155 288 3207 Ρ.
345 3159 405 3208 129.
424 3153 442 3207 b
463 3155 530 3223 (non
544 3152 656 3222 proprIe
670 3153 706 3208 ad
719 3167 799 3223 prop.
814 3150 959 3207 XXXVIII
976 3153 1121 3222 pertinet).

107 3239 151 3245 —
180 3267 203 3313 1.
224 3261 360 3327 τρίγωνον
378 3257 409 3313 Ρ.
483 3255 647 3328 ἐφαρμώσει
664 3257 694 3312 Ρ.
767 3264 792 3314 2.
812 3254 917 3329 ὁμοίως
938 3257 1032 3314 Παλ.
1096 3264 1121 3314 8.

107 3329 233 3399 πρῶτον]
252 3349 270 3382 α
289 3328 320 3384 Ρ.
400 3335 426 3385 4.
446 3326 492 3398 ς’]
513 3327 595 3384 ἕκτου
614 3327 707 3384 Nat.
788 3334 813 3384 5.
833 3327 950 3402 τό]τοῦ
970 3328 1120 3384 PBFVat.

144 3405 186 3452 11.
206 3399 310 3468 ἔχουσα
328 3401 359 3454 Ρ.
443 3405 484 3454 12.
504 3420 561 3469 χρω
579 3400 610 3454 in
627 3399 682 3454 fine
700 3399 751 3454 lin.
768 3399 798 3454 P.
886 3405 928 3455 13.
947 3394 1074 3469 άλλήλας
1091 3399 1120 3454 Ρ.

141 3474 182 3524 14,
199 3465 306 3541 μικράς
321 3468 352 3525 Ρ.
426 3475 469 3525 21.
489 3465 594 3526 ἕαντόλ
