2362 3796
238 115 396 168 SCHOLIA
413 115 453 166 IN
470 114 744 166 ELEMENTORUM
762 113 903 165 LIBRUM
917 114 938 166 Ι,
1048 108 1091 175 99
1127 182 1133 191 ¹

74 257 131 323 καὶ
155 254 206 324 ὅτι
228 269 300 336 ταῖς
322 266 534 341 γεννητικαῖς
554 252 687 341 τάξεσιν
711 249 871 344 ῶκείωται
892 256 961 321 τῶν
984 257 1090 339 θεῶν,

77 371 204 451 εἴρηται
226 367 401 451 πρότερον.

147 471 223 536 Τῶν
242 467 279 537 δὲ
296 466 507 554 τριπλεύρων
526 463 704 552 σχημάτων
723 463 925 549 ἰσόπλευρον
943 464 1004 552 μὲν
1022 472 1089 549 τρί-

76 573 191 660 γωνόν
215 571 343 642 ἔστιτὸ
366 571 425 652 τὰς
447 585 536 660 τρεῖς
556 580 630 651 ίσας
649 575 727 658 ἔχον
745 568 900 658 πλευράς,
924 571 1091 649 ἰσοσκελὲς

78 679 115 748 δὲ
138 677 177 747 τὸ
201 679 263 748 δύο
287 677 394 766 μόνον
418 687 492 757 ίσας
515 683 593 766 ἔχον
616 675 777 765 πλευράς,
801 678 969 760 σκαληνὸν
994 675 1031 742 δὲ
1053 677 1090 744 τὸ
1110 698 1127 748 σ

76 785 137 865 τὰς
155 799 244 870 τρεῖς
258 783 396 865 ἀνίσους
409 790 487 872 ἔχον
502 783 655 869 πλευράς.
686 788 734 850 ἔτι
749 781 787 850 δὲ
800 785 870 851 τῶν
883 781 1093 869 τριπλεύρων

78 890 256 978 σχημάτων
275 887 487 977 ὀρθογώνιον
506 890 568 977 μὲν
586 887 755 977 τρίγωνόν
775 891 843 956 ἐστι
865 886 902 956 τὸ
918 893 1000 974 μίαν
1015 893 1093 976 ἔχον

78 995 191 1085 ὀρθὴν
208 1004 346 1084 γωνίαν,
366 995 604 1084 ἀμβλυγώνιον
622 995 660 1065 δὲ
678 993 716 1063 τὸ
731 1000 812 1084 μίαν
827 1000 904 1082 ἔχον
919 995 1094 1082 ἀμβλεῖαν,

78 1102 264 1191 ὀξυγώνιον
288 1102 385 1173 δὲτὸ
408 1102 468 1183 τὰς
490 1117 577 1191 τρεῖς
601 1099 709 1184 ὀξείας
731 1108 810 1191 ἔχον
832 1109 966 1188 γωνίας.
1138 1183 1143 1192 1

141 1209 244 1299 ἡτῶν
256 1209 432 1300 τριγώνων
447 1213 608 1297 διαίρεσις
621 1208 695 1277 τοτὲ
709 1207 845 1297 μὲνάπό
856 1213 925 1277 τῶν
934 1212 1090 1294 πλευρῶν
1111 1230 1146 1279 10

74 1323 140 1405 ἔχει
163 1316 226 1405 τὴν
250 1321 429 1403 διαίρεσιν,
452 1314 525 1384 τοτὲ
548 1315 586 1384 δὲ
609 1315 675 1383 ἀπὸ
698 1319 767 1384 τῶν
790 1320 937 1402 γωνιῶν,
961 1313 1090 1403 ἡγεῖται

74 1425 111 1491 δὲ
134 1421 155 1508 ἡ
179 1425 246 1492 ἀπὸ
270 1434 338 1491 τοῖν
366 1425 536 1510 πλευρῶν,
569 1419 614 1502 ῶς
640 1423 825 1509 γνώριμος,
858 1424 969 1490 ἕπεται
1002 1423 1040 1490 δὲ
1067 1419 1088 1508 ἡ

75 1526 141 1596 ἀπὸ
165 1533 233 1597 τῶν
257 1532 408 1614 γωνιῶν,
437 1527 481 1607 ῶς
505 1527 694 1613 λδιάζουσα,
722 1527 835 1614 ἐπειδὴ
863 1530 919 1596 καὶ
943 1532 980 1596 αί
1000 1543 1090 1614 τρεῖς

77 1625 176 1700 αὗται
204 1639 326 1718 γωνίαι
353 1646 424 1710 τοῖς
450 1631 704 1719 εὐθυγράμμοις
735 1632 853 1718 μόνοις
882 1633 1091 1719 προσάγουσι

80 1738 239 1824 σχήμασι,
268 1735 381 1823 ἰσότης
410 1736 448 1804 δὲ
476 1737 532 1804 καὶ
559 1735 717 1822 ἀνισότης
743 1741 811 1805 τῶν
839 1746 994 1825 πλευρῶν
1023 1742 1091 1805 ἔστι
1112 1758 1146 1809 15

79 1842 190 1929 δήπου
216 1843 272 1910 καὶ
296 1845 333 1911 ἐν
360 1855 431 1921 τοῖς
458 1840 502 1929 μὴ
529 1838 791 1928 εὐθυγράμμοις.
844 1847 938 1911 δοκεῖ
964 1844 1004 1911 δέ
1034 1870 1091 1930 μοι

76 1951 132 2018 καὶ
156 1947 241 2038 πρὸς
265 1951 373 2017 ἐκεῖνο
396 1945 527 2017 ἀπιδῶν
552 1945 801 2035 ὁστοιχειωτὴς
819 1948 920 2037 χωρίς
938 1946 1003 2018 ἀπὸ
1023 1954 1091 2019 τῶν

75 2065 212 2142 γωνιῶν
235 2053 443 2140 ποιήσασθαι
466 2052 528 2140 τὴν
553 2057 730 2142 διαίρεσιν,
754 2055 856 2143 χωρίς
879 2054 917 2123 δὲ
938 2053 1003 2125 ἀπὸ
1022 2060 1090 2126 τῶν

76 2165 244 2247 πλευρῶν,
269 2158 321 2229 ὀτι
343 2162 387 2246 μὴ
411 2165 477 2229 πᾶν
501 2166 668 2251 τρίγωνον
690 2163 746 2229 καί
769 2168 979 2250 τρίπλευρον.
1021 2167 1089 2232 ἔστι

77 2266 143 2353 γὰρ
166 2274 312 2355 τρίγωνα
333 2265 374 2334 τὰ
395 2267 587 2355 καλούμενα
609 2267 688 2356 παρ’
715 2265 829 2349 αὐτοῖς
851 2267 1038 2358 ἀκιδοειδῆ,
1066 2267 1142 2341 ἀνθ

77 2372 302 2460 τετράπλευρά
326 2376 426 2459 ἐστιν,
451 2369 525 2443 οἷον
549 2384 582 2443 εί
600 2403 650 2455 τις
673 2376 725 2443 ἐπὶ
747 2381 825 2464 μιᾶς
842 2381 902 2445 τοῦ
920 2378 1088 2466 τριγώνου

77 2484 220 2565 πλευρᾶς
257 2476 322 2548 ἀπὸ
359 2485 428 2548 τῶν
462 2481 615 2567 περάτων
652 2482 747 2563 ἐντὸς
783 2483 986 2572 συστήσηται
1023 2486 1087 2553 δύο

76 2584 220 2672 πλευράς
239 2588 346 2667 ἐντός
368 2587 408 2656 τά
432 2593 569 2657 τοιαῦτα
591 2592 656 2675 γὰρ
680 2590 903 2696 τετράπλευρα
927 2595 1024 2678 μέν’
1008 2613 1087 2664 εστι

76 2698 221 2778 τρίγωνα
236 2695 285 2761 δέ·
310 2721 397 2762 ουτω
413 2691 504 2762 δαν
520 2694 631 2783 εὕροις
648 2697 704 2764 καί
722 2698 914 2786 τετράγωνα
931 2704 1089 2776 πλείονας

77 2802 196 2884 ἔχοντα
217 2800 370 2887 πλευράς.
417 2799 500 2869 ἀλλὰ
524 2807 628 2870 ταῦτα
652 2829 714 2888 μεν
741 2801 858 2883 οὕτως
897 2806 932 2871 οί
955 2801 992 2869 δὲ
1018 2811 1087 2870 Πν-
1106 2824 1141 2874 25

76 2904 249 2992 θαγόρειοι
263 2909 300 2975 τὸ
315 2907 378 2994 μὲν
391 2914 559 2996 τρίγωνον
573 2907 686 2988 ἁπλῶς
700 2908 808 2997 ἀρχὴν
822 2907 909 2977 είναι
927 2908 1088 2994 γενέσεώς

74 3031 171 3096 φασι·
207 3014 262 3081 καὶ
290 3013 354 3102 γὰρ
377 3020 472 3101 τριχῆ
498 3020 684 3082 διίστανται
714 3017 768 3083 καὶ
798 3013 989 3101 συναγωγοὶ
1019 3019 1087 3083 τῶν

72 3117 181 3205 πάντη
210 3125 374 3208 μεριστῶν
398 3126 497 3189 εἰσιν·
526 3123 580 3189 καὶ
605 3120 623 3189 δ
651 3121 817 3201 Φιλόλαος
840 3121 902 3208 τὴν
929 3123 991 3188 τοῦ
1018 3147 1086 3211 τρι-

73 3223 188 3311 γώνου
210 3231 339 3311 γωνίαν
362 3229 551 3313 τέτταρσιν
559 3224 684 3314 ἀνῆκεν
702 3237 808 3314 θεοῖς,
832 3226 968 3317 Κρόνω,
983 3224 1086 3316 Ἄρει,

147 3391 170 3438 1.
195 3381 1087 3469 ςδιιείωται]ΡεοοΙοερ.164,10;ῶιιιειαται,-ταιίοιτοσ.

75 3472 112 3508 m.
133 3460 157 3521 1,
176 3455 206 3509 Ρ
282 3459 321 3507 17.
343 3449 480 3508 ἀπειδων.
551 3461 593 3510 25.
613 3426 805 3526 ίλοθόιγόριοι
876 3427 920 3512 ⁹26.
939 3454 1007 3529 μίν]
1023 3474 1098 3567 pu„-

890 3544 929 3603 ε*
