2362 3796
96 144 162 209 566
249 145 406 198 SCHOLIA
423 147 462 197 IN
479 145 754 198 ELEMENTOBUM
772 145 910 197 LIBRUM
923 145 958 198 X.

96 286 231 374 κειμένη
250 284 521 378 ὁποιαδηττοτοῦν
535 291 603 356 τῶν
618 283 797 372 ἀποτομῶν
815 280 836 372 ῇ
850 284 906 353 καὶ
922 284 1123 376 ἀμφότεραι

96 392 303 481 ἀσύμμετροι
326 394 470 472 ταύταις.

163 504 238 568 411.
267 502 317 567 Ac
333 503 415 585 ΑΗ,
429 505 502 567 ΗΔ
521 496 586 586 ἄρα
605 524 635 584 p.
649 501 725 580 274,
738 501 796 582 24]
816 495 873 566 διδι
889 493 928 565 τὸ
944 496 1012 582 ογ’.
1047 499 1122 567 ἐπεὶ

97 603 249 694 ἀποτομή
265 609 355 674 ἐστιν
368 603 388 692 ἡ
400 614 433 673 Α
438 612 482 691 Δ,
498 603 559 691 ὅλη
574 604 666 671 ἐστὶν
680 600 830 691 ἀποτομὴ
845 602 900 670 καὶ
915 603 948 683 ἐξ
964 599 1121 691 ἀνάγκης

61 738 77 787 5
97 708 288 790 ἀκόλουθος
306 715 345 800 τῇ
361 709 423 800 ὅλη
443 708 530 779 εἶναι
543 710 599 778 καὶ
612 707 675 796 τήν
690 706 934 796 ἀφαιρεθεῖσαν
948 709 984 790 ἐξ
999 707 1121 778 αὐτῶν

98 815 203 903 ῥητὴν
232 816 374 904 δυνάμει
402 816 509 904 μόνον
539 818 737 904 σύμμετρον.
783 819 814 882 εέ
841 815 878 883 δὲ
905 812 984 901 ὅλη,
1012 815 1075 882 καὶ
1099 814 1120 903 ἡ

96 920 322 1009 ἀφαιρεθεῖσα
346 922 408 992 οὐκ
431 928 500 991 ἐστι
523 920 606 1010 ῥητή
631 920 773 1008 δυνάμει
797 923 904 1007 μόνον
923 919 1122 1010 σύμμετρος

98 1019 198 1114 οὖσα,
229 1026 380 1117 άποτομή
409 1032 500 1097 ἐστιν
527 1027 547 1115 ή
572 1037 658 1114 ΑΔ,
687 1028 743 1095 καὶ
772 1028 842 1096 ἐπεὶ
865 1025 1018 1114 ἀποτομή
1046 1030 1121 1096 ἐστι

96 1135 152 1201 καὶ
169 1134 283 1221 πρώτη
302 1133 322 1221 ή
339 1144 419 1221 ΑΔ,
439 1137 503 1216 ἕξει
523 1137 556 1215 ἐξ
572 1131 722 1220 ἀνάγκης
735 1134 796 1221 τήν
809 1132 1120 1221 προσαρμόζουσαν

47 1262 80 1313 10
100 1237 183 1329 αὐτῇ
207 1242 263 1309 καὶ
285 1242 346 1328 τήν
370 1239 464 1329 ὅλην,
487 1241 543 1307 καὶ
566 1237 587 1326 ή
609 1239 673 1325 ὅλη
693 1246 812 1327 μείζων
832 1239 888 1307 διὰ
906 1241 941 1326 η’
961 1238 990 1306 ε’
1011 1241 1041 1305 ι’
1062 1241 1121 1308 δύ-

96 1372 194 1414 ναται
221 1351 280 1433 τῇς
306 1344 603 1434 προσαρμοζούσης
631 1349 677 1439 τῷ
706 1343 769 1414 άπὸ
795 1347 985 1434 συμμέτρου
1009 1347 1119 1436 ἑαυτῇ

96 1452 207 1539 μήκει,
235 1454 291 1520 καὶ
314 1449 335 1539 ἡ
360 1450 443 1538 άλλη
468 1451 655 1541 σύμμετρός
678 1455 747 1520 ἐστι
769 1457 809 1540 τῇ
831 1452 1004 1540 ἐκκειμένη
1029 1455 1119 1542 ῥητῇ

97 1556 202 1645 μήκει.
249 1563 279 1626 εέ
301 1558 338 1626 δὲ
361 1561 465 1625 ταῦτα
488 1555 550 1646 οὐχ
574 1561 722 1644 ἕπονται,
745 1555 829 1645 αὕτη
853 1554 934 1626 οὐδὲ
957 1557 1117 1647 ἀποτομή

97 1666 166 1732 ἐστι
190 1664 233 1732 α’.

45 1794 78 1843 16
162 1775 237 1838 412.
277 1775 325 1860 Τῇ
355 1772 524 1860 ἐκκειμένη
552 1773 636 1860 ῥητῇ
665 1797 695 1858 p.
719 1774 794 1857 274,
817 1774 874 1855 26]
903 1768 1016 1856 ἐπειδὴ
1047 1771 1117 1860 γὰρ

98 1876 201 1962 ἐδόθη
225 1875 338 1966 πρώτη
368 1875 517 1964 ἀποτομῇ
546 1874 566 1963 ἡ
592 1886 678 1962 ΑΛ,
711 1876 932 1965 προσαρμόζει
960 1876 998 1943 δέ
1027 1875 1117 1966 αὐτῇ

96 1979 221 2067 ήΛΗ·
246 1982 330 2052 ὅστε
354 1982 415 2070 ὅλη
435 1981 455 2070 ή
476 1991 553 2051 ΑΗ
571 1981 628 2049 διὰ
650 1981 713 2069 τήν
737 1980 845 2071 άρχήν
867 1986 935 2050 τῶν
960 1981 993 2049 δ’
1019 1980 1118 2072 ὅρων

98 2087 283 2176 σύμμετρός
306 2091 376 2156 ἐστι
398 2092 437 2176 τῇ
462 2089 632 2177 ἐκκειμένη
657 2091 740 2177 ῥητῇ
763 2092 803 2177 τῇ
826 2094 899 2157 ΑΓ.

163 2198 238 2262 413.
289 2198 341 2287 Τῷ
375 2194 518 2287 τετάρτῳ
551 2197 644 2283 με’ρει
676 2223 706 2282 p.
731 2200 810 2283 276,
840 2201 876 2280 1]
910 2194 969 2263 ἐὰν
1002 2184 1117 2283 &aab

44 2323 79 2373 20
99 2298 228 2368 εὐθεῖαι
256 2299 386 2387 άνισοι,
420 2306 465 2394 τῷ
499 2303 536 2370 δέ
563 2301 707 2395 τετάρτῳ
740 2305 831 2390 μέρει
863 2305 924 2369 τοῦ
956 2297 1021 2368 άπὸ
1054 2306 1117 2390 τῇς

97 2405 278 2485 ἐλάσσονος
302 2415 378 2475 ἴσον
402 2406 490 2496 παρὰ
508 2407 570 2494 τὴν
590 2415 725 2495 μείζονα
739 2412 940 2498 παραβληθῇ
956 2408 1116 2478 ἐλλεῖπον

99 2515 180 2578 ελδει
198 2512 407 2604 τετραγώνῳ,
431 2511 604 2600 ἡήμίσεια
622 2518 681 2601 τῇς
701 2513 881 2595 ἐλάσσονος
900 2520 1020 2602 μείζων
1041 2517 1116 2584 ἐστὶ

96 2623 156 2687 τοῦ
189 2617 372 2699 ἐλάσσονος
403 2618 571 2707 τμήματος
603 2631 662 2706 τής
695 2627 853 2706 μείζονος.
907 2626 1060 2688 ἔστωσαν
1091 2610 1116 2708 β

97 2723 228 2793 εὐθεῖαι
247 2725 359 2794 άνισοι
378 2728 416 2792 αλ
427 2732 509 2811 ΑΗ,
524 2733 560 2793 Η
565 2735 609 2812 Δ,
632 2727 688 2794 καὶ
706 2727 881 2814 τετμήσθω
901 2725 921 2813 ή
940 2734 1018 2794 ΛΗ
1032 2731 1116 2817 δίχα

43 2858 78 2907 25
96 2830 180 2900 κατὰ
202 2829 239 2900 τὸ
264 2839 303 2917 Ε,
326 2831 381 2899 καὶ
404 2835 450 2924 τῇ
475 2829 539 2901 άπὸ
563 2838 624 2920 τῇς
648 2840 722 2901 ΕΗ
741 2841 817 2902 λσον
839 2835 1114 2920 παραβεβλήσθω

167 3068 229 3118 411.
247 3060 288 3116 V⁸
307 3061 431 3129 (initium
449 3065 631 3134 corruptum).
704 3068 766 3118 412.
784 3064 836 3120 V&
907 3068 967 3119 413.
987 3062 1037 3119 V2.

96 3202 309 3210 ——--—-—-—

169 3281 193 3334 5.
213 3277 246 3349 τῇ
262 3272 325 3348 ὅλη]
345 3276 458 3331 υἰδελιιιτ
473 3276 629 3331 correctum
643 3274 672 3330 in
687 3271 740 3344 τήν
755 3271 823 3345 ὅλην
842 3276 875 3331 V.
932 3281 973 3332 10.
993 3279 1114 3353 μείζων]

98 3363 149 3402 scr.
169 3352 275 3417 μεῖζον.
350 3352 390 3402 11.
410 3346 460 3421 τῇ]
480 3363 495 3401 e
514 3364 583 3404 corr.
602 3345 637 3401 V·
711 3353 752 3402 12.
772 3345 853 3419 άλλη]
873 3364 925 3403 εστ.
944 3341 1002 3417 ὅλη.
1058 3357 1114 3419 20.

64 3414 358 3582 ιευὲθόειῖηέῖηημέ
425 3419 491 3492 τοῦ]
507 3418 545 3492 τῷ
564 3417 597 3473 V.
671 3423 713 3472 22.
733 3414 764 3489 ἡ]
786 3436 839 3474 om.
857 3418 892 3474 V.
960 3421 1058 3488 μεῖζον
1077 3422 1114 3480 V.
