2362 3796
121 131 185 194 132
272 131 429 184 SOHOLIA
447 131 487 182 IN
504 130 780 182 ELEMENTORUM
798 130 937 181 LIBRUM
950 130 972 182 1.

119 277 166 351 είς
189 269 359 339 ὐδύνατον
387 268 567 357 ἀπαγωγῆς
595 274 801 357 δείκνυνται,
833 266 917 339 ἀλλὰ
950 267 988 336 τὸ
1015 269 1078 355 μὲν
1108 268 1135 351 ζ’

120 375 185 444 ὐπὸ
204 381 273 445 τῶν
290 388 417 445 κοινῶν
436 379 580 445 ἐννοιῶν
601 378 724 464 ἐλέγχει
738 375 776 444 τὸ
793 373 975 461 ὐδύνατον,
993 373 1031 443 τὸ
1048 375 1086 444 δέ
1100 375 1135 463 η’

120 481 185 551 ὐπὸ
208 488 270 552 τοῦ
294 483 330 565 ζ’.
366 482 404 551 τὸ
425 482 462 551 δὲ
483 481 510 564 ζ’
529 482 631 551 πόλιν
650 486 756 551 ἐδεῖτο
774 486 835 551 τοῦ
854 481 884 550 ε’
904 483 1137 569 θεωρήματος·

120 593 174 658 διο
194 591 250 657 καὶ
268 589 502 678 προετόγησαν
523 587 671 676 εὐλόγως
690 588 862 678 ἀμφότερα
875 599 936 658 τοῦ
951 587 995 676 η’.
1024 589 1136 657 ἰστέον

84 715 101 763 5
120 697 172 783 δέ,
201 694 253 765 ότι
275 701 345 765 τῶν
369 699 405 764 ἐν
428 710 501 776 ταῖς
522 710 688 783 κορυφαῖς
710 700 845 782 γωνιῶν
867 700 937 765 τῶν
959 694 1138 782 τριγώνων

120 801 234 870 οὐσῶν
258 812 342 871 ίσων
366 802 555 870 ἕπεταικαὶ
577 804 637 881 τὰς
658 801 777 883 λοιπὰς
800 809 924 890 γωνίας
942 809 1019 880 ίσας
1040 799 1138 871 εἶναι.

120 906 177 976 διὰ
199 913 299 977 τοῦτο
324 905 365 976 οὐ
387 909 599 996 προσέθηκεν
618 906 728 996 ῶσπερ
748 909 800 977 ἐπὶ
817 913 879 977 τοῦ
899 906 984 976 δ’τὸ
1003 907 1138 990 καὶτὰς

120 1014 239 1094 λοιπὰς
261 1020 394 1101 γωνίας.

500 1104 557 1170 Ad
579 1129 682 1190 prop.
705 1105 762 1172 IX.

70 1244 103 1294 10
188 1230 242 1295 46.
273 1222 317 1293 Τδ
337 1224 376 1293 θ’
395 1230 495 1293 τοῦτο
517 1227 695 1313 πρόβλημά
713 1229 813 1295 ἐστιν.
850 1224 1052 1314 ἀναμίγνυσι
1069 1225 1136 1313 γδρ

122 1328 140 1400 ό
166 1332 377 1417 στοιχειωτής
395 1344 465 1410 τοῖς
484 1331 696 1419 προβλήμασι
714 1330 755 1400 τὰ
773 1332 977 1420 θεωρήματα
993 1331 1135 1410 καὶτοῖς

121 1435 317 1523 θεωρήμασι
335 1437 511 1523 σνμπλέκει
526 1440 566 1505 τὰ
581 1440 798 1525 προβλήματα
808 1439 865 1506 καλ
879 1437 925 1507 δι’
938 1437 1146 1528 ἀμφοτέρων,

121 1541 184 1630 τήν
214 1541 297 1628 ὅλην
326 1547 543 1631 συμπεραίνει
572 1550 779 1632 στοιχείωσιν
807 1544 881 1613 τοτὲ
908 1545 970 1632 μὲν
991 1544 1034 1612 τὰ
1056 1541 1139 1612 ὐπο-

121 1655 257 1736 κείμενα
271 1650 500 1737 ποριζόμενος,
521 1650 595 1718 τοτὲ
609 1650 646 1718 δέ
659 1648 699 1718 τδι
715 1653 790 1738 περὶ
810 1650 894 1719 αὐτὰ
915 1650 1140 1738 συμπτώματα

71 1777 105 1827 15
123 1760 275 1844 θεωρῶν.
312 1758 423 1838 δείξας
444 1761 563 1824 τοίνυν
586 1755 642 1823 διὰ
666 1761 736 1824 τῶν
759 1756 910 1846 πρόσθεν
932 1757 988 1824 καὶ
1007 1756 1084 1845 περὶ
1102 1759 1140 1824 ἓν

122 1867 289 1950 τρίγωνον
311 1867 350 1951 τή
376 1861 504 1949 ίσότητι
526 1867 594 1930 τῶν
618 1866 771 1950 πλευρῶν
794 1864 961 1950 ἑπομένην
983 1860 1045 1949 τήν
1070 1861 1140 1930 ίσό-

123 1995 203 2057 τητα
224 1973 292 2038 τῶν
315 1973 451 2056 γωνιῶν
474 1969 529 2036 καὶ
552 1966 722 2036 ὐνοίπαλιν
740 1968 796 2035 καὶ
815 1970 890 2056 περὶ
909 1968 972 2037 δύο
991 1973 1140 2056 τρίγωνα

124 2073 295 2160 ὡσαύτως,
312 2073 400 2160 πλήν
416 2072 468 2141 ὅτι
483 2078 542 2160 τής
555 2070 784 2162 ἆντιστροφής
798 2071 816 2141 ὁ
829 2073 952 2161 τρόπος
966 2075 1139 2162 διαφέρων

124 2171 168 2266 ήν
191 2182 248 2247 ἐπί
267 2205 301 2246 τε
323 2183 385 2245 τοῦ
408 2177 486 2257 ένὸς
508 2178 676 2266 τριγῶνον
693 2180 749 2246 καὶ
767 2193 841 2246 τοῖν
860 2183 970 2265 δυοῖν,
992 2183 1140 2266 μέτεισιν

73 2303 107 2352 20
127 2286 177 2352 ἐπὶ
206 2284 246 2350 τὰ
274 2283 492 2370 προβλήματα
518 2285 574 2351 καὶ
602 2285 764 2354 ἐπιτάττει
792 2288 829 2353 ἐν
855 2288 962 2376 τούτῳ
989 2297 1036 2378 τῶ
1059 2311 1141 2375 προ-

126 2389 267 2476 βλήματι
281 2387 345 2475 τήν
361 2393 524 2458 δοθεῖσαν
538 2395 666 2475 γωνίαν
681 2390 924 2479 εὐθύγραμμον
934 2396 1011 2480 δίχα
1019 2405 1140 2480 τεμεῖν.

127 2495 196 2564 ἐπεὶ
220 2494 257 2562 δέ
279 2491 300 2581 ή
325 2500 434 2581 γωνία
455 2494 595 2564 δόναται
615 2500 775 2565 δίδοσθαι
793 2501 979 2584 πολλαχῶς·
1001 2500 1142 2585 καὶγὰρ

125 2602 182 2669 καὶ
212 2601 305 2670 θέσει
335 2605 481 2686 δίδοται,
515 2598 559 2682 ῶς
588 2602 669 2670 όταν
697 2604 845 2689 λέγωμεν
876 2601 960 2691 πρὸς
989 2607 1068 2692 τήδε
1098 2609 1142 2694 τῇ

127 2705 245 2799 εὐθείᾳ
272 2708 327 2775 καὶ
355 2711 442 2798 τῷδε
465 2711 510 2799 τῷ
540 2715 664 2800 σημείῳ
694 2718 828 2775 κεῖσθαι
850 2706 911 2795 τήν
934 2715 1063 2794 γωνίαν
1085 2711 1141 2779 καὶ

74 2838 109 2888 25
128 2811 215 2882 εἶναι
239 2815 422 2900 διδομένην
445 2811 552 2900 αὐτήν
577 2811 696 2894 οὕτως·
720 2818 851 2882 δίδοται
873 2815 928 2882 καλ
947 2819 1041 2901 εῖδει,
1066 2810 1142 2886 οἷον

129 2918 210 2988 ὅταν
230 2917 340 3007 ὀρθήν
360 2922 509 3006 λέγωμεν
528 2917 548 3006 ή
565 2918 676 3000 ὀξεῖαν
691 2915 710 3006 ή
727 2916 923 3007 ὐμβλεῖαυή
939 2918 1024 3002 ὅλως
1039 2921 1142 2991 εὐθύ-

128 3052 281 3114 γραμμον
300 3021 321 3111 ή
341 3025 474 3112 μικτήν·
498 3030 629 3093 δίδοται
648 3026 703 3093 καὶ
724 3025 812 3116 λόγω
831 3025 1142 3114 ήγοννοίναλόγως,

130 3129 212 3199 όταν
236 3135 415 3198 διπλασίαν
437 3135 540 3199 τέσδε
558 3133 706 3218 λέγωμεν
724 3132 780 3199 καὶ
798 3138 996 3219 τριπλασίαν
1014 3128 1035 3220 ή
1056 3130 1144 3214 ὅλως

129 3443 412 3538 Ἶδῖρόπος]
432 3484 487 3523 om.
507 3468 560 3536 vf;
579 3486 605 3522 u.
625 3468 741 3523 Proclus
759 3487 786 3539 p.
804 3474 865 3537 271,
886 3473 927 3523 11.
