2362 3796
83 153 148 218 328
232 152 390 206 scnom
406 153 445 206 m
463 151 739 204 ELEMENTORUM
757 119 897 203 ωοοίιιι
910 152 956 205 VI.

83 292 171 374 ἅπαξ
191 291 350 373 ὡσαύτως
368 292 500 379 μονάδα
519 296 612 378 μίαν,
632 288 708 359 άντὶ
727 290 764 359 δὲ
782 300 844 358 τοῦ
864 289 893 360 L'
909 289 949 359 λ’.
979 297 1102 357 πολλα-

84 401 251 479 πλασιάζω
271 392 334 467 οὖν
350 397 492 478 τούτους
504 400 584 477 τοὺς
597 393 778 483 άρνδμούς,
796 395 858 484 τὴν
872 402 953 483 μίαν
968 395 1101 482 δηλαδὴ

85 505 220 592 μονάδα
246 506 301 573 καὶ
328 504 366 573 τὸ
395 510 525 592 τρίτον,
553 504 606 571 ἐπὶ
632 501 695 588 τὴν
723 503 839 588 ἑτέραν
862 507 943 589 μίαν
966 500 1102 589 μονάδα

84 613 139 678 καὶ
161 609 199 679 τὸ
222 608 337 698 ἥμισυ,
360 607 416 678 καὶ
438 616 593 697 γίνονται
611 609 756 696 μονάδες
775 609 850 693 δύο,
873 611 912 676 αἵ
927 612 996 678 είσι
1018 631 1101 692 παρ-

50 717 216 804 σάνυμοι
247 721 293 808 τῷ
326 721 499 807 διπλασίῳ.
553 716 873 796 πολλαπλασιάζεται
908 712 946 781 δὲ
979 711 1102 793 οὕτως·

85 822 172 904 ἅπαξ
190 822 228 890 τὸ
248 827 285 890 ἓν
304 825 355 891 ἕν·
379 821 457 891 ίδοδ
475 819 581 908 μονάς
598 827 667 907 μία.
703 819 790 901 ἅπαξ
807 819 845 888 τδ
865 817 970 907 ἥμισυ
986 816 1102 906 ἥμισυ.

84 930 140 997 καὶ
164 923 266 1009 αὖθις
288 927 434 1015 τριτάκις
461 925 482 1015 ἡ
506 926 627 1013 μονάς,
660 927 811 994 τουτέστι
837 925 875 994 τὸ
904 931 1021 1013 τρίτον
1042 927 1102 1011 τῆς

85 1035 244 1121 μονάδος,
266 1039 391 1122 τρίτον,
414 1032 470 1099 καὶ
487 1031 633 1120 τριτάκις
654 1035 692 1100 τὸ
711 1030 816 1118 ἥμισυ
834 1030 909 1118 ἤτοι
927 1030 965 1099 τὸ
984 1035 1101 1117 τρίτον

84 1145 146 1209 τοῦ
174 1138 310 1226 ἡμίσεος
338 1141 443 1206 ἕκτον.
488 1135 592 1224 ἥμισυ
624 1137 661 1205 δὲ
692 1138 748 1204 καὶ
774 1142 889 1224 τρίτου
918 1136 975 1204 καὶ
1003 1139 1101 1206 ἕκτον

33 1271 66 1321 10
85 1245 192 1333 μονάς
210 1250 279 1332 μία,
303 1241 324 1330 ἣ
347 1240 571 1330 συντιθεμένη
589 1247 630 1331 τῇ
649 1243 714 1330 πρὸ
734 1241 837 1329 αὐτῆς
855 1248 1008 1328 γίνονται
1027 1243 1100 1312 δάο.

153 1349 241 1419 οὕτω
263 1351 320 1417 κἀὶ
338 1350 375 1417 έκ
394 1353 572 1417 διπλασίου
590 1350 646 1417 καὶ
664 1355 864 1435 τριπλασίου
882 1354 1010 1436 γίνεται
1029 1349 1100 1432 έξα-

84 1456 235 1536 πλάσιος·
273 1454 434 1543 λαμβάνω
462 1456 526 1542 γάρ
549 1453 625 1523 άντὶ
648 1459 828 1524 διπλασίου
848 1455 1001 1540 μονάδας
1025 1457 1099 1541 δύο,

85 1559 160 1630 ἀντὶ
174 1562 212 1630 δὲ
225 1565 286 1631 τοῦ
299 1566 498 1648 τριπλασίου
510 1575 608 1647 τρεῖς,
621 1562 678 1629 καὶ
691 1560 966 1642 πολλαπλασιάζω
978 1561 1101 1641 ταύτας

86 1667 136 1736 ἐπ’
158 1667 314 1756 άλλήλας,
340 1669 396 1735 καὶ
420 1673 573 1755 γίνονται
596 1669 639 1748 έξ.

33 1799 66 1848 15
152 1774 212 1843 ἐὰν
241 1774 279 1842 δὲ
307 1776 342 1842 ἐκ
368 1778 472 1863 τριῶν
499 1767 522 1860 ᾗ
546 1778 761 1860 συγκείμενος
789 1771 807 1841 ὁ
831 1772 1023 1856 διπλάσιος,
1055 1771 1101 1852 άς

85 1881 329 1968 προδέδεικται,
363 1882 396 1962 ἐξ
425 1882 594 1968 ἐπιτρίτου
624 1880 680 1947 καὶ
708 1878 921 1967 έπιτετάρτου
947 1879 1003 1947 καὶ
1033 1881 1100 1948 ἐπι-

84 1987 249 2072 πέμπτου,
280 1985 439 2072 λαμβάνω
467 1984 570 2053 πάλιν
592 1983 668 2053 άντὶ
691 1985 754 2071 μὲν
776 1986 944 2069 ἐπιτρίτου
966 1984 1100 2072 μονάδα

85 2099 166 2179 μίαν
187 2093 244 2159 καὶ
266 2097 392 2177 τρίτον,
417 2089 494 2158 άντὶ
517 2090 554 2158 δὲ
578 2090 791 2176 ἐπιτετάρτου
814 2090 948 2177 μονάδα
971 2092 1028 2159 καί
1050 2093 1100 2160 τί·

84 2223 218 2285 ταρτον,
242 2195 317 2264 ἀντὶ
341 2196 378 2264 δὲ
402 2198 605 2282 ἐπιπέμπτου
618 2180 759 2284 ’μονάδα
781 2197 838 2263 καὶ
861 2197 1021 2282 πέμπτου,
1044 2196 1101 2264 καὶ

32 2327 67 2376 20
85 2301 358 2382 πολλαπλασιάζω
387 2305 490 2369 ταῦτα
518 2298 568 2368 ἐπ’
594 2299 736 2388 άλληλα,
768 2301 824 2368 καὶ
851 2309 1004 2386 γίνονται
1035 2301 1100 2370 δύο

11 2419 15 2427 ’
85 2406 239 2493 μονάδες.
296 2407 616 2488 πολλαπλασιάζεται
648 2407 687 2475 δὲ
719 2405 839 2486 οὕτως·
879 2407 1046 2495 πρότερον
1079 2405 1101 2494 ἡ

84 2511 190 2599 μονάς
211 2511 267 2580 καὶ
289 2511 327 2581 τὸ
351 2513 385 2600 γ’
410 2513 463 2580 ἐπὶ
485 2512 548 2600 τὴν
571 2512 705 2600 μονάδα
730 2513 846 2581 καὶτὸ
872 2514 916 2580 δ’·
951 2512 1039 2595 ἅπαξ
1062 2512 1103 2582 δὲ

84 2617 122 2687 τὸ
142 2622 179 2686 ἓν
197 2619 246 2702 έν,
270 2616 356 2702 ἅπαξ
373 2618 411 2687 τὸ
432 2619 465 2688 δ’
481 2619 526 2704 δ’,
548 2618 693 2705 τριτάκις
715 2618 753 2687 τδ
779 2623 816 2688 ἓν
834 2618 911 2706 ἤτοι
929 2619 966 2688 τὸ
984 2626 1103 2703 τρίτον

83 2729 144 2793 τοῦ
167 2723 243 2803 ἑνὸς
265 2729 390 2812 τρίτον,
412 2725 561 2813 τριτάκις
582 2723 620 2794 τὸ
645 2724 678 2792 δ’
701 2723 777 2812 ἤτοι
795 2723 833 2792 τὸ
853 2725 886 2813 γ’
910 2729 971 2794 τοῦ
991 2725 1104 2827 δὲιβᾏ

31 2855 65 2905 25
82 2830 138 2898 καὶ
167 2828 245 2898 ίδοδ
273 2829 379 2916 μονάς
405 2831 461 2898 καὶ
489 2829 522 2897 δ’
551 2832 607 2898 καὶ
637 2834 672 2917 γ’
699 2831 755 2899 καὶ
785 2829 843 2914 ιβ’.
888 2832 957 2898 εἶτα
978 2838 1103 2899 πολλα-

83 2936 250 3017 πλασιάζω
265 2935 327 3023 τὴν
342 2935 475 3024 μονάδα
488 2937 544 3004 καί
557 2934 595 3004 τὸ
611 2936 640 3004 ε’
657 2937 709 3005 ἐπὶ
723 2935 785 3022 τὴν
799 2934 933 3023 μονάδα
948 2937 981 3003 δ’
992 2935 1028 3022 ν’
1039 2936 1104 3025 ιβ’,

82 3043 138 3109 καὶ
156 3043 255 3127 λέγω·
281 3040 367 3123 ἅπαξ
384 3041 423 3111 τὸ
447 3045 484 3110 ἓν
508 3043 556 3128 έν,
580 3040 666 3122 ἅπαξ
688 3040 726 3109 τὸ
749 3043 907 3129 τέταρτον
929 3043 1104 3130 τέταρτον,

83 3147 167 3228 ἅπαξ
190 3146 228 3215 τὸ
246 3153 360 3235 τρίτον
377 3155 502 3236 τρίτον,
526 3146 612 3228 ἅπαξ
630 3144 668 3215 τὸ
687 3150 877 3216 δωδέκατον
898 3149 1104 3220 δωδέκατον.

83 3253 183 3320 πάλιν
206 3253 386 3339 πεμπτάκις
408 3251 447 3322 τὸ
470 3257 508 3320 ἓν
531 3252 606 3340 ἤτοι
632 3254 670 3322 τὸ
694 3255 843 3340 πέμπτου
866 3258 925 3340 τῆς
947 3253 1103 3341 μονάδος

30 3382 64 3432 30
83 3362 244 3445 πέμπτον,
258 3361 296 3427 τὸ
311 3361 459 3445 πέμπτον
472 3363 534 3427 τοῦ
547 3359 706 3447 τετάρτου
721 3361 882 3446 είκοστόν,
897 3358 934 3428 τὸ
950 3361 1104 3446 πέμπτον

61 3467 143 3578 Ιῠ
164 3469 282 3551 τρίτου
303 3463 358 3551 ιε’,
381 3462 419 3532 τὸ
443 3464 591 3551 πέμπτον
614 3475 676 3533 τοῦ
699 3464 891 3533 δωδεκάτου
910 3464 1104 3550 ἑξηκοστόν.
