2362 3796
236 149 394 201 scflom
412 149 450 202 m
468 149 743 201 εεειιεωτοεοιι
760 151 900 202 mnuu
912 151 934 203 1.
1022 145 1091 214 105

77 292 141 374 γῆν
172 287 228 356 καὶ
258 288 424 378 Δήμητρά
457 315 546 368 τινες
573 289 629 356 καὶ
660 293 719 375 τῆς
750 287 830 376 ὅλης
856 287 947 372 Ῥέας
977 288 1085 377 αὐτὴν

75 394 222 481 μετέχειν
240 402 357 482 φασίν,
380 395 435 463 καὶ
454 396 563 462 πάντα
582 394 673 463 ἐστὶν
692 398 729 463 ἐν
749 392 831 484 αὐτῇ
850 395 891 464 τὰ
908 396 1085 485 γεννητικὰ

76 507 167 567 αίτια
189 505 346 588 χθονίως.
390 499 453 589 τὴν
480 507 599 570 τοίνυν
626 507 707 583 μίαν
735 503 857 571 ἕνωσιν
885 507 952 571 τῶν
977 511 1085 573 θείων

74 604 206 674 τούτων
232 611 342 693 γενῶν
368 607 429 693 τὴν
456 608 705 695 τετραγωνικήν
732 627 817 695 φησι
843 614 972 694 γωνίαν
998 635 1088 694 περι-

75 715 172 798 έχειν.
218 708 430 794 ἀπεικάζουσι
458 713 496 781 δὲ
522 714 577 783 καὶ
606 713 690 801 πρὸς
716 713 778 799 τὴν
807 713 987 800 σύμπασαν
1014 713 1088 802 ἀρε·
1125 732 1138 782 u

72 817 137 904 τὴν
158 817 196 885 τὸ
221 817 433 905 τετράγωνον
463 817 508 899 ῶς
536 825 615 908 ἔχον
637 821 794 907 τέτταρας
817 816 927 907 ὀρθὰς
957 825 1088 889 τελείαν

76 922 235 1010 ἑκάστην,
267 916 351 1014 ᾗπερ
379 925 420 1014 δὴ
449 928 504 994 καὶ
532 924 591 1006 τὰς
618 923 737 1014 ἀρετὰς
768 928 909 1014 λέγομεν
943 925 1087 1012 ἕκάστην

75 1036 204 1098 τελείαν
227 1030 283 1098 καὶ
307 1029 454 1120 αύταρκῆ
477 1033 534 1101 καὶ
556 1030 700 1121 ἀμετρον
722 1033 778 1102 καὶ
806 1031 891 1121 ὅρον
917 1036 976 1120 τῆς
1005 1035 1090 1119 ζωῆς

74 1135 129 1204 καί
151 1135 258 1217 πάσας
281 1139 465 1224 μεσότητας
488 1136 647 1226 ἀμβλείας
668 1140 724 1207 καὶ
748 1137 865 1222 ὀξείας.
908 1144 963 1208 δεῖ
982 1139 1020 1208 δὲ
1038 1135 1085 1226 μὴ

71 1242 270 1330 λανθάνειν,
287 1244 378 1325 ὅπως
390 1243 453 1332 τὴν
467 1245 528 1333 μὶν
537 1245 741 1334 τριγωνικὴν
750 1243 908 1332 γωνίανδ
922 1245 1089 1325 Φιλόλαος
1108 1260 1138 1310 1⁰

72 1351 245 1436 τέτταρσιν
269 1347 395 1444 ἀνῆκεν
417 1360 528 1437 θεοῖς,
550 1351 614 1439 τὴν
637 1352 675 1420 δὲ
696 1351 943 1441 τετραγωνικὴν
964 1356 1087 1440 τρισίν,

72 1455 330 1542 ἐνδεικνύμενος
362 1454 475 1525 αὐτῶν
506 1456 569 1545 τὴν
598 1456 644 1525 δι’
670 1456 824 1545 ἀλλήλων
853 1457 1001 1546 χώρησεν
1028 1457 1086 1526 καὶ

72 1558 133 1646 τὴν
157 1562 194 1628 ἐν
218 1570 320 1627 πᾶσιν
343 1559 482 1628 πάντων
503 1566 685 1629 κοινωνίαν
708 1567 775 1630 τῶν
797 1589 833 1630 τε
856 1567 1025 1650 περισσῶν
1049 1565 1086 1631 ἐν

74 1678 144 1743 τοῖς
167 1663 295 1752 ἀρτίοις
318 1665 374 1731 καὶ
397 1669 466 1733 τῶν
490 1663 614 1750 ἀρτίων
633 1669 671 1734 ἐν
689 1679 758 1746 τοῖς
776 1681 956 1755 περισσοῖς.
993 1664 1089 1755 τριὰς

79 1760 143 1836 οὖν
170 1768 346 1854 τετραδικὴ
375 1768 432 1836 καὶ
459 1767 575 1856 τετρὰς
600 1769 754 1856 τριαδικη
781 1775 850 1840 τῶν
876 1798 912 1839 τε
938 1778 1089 1859 γονίμων
1108 1789 1138 1840 ιῖ

74 1877 274 1962 μετέχουσαι
291 1875 347 1942 καὶ
365 1878 547 1961 ποιητικῶν
566 1872 709 1961 ἀγαθῶν
727 1874 790 1962 τὴν
810 1873 893 1962 ὅλην
912 1879 1089 1965 συνέχουσι

72 1986 142 2050 τῶν
170 1991 323 2067 γενητῶν
352 1982 589 2068 διακόσμησιν·
631 1980 692 2069 ἀφ’
718 1972 768 2050 ῶν
795 1979 816 2069 ἡ
846 1982 1017 2064 δυωδεκάς
1045 1989 1091 2065 είς

73 2094 155 2174 μίαν
179 2085 313 2173 μονάδα
339 2085 402 2174 τὴν
428 2091 490 2156 τοῦ
514 2085 600 2168 Διὸς
627 2085 736 2177 ἀρχὴν
764 2087 986 2158 ἀνατείνεται·
1027 2087 1089 2178 τὴν

73 2191 140 2278 γὰρ
173 2195 236 2260 τοῦ
267 2193 514 2279 δωδεκαγώνου
545 2200 674 2281 γωνίαν
703 2194 791 2276 Διὸς
816 2192 908 2264 εἶναί
935 2217 1039 2284 φησιν
1067 2192 1086 2266 ὅ

78 2296 258 2383 Φιλόλαος,
286 2296 331 2379 ῶς
352 2298 435 2368 κατὰ
459 2305 539 2387 μίαν
562 2303 686 2369 ἕνωσιν
707 2312 770 2370 τοῦ
793 2299 880 2382 Διὸς
902 2300 984 2372 ὅλον
1007 2326 1086 2373 συν·
1105 2322 1138 2372 ει]

76 2406 212 2492 ε’χοντος
224 2403 284 2473 τὸν
302 2416 361 2492 τῆς
379 2405 594 2487 δυωδεκάδος
611 2404 777 2495 ἀριθμόν·
799 2406 928 2495 ἡγεῖται
946 2409 1011 2497 γὰρ
1030 2411 1086 2478 καὶ

73 2509 162 2598 παρὰ
185 2514 231 2602 τῷ
254 2511 415 2580 Πλάτωνι
439 2503 651 2593 δυωδεκάδος
675 2512 693 2582 ὁ
718 2513 802 2595 Ζεύς
828 2516 884 2583 καί
912 2515 1087 2595 ἀπολύτως

75 2617 280 2704 ἐπιτροπεύει
312 2615 350 2686 τὸ
381 2621 458 2685 πᾶν.
507 2624 654 2688 τοσαῦτα
685 2622 741 2689 καί
772 2623 848 2709 περὶ
879 2627 947 2690 τῶν
976 2648 1087 2707 τετρα·

73 2722 228 2808 πλεύρων
251 2732 385 2812 είχομεν
406 2726 517 2810 λέγειν
539 2725 601 2812 τήν
624 2751 660 2793 τε
686 2738 748 2794 τοῦ
776 2730 990 2812 στοιχειωτοῦ
1015 2723 1086 2792 διά-

74 2855 173 2897 νοιαν
196 2831 432 2917 ἐμφανίζοντες
453 2829 508 2896 καὶ
527 2827 612 2917 πρὸς
629 2829 690 2908 τὰς
707 2832 1000 2919 θεωρητικωτέρας
1018 2833 1085 2898 ἐπι·
1106 2849 1138 2899 εῖ

72 2932 175 3021 βολὰς
197 2933 354 3023 ἀφορμὰς
377 2934 529 3014 διδόντες
551 2949 622 3015 τοῖς
639 2939 707 3002 τῶν
725 2946 859 3021 νοητῶν
873 2934 929 3001 καὶ
943 2931 1087 3020 ἀφανῶν

72 3038 202 3109 οὐσιῶν
224 3052 283 3126 τῆς
306 3040 463 3126 γνῶσεως
486 3041 684 3127 ἐφιεμένοις.

140 3146 359 3233 Παράλίηίοι
378 3143 514 3213 εὐθεῖαί
530 3151 628 3231 εἰσιν,
652 3148 776 3224 αἵτινες
794 3145 830 3211 ἐν
849 3147 895 3234 τῷ
911 3140 1000 3236 αὐτῷ
1021 3146 1087 3212 ἐπι-

70 3283 287 3293 ——n-

146 3345 172 3395 3.
191 3342 326 3408 χθονίων,
346 3356 414 3393 corr.
434 3344 515 3424 m.,1.
548 3403 554 3423 Ι
588 3343 613 3390 ὁ.
633 3337 699 3406 καί]
717 3335 767 3389 καὶ
785 3331 844 3415 ufir:
901 3341 941 3390 11.
960 3334 1090 3406 τίταρσιν

75 3428 161 3534 ““ἓῗζ”
173 3410 320 3548 Ξῗδίἷιι]
339 3407 562 3546 252232223035·
655 3411 697 3458 ¹³·
722 3402 766 3475 ἐν]
787 3405 886 3474 (pm)
904 3419 973 3460 ‘’⁰¹‘'
992 3422 1027 3460 ⁰¹
1045 3403 1089 3476 ’μ
