2362 3796
99 167 165 232 500
251 167 407 220 SCHOLIA
425 167 464 218 IN
481 166 757 219 ELEMENTORUM
774 165 912 218 LIBRUM
925 165 959 217 X.

169 309 242 376 185.
277 305 417 390 Ἰστέον,
446 303 497 374 ὅτι
525 305 563 374 τὸ
587 305 648 392 μέν
672 304 775 394 ῥητὸν
799 305 851 385 δὶς
873 301 985 389 εὑρεῖν
1011 309 1119 391 ἔστιν,

100 418 220 500 τριχῶς
243 412 281 481 δέ
303 412 340 480 τὸ
360 411 500 498 άλογον·
523 410 561 481 τὸ
580 411 645 500 γάρ
664 409 730 480 ὑπὸ
756 411 819 480 δόο
838 412 949 498 ῥητῶν
968 405 1121 479 εάδειῶν

101 521 197 608 μήκει
216 520 414 607 συμμέτρων
432 519 669 606 περιεχόμενον
688 518 792 606 ῥητόν
811 520 890 603 έστι,
913 516 967 584 καὶ
988 515 1028 584 τὸ
1048 513 1119 585 ὑπὸ

102 627 165 695 δύο
193 627 304 713 μέσων
334 624 475 712 δυνάμει
507 625 614 711 μόνον
638 626 836 712 συμμέτρων
860 628 929 690 ἔστι
951 623 1015 709 μέν
1038 645 1122 692 ποτε

66 732 242 819 οάλογον,
276 736 345 800 ἔστι
374 731 412 799 δὲ
439 731 493 799 καὶ
522 731 638 819 ῥητόν·
675 729 753 799 ίδοὺ
782 731 834 810 δὶς
856 727 894 798 τὸ
918 728 1033 815 ῥητόν.
1080 729 1121 799 τὸ

101 837 168 908 ὑπὸ
193 841 304 925 ῥητῶν
328 837 470 924 δυνάμει
497 838 605 924 μόνον
632 839 829 925 συμμέτρων
857 833 1004 904 εὐθειῶν
1026 859 1121 924 περι-

102 944 265 1032 εχόμενον
292 941 419 1028 ἀλογόν
447 944 531 1027 ἐστι,
563 944 619 1010 καὶ
646 940 683 1011 τδ
707 939 774 1011 ὑπὸ
799 941 861 1010 δύο
885 943 997 1028 μέσων
1021 941 1120 1028 μήκει

104 1050 303 1136 συμμέτρων
325 1048 562 1134 περιεχόμενον
586 1046 727 1133 άλογον,
752 1052 823 1133 καί,
848 1043 893 1126 ῶς
915 1054 1056 1133 εἴρηται,
1079 1046 1118 1115 τὸ

102 1154 168 1224 ὑπὸ
193 1153 256 1222 δύο
280 1154 393 1240 μέσων
416 1155 613 1240 συμμέτρων
632 1156 773 1240 δυνάμει
792 1153 901 1239 μόνον
919 1155 1115 1240 συμμέτρων

52 1285 85 1334 10
103 1267 171 1330 ἔστι
196 1262 257 1347 μέν
280 1284 359 1328 ποτε
387 1259 506 1345 ῥητόν,
539 1264 608 1326 ἔστι
638 1258 675 1327 δὲ
697 1259 752 1326 καὶ
776 1257 912 1344 ἀλογον.
958 1259 1015 1326 καὶ
1040 1257 1115 1327 λδοὺ

103 1366 140 1435 τὸ
165 1365 292 1451 ἀλογον
314 1368 437 1452 τριχῶς
459 1361 657 1451 εὑρίσκεται,
679 1365 735 1432 καὶ
759 1364 866 1450 διήκει
890 1361 1039 1449 οὕτωςὴ
1059 1369 1121 1452 τῆς

103 1472 240 1558 τριάδος
258 1468 437 1558 κρατητικη
458 1469 600 1557 δύναμις
620 1472 675 1538 καὶ
695 1469 744 1539 ἐπ’
763 1468 866 1556 αὐτῆς
884 1473 942 1557 της
956 1468 1122 1557 ἀορίστου

103 1580 158 1647 καὶ
191 1575 319 1663 ἀλόγου
352 1575 485 1663 φάσεως
517 1580 704 1665 συνέχουσα
731 1576 768 1645 τὸ
797 1574 983 1645 σκεδαστὸν
1013 1574 1123 1663 αὐτῆς

104 1688 159 1753 καὶ
183 1689 229 1764 εἰς
253 1681 335 1770 ὅρον
359 1695 429 1762 πως
451 1691 592 1751 τιθεῖσα.

54 1900 85 1949 15
447 1880 503 1944 Ad
526 1902 632 1963 prop.
654 1879 774 1944 XXVI.

175 2007 246 2071 186.
294 2001 382 2069 Οὐδὲ
409 2000 473 2088 γάρ
502 2000 643 2069 δύναται
669 1999 707 2068 τὸ
741 1999 867 2087 ἀλογον
898 2003 959 2066 τοῦ
991 1997 1123 2086 ἀλόγου

106 2113 194 2198 ῥητῷ
224 2106 406 2192 ὑπερέχειν.
454 2110 485 2174 εἰ
510 2106 574 2194 γὰρ
602 2105 640 2174 τὸ
669 2104 832 2193 ὑπερέχον
859 2105 1000 2191 ἀλογον,
1034 2104 1122 2174 ἀλλά

106 2217 161 2282 καὶ
185 2214 222 2280 τὸ
247 2211 507 2299 ὑπερεχόμενον,
530 2210 659 2298 ἀνάγκη
683 2223 772 2279 πᾶσα
794 2213 850 2280 καὶ
869 2211 930 2298 την
948 2208 1123 2300 ὑπεροχὴν
1163 2285 1171 2291 ,

106 2319 232 2402 ἀλογου
253 2316 347 2384 εἶναι.
383 2323 414 2384 ελ
430 2315 495 2404 γάρ
510 2315 593 2403 ῥητὴ
607 2315 627 2402 ἡ
643 2317 801 2404 ὑπεροχή,
820 2319 876 2385 καὶ
891 2322 1123 2405 δυνηθείημεν

55 2445 89 2493 20
107 2423 216 2491 πόσου
239 2421 401 2508 ὑπερέχει,
426 2421 573 2508 ἐσόμεθα
593 2422 809 2509 διεγνωκότες
826 2423 863 2491 τὸ
882 2420 1045 2510 ὑπερέχον
1065 2426 1123 2492 καὶ

107 2528 144 2597 τὸ
160 2526 416 2613 ὑπερεχόμενον·
436 2528 492 2595 καὶ
510 2532 580 2607 πῶς
596 2527 713 2616 ἀλογοι
729 2529 863 2622 ἀριθμῷ
877 2527 1124 2610 ὑποπίπτουσις

108 2633 145 2702 τὸ
166 2633 203 2700 δὲ
226 2631 351 2701 ἀτοπον
376 2635 556 2718 συνάγεται
578 2635 633 2701 καὶ
653 2637 689 2703 ἐκ
706 2646 768 2704 τοῦ
786 2634 890 2724 ῥητην
909 2635 1124 2721 συνάγεσθαι

108 2740 171 2827 την
186 2747 248 2807 ΕΘ
262 2739 389 2825 ἀλογον
404 2737 641 2826 ὑποκειμένην·
658 2739 794 2828 ,ἀνάγκη
813 2741 878 2827 γάρ
896 2739 960 2827 τὴν
974 2741 1036 2827 μὲν
1051 2750 1130 2810 ΕΗ

110 2845 320 2933 ἀσύμμετρον
339 2843 426 2913 εἶναι
444 2849 484 2932 τῇ
500 2853 572 2932 ΕΖ,
597 2846 683 2914 διότι
701 2849 805 2934 μέσον
828 2846 864 2914 τὸ
888 2852 1124 2936 παραβληθέν,

56 2974 90 3022 25
109 2952 170 3039 τὴν
191 2953 228 3020 δὲ
243 2959 309 3020 ΗΘ
332 2951 521 3039 σύμμετρον
544 2956 583 3040 τῇ
608 2951 702 3041 αὕτη,
727 2953 813 3020 διότι
837 2952 991 3040 ῥητὸν
958 2979 995 3021 το
1016 2978 1125 3041 παρα-

109 3061 254 3145 βληθέν,
288 3056 334 3137 ῶς
359 3059 415 3124 καὶ
445 3059 501 3125 διά
526 3062 624 3126 τοῦτο
654 3059 862 3195 συνάγεσθαι
889 3086 951 3144 την
979 3066 1054 3126 ΕΗ
1082 3067 1124 3151 τῇ

109 3172 179 3232 ΗΘ
201 3163 421 3253 ἀσύμμετρον.

88 3292 324 3306 ,------

184 3348 241 3396 185.
262 3339 309 3395 Vb.
384 3347 442 3396 186.
462 3342 564 3412 3015).

107 3446 323 3457 ..ι-ιι.-

172 3510 215 3561 20.
238 3501 333 3562 πόσου
352 3500 506 3578 ὑπερέχειλ
520 3503 569 3559 hie
587 3500 813 3558 ολὶοοωὶλυοοου
828 3503 880 3553 εδ.
