2362 3796
125 159 190 224 720
376 161 559 212 mmm
577 159 814 212 εοιιοιιοιιῐιιι
832 161 881 212 111.

191 305 221 372 2.
248 299 294 369 ‘H
307 305 375 370 τῶν
392 302 503 387 λόγων
518 300 681 380 σύνθεσις
700 303 736 368 έν
751 301 861 388 τρισὶν
880 299 975 387 ὅροις
990 306 1139 387 γίγνεται

123 413 185 477 τοῦ
204 410 310 495 μέσον
328 407 413 497 ὅρου
431 405 486 475 ὁτὲ
504 407 566 494 μέν
584 411 645 476 τοῦ
663 407 726 495 μὲν
739 412 809 475 τῶν
823 405 936 495 ἀκρων
950 409 1139 492 ἐλάττονος,

124 519 185 583 τοῦ
210 515 247 583 δέ
270 520 423 602 μείζονος
445 516 720 600 λαμβανομένου,
748 511 803 583 ὁτὲ
831 513 869 582 δὲ
895 513 951 582 καὶ
981 514 1140 603 ἑκατέρου

124 626 289 707 μείζονος,
319 616 374 687 ὁτὲ
396 619 435 687 δὲ
456 619 513 687 καὶ
536 620 693 705 ἑκατέρου
717 619 909 705 ἐλάττονος,
936 621 994 688 καὶ
1017 620 1140 689 τούτου

90 751 105 799 ε
125 729 163 795 έν
180 729 248 795 των
267 725 379 812 λόγων
392 729 432 814 τῇ
448 729 608 795 συνθέσει
622 725 922 813 ὑπεξαιρουμένου·
946 725 967 813 ή
984 726 1023 795 δὲ
1038 731 1139 813 λόγου

126 831 190 900 ἀπὸ
215 831 320 919 λόγου
342 829 517 919 ἀφαίρεσις
540 834 739 918 ἐκκειμένων
760 837 864 918 τριῶν
888 831 996 920 ὅρων,
1023 825 1074 902 ὧν
1096 828 1138 912 εἷς

125 936 238 1019 κοινὸς
264 941 326 1006 τοῦ
353 964 388 1007 τε
415 936 671 1026 ἀφαιρουμένου
698 939 802 1025 λόγου
828 946 899 1026 καί,
928 937 990 1027 ἀφ’
1020 932 1064 1008 οὗ
1091 945 1139 1008 θεί

125 1044 184 1112 τὸν
204 1042 459 1131 ἀφαιρούμενον
477 1048 600 1115 τοῦτον
616 1043 766 1133 ἀφελεῖν,
784 1046 840 1113 καὶ
855 1051 966 1114 ἔπειτα
980 1047 1136 1135 τετάρτου

126 1147 296 1236 ἀνάλογον
319 1155 595 1240 προσευρημένου
621 1150 682 1220 τὸν
711 1149 830 1219 λοιπὸν
858 1149 941 1240 ὅρον
970 1154 1009 1220 έν
1038 1156 1084 1243 τῷ
1104 1177 1136 1219 τε

74 1279 107 1329 10
125 1260 227 1346 κοινῷ
247 1260 315 1324 τῶν
332 1257 599 1345 προεκκειμένων
616 1256 673 1322 καί
691 1259 736 1347 τῷ
755 1255 899 1347 τετάρτῳ
915 1255 1027 1346 τούτῳ
1042 1275 1137 1342 προσ-

126 1363 298 1453 ευρημένῳ
326 1368 514 1431 καταλείπει
541 1363 629 1454 μέσῳ
658 1361 824 1449 ληφθέντι
850 1367 919 1430 τῶν
946 1361 1010 1430 τὸν
1038 1361 1136 1448 λόγον

125 1470 348 1556 περιεχόντων
386 1466 491 1554 ὅρων,
529 1465 590 1553 ἀφ’
626 1459 668 1536 οὗ
704 1472 757 1535 θεῖ
787 1466 847 1536 τὸν
882 1464 1135 1556 ἀφαιρούμενον

125 1571 274 1661 ἀφελεῖν,
292 1574 348 1641 καὶ
367 1578 478 1642 ἔπειτα
496 1577 645 1662 θατέρου
662 1578 732 1642 τῶν
750 1572 864 1663 άκρων
877 1573 1137 1663 ὑπεξήρήμένου.

126 1678 144 1748 ὁ
174 1680 212 1747 δὲ
237 1682 392 1769 τέταρτος
419 1677 590 1766 ἀνάλογον
623 1680 702 1768 ὅρος
732 1685 1009 1769 προσευρίσκεται
1045 1687 1136 1750 δυοῖν

74 1810 107 1858 ιε
126 1787 188 1873 μὲν
220 1784 312 1873 ὅρων
340 1785 507 1875 ἀλλήλους
532 1789 911 1872 πολλαπλασιασάυτων,
941 1792 1005 1856 τοῦ
1040 1789 1080 1857 δὲ
1108 1793 1138 1858 ἐκ

124 1897 186 1962 τοῦ
209 1896 529 1980 πολλαπλασιασμοῦ
550 1892 728 1979 γεγονότος
750 1891 838 1982 παρά
861 1892 920 1961 τὸν
944 1895 1073 1964 λοιπὸν
1092 1923 1138 1983 με·

125 2001 340 2087 μερισμένου·
364 1997 465 2086 ὁγὰρ
485 2001 520 2068 ἐκ
542 2002 604 2067 τοῦ
625 1998 783 2067 τοιούτου
805 2005 969 2086 μερισμοῦ
992 2006 1138 2088 γεγονὼς

127 2103 145 2172 ὁ
167 2108 322 2192 τέταρτος
344 2103 516 2192 ἀνάλογον
539 2102 619 2192 ὅρος
642 2107 748 2190 ἐστίν,
773 2102 820 2191 ὅς,
844 2104 904 2173 ἐάν
927 2105 991 2192 μὲν
1016 2113 1090 2177 τῶν
1112 2110 1137 2188 ἐξ

126 2209 230 2298 ἀρχῆς
254 2213 345 2299 ὅρων
369 2214 404 2279 οί
424 2209 536 2299 ἀκροι,
564 2211 735 2279 τουτέστιν
763 2208 783 2278 ὅ
805 2236 840 2278 τε
863 2213 1022 2298 μέγιστος
1047 2217 1103 2282 καὶ
1124 2211 1137 2280 ὁ

73 2339 107 2388 20
127 2316 313 2404 ἐλάχιστος,
343 2313 507 2403 ἀλλήλους
534 2317 865 2403 πολλαπλασιάσωσι,
894 2316 985 2400 παρά
1019 2323 1058 2389 δὲ
1086 2319 1137 2390 τὸν

126 2423 229 2506 μέσον
253 2420 271 2489 ὁ
295 2425 455 2509 μερισμὸς
477 2424 629 2509 γένήται,
657 2425 758 2509 μέσος
785 2422 1001 2509 ληφθήσεται
1025 2432 1089 2496 τοῦ
1110 2451 1138 2492 τε

126 2527 241 2614 ἑτέρον
263 2530 331 2594 τῶν
354 2524 468 2614 ἀκρων
493 2528 549 2593 καὶ
571 2531 632 2594 τοῦ
654 2532 723 2596 τάν
747 2530 780 2609 ἐξ
803 2526 906 2616 ἀρχῆς
929 2529 1056 2618 μέσου,
1088 2531 1139 2602 ἐὰν

126 2632 164 2700 δὲ
186 2635 254 2700 των
278 2634 311 2713 έξ
335 2631 438 2720 ἀρχῆς
463 2629 480 2701 ὁ
505 2631 567 2719 μὲν
590 2633 689 2720 μέσος
710 2633 772 2701 τὸν
795 2635 909 2721 ἕτερον
932 2638 1005 2704 τῶν
1029 2637 1140 2728 ἀκρων

125 2738 416 2827 πολλαπλασιάσή,
443 2737 532 2827 παρά
561 2740 599 2807 δὲ
625 2740 686 2808 τὸν
714 2739 834 2808 λοιπὸν
862 2737 880 2806 ὁ
904 2744 1074 2831 μερισμὸς
1097 2747 1140 2833 γε’-

73 2870 107 2920 25
126 2872 236 2932 υήται,
256 2847 291 2913 οί
306 2844 368 2932 μὲν
385 2844 550 2933 ἀλλήλους
562 2845 913 2925 πολλαπλασιάσαντες
931 2850 1045 2937 μέσοι,
1066 2849 1138 2939 παρ’

125 3111 140 3164 f
155 3112 166 3165 l
194 3042 311 3167 1λὲθῑλοιι.
326 3039 411 3095 Marc.
427 3045 478 3094 301
493 3039 540 3095 fol.
555 3040 767 3109 466“,Π1εᾱοο.
783 3040 874 3110 suppl.
889 3048 958 3110 gne
976 3046 1024 3114 (63
1037 3047 1140 3115 Kollar)

138 3127 174 3167 ο.
247 3153 253 3167 .

125 3229 339 3240 ------..

198 3297 223 3350 4.
250 3292 367 3366 μείζονα
381 3288 467 3346 vind.
556 3295 581 3344 ὅ.
605 3285 832 3359 ἀπεξερουμένον
856 3288 940 3344 Vind.
1039 3303 1066 3352 6,
1091 3291 1139 3351 ἀπὸ

116 3368 234 3443 λόγου]
261 3363 427 3426 ουκῑίὶωθ,
512 3369 542 3418 (ε.
559 3355 589 3416 ἒν
609 3365 703 3414 -Q
721 3357 828 3432 τούτῳ]
854 3377 909 3415 om.
928 3361 1018 3420 Vind.
1106 3373 1140 3421 11.

113 3445 194 3522 τῶν]
215 3463 280 3505 om.
297 3442 390 3503 vind.
469 3441 515 3493 Ἃ.
534 3427 770 3498 ἀνάλολοεᾚωο,
839 3435 887 3482 RQ„
903 3427 1047 3502 ἀνάλογος
1065 3437 1141 3494 Vind.

66 3522 92 3559 ²
157 3527 207 3580 22.
230 3521 305 3596 τοῦ]
327 3535 390 3578 om.
405 3509 502 3572 m,
