2362 3796
89 135 155 199 322
238 138 394 191 scnom
412 139 451 190 m
468 138 742 191 ELEMENTORUM
759 138 900 190 ωωωυυ
912 139 959 193 vl.

87 278 307 363 πηλικότητας
334 277 372 345 δὲ
399 277 504 363 λέγει,
532 275 592 364 ἀφ’
620 268 669 345 οἷν
697 273 934 365 ὀνομάζονται,
963 275 1008 358 ὡς
1036 273 1103 345 άπό

87 385 155 450 τόν
188 382 251 450 δόο
285 381 303 451 ό
337 382 521 463 διπλάσιος.
572 387 655 450 ἔστω
688 383 788 471 λόγος
813 393 876 450 τοῦ
904 379 991 451 ὀκτὼ
1019 381 1107 470 πρὸς

86 485 146 555 τόν
166 480 186 555 δ
206 492 402 576 διπλασίων,
424 489 481 556 καὶ
500 480 544 556 αὖ
561 492 623 556 τοῦ
642 480 665 556 δ
685 487 770 577 πρὸς
791 486 852 556 τὸν
870 481 896 575 β
915 492 1104 558 διπλασίων

84 593 141 660 καὶ
160 591 274 672 αὐτός·
298 591 316 662 ὁ
335 593 575 679 τετραπλάσιος
593 585 657 662 οὖν
670 596 771 679 λόγος
784 604 845 662 τοῦ
862 605 885 680 η’
902 592 986 680 πρὸς
999 593 1062 664 τόν
1081 587 1104 682 β

50 722 65 771 5
85 709 283 785 συγκεῖσθαι
306 701 435 786 λέγεται
458 702 584 768 ἐκτῶν
608 699 671 767 δύο
695 698 818 786 λόγων,
841 702 901 767 τοῦ
920 725 955 768 τε
973 712 994 786 η
1016 699 1104 788 πρὸς

83 805 144 872 τὸν
164 796 185 872 δ
202 807 258 875 καί
276 809 337 874 τοῦ
357 796 480 891 δπρὸς
497 803 557 873 τὸν
574 797 608 891 β,
633 803 684 873 ότι
703 809 740 872 αί
756 804 971 892 πηλικότητες
986 803 1102 875 αὐτῶν

82 915 240 980 ποιοῦσιν
269 908 374 980 αὐτὸν
398 909 515 991 οὕτως.
561 910 631 978 ἐπεὶ
658 907 703 989 ὡς
730 919 858 997 είρηται
884 910 1102 999 πηλικότητες

84 1019 119 1084 οί
139 1014 281 1105 άριθμοί
304 1018 473 1104 λέγονται,
498 1015 559 1104 ἀφ’
582 1007 631 1085 ὧν
658 1018 695 1083 αί
716 1016 843 1103 σχέσεις
866 1014 1101 1106 ὀνομάζονται,

83 1116 158 1189 οἷον
181 1119 247 1190 άπὸ
266 1127 326 1190 τοῦ
344 1116 367 1210 β
388 1122 445 1191 καὶ
463 1128 539 1211 τρία
557 1122 613 1189 καί
632 1123 775 1211 τέσσαρα
799 1120 817 1191 ὁ
844 1122 1020 1205 διπλάσιος
1041 1124 1099 1192 καί

30 1249 63 1298 10
81 1226 276 1310 τριπλάσιος
296 1229 352 1295 καί
375 1231 611 1317 τετραπλάσιος
629 1229 738 1314 λόγος,
762 1226 959 1316 ὀνομάζεται
984 1229 1023 1297 δὲ
1042 1229 1101 1296 καί

81 1330 120 1400 τὸ
143 1330 248 1419 ἥμισυ
270 1332 335 1402 άπὸ
359 1337 420 1402 τοῦ
444 1333 534 1418 ἑνός,
562 1338 632 1401 ἔστι
659 1333 698 1401 δὲ
726 1331 744 1402 ὁ
772 1333 835 1402 δύο
862 1338 925 1402 τοῦ
953 1336 1099 1424 τέσσαρα

81 1435 219 1525 ἥμισυς,
251 1438 411 1526 λαμβάνω
441 1439 479 1508 τὸ
508 1436 612 1526 ἥμισυ
643 1443 702 1526 τῆς
725 1439 888 1526 μονάδος,
920 1437 980 1526 ἀφ’
1010 1431 1052 1526 ἧς
1080 1436 1099 1508 ὃ

81 1545 144 1612 δόο
158 1549 227 1614 τῶν
242 1545 414 1632 τεσσάρων
428 1546 549 1632 ἥμισυς
563 1546 703 1631 λέγεται,
718 1540 759 1613 όν
771 1548 900 1613 λεπτοόν
910 1536 1099 1632 πράτωνλ·

80 1646 204 1735 ὁμοίως
231 1650 391 1737 λαμβάνω
418 1651 474 1719 καί
502 1652 617 1737 ἕτερον
644 1648 748 1737 ἥμισυ
775 1649 937 1736 μονάδος,
970 1649 1031 1738 ἀφ’
1058 1641 1100 1738 ἧς

27 1777 60 1826 15
79 1754 181 1824 πάλιν
205 1754 223 1824 ὁ
248 1747 269 1824 δ
295 1755 417 1843 ἥμισυς
438 1758 567 1843 λέγεται
590 1759 653 1824 τοῦ
675 1767 713 1843 η,
740 1756 796 1824 καί
819 1756 1097 1839 πολλαπλασιάζω

78 1851 160 1929 πάλ
184 1866 298 1949 πρῶτα
325 1863 426 1931 λεπτὰ
454 1863 508 1932 ἐπὶ
535 1861 576 1930 τά
599 1855 624 1930 λ
646 1865 762 1949 πρῶτα
786 1861 843 1930 καὶ
872 1859 956 1930 αότδι
979 1862 1097 1932 λεπτά·

78 1966 133 2033 καί
165 1972 318 2053 γίνονται
351 1969 490 2057 δεύτερα
523 1964 623 2035 λεπτά
652 1965 841 2036 ἐννακόσια.
887 1970 992 2035 ταῦτα
1015 1966 1097 2037 άνα-

78 2072 202 2158 βιβάζω
225 2071 300 2159 ἤτοι
320 2073 479 2159 μοιράζω·
503 2078 656 2158 γίνονται
679 2073 759 2140 δέκα
781 2071 838 2140 καὶ
859 2072 957 2140 πέντε
979 2077 1097 2161 πρῶτα

78 2178 195 2263 λεπτά,
228 2176 325 2246 άτινα
354 2180 531 2247 δεκαπέντε
559 2182 673 2264 πρώτα
705 2176 805 2246 λεπτά
837 2177 997 2265 τέταρτόν
1029 2183 1097 2248 είσι

25 2304 59 2356 20
77 2280 239 2367 μονάδος·
274 2284 423 2371 τετράκις
448 2282 513 2369 γὰρ
538 2287 616 2365 cie.
660 2279 745 2351 άλλόι
774 2282 815 2369 δὴ
843 2287 927 2351 ἔστω
951 2280 969 2352 ὁ
994 2285 1098 2371 μέσος

76 2390 137 2454 τοῦ
159 2379 189 2472 β
207 2387 263 2454 καὶ
289 2393 310 2474 η
345 2386 423 2474 όμ·
469 2388 525 2456 καὶ
554 2390 624 2457 ἐπεὶ
650 2387 692 2457 τά
720 2391 783 2457 δύο
806 2393 868 2457 τοῦ
892 2390 1096 2476 μἐίκοστόν

77 2494 183 2578 ἐστιν,
211 2494 370 2579 λαμβάνω
398 2491 436 2561 τὸ
464 2493 617 2563 είκοστὸν
644 2498 702 2580 της
724 2493 874 2581 μονάδος
897 2491 939 2564 όν
962 2501 1096 2566 λεπτῶν

26 2646 30 2652 -
76 2602 186 2683 τριῶν.
245 2598 315 2666 ἐπεὶ
346 2598 448 2667 πάλιν
481 2596 499 2668 ὁ
532 2606 560 2687 μ
587 2599 831 2680 πενταπλάσιός
864 2601 933 2668 ἐστι
964 2606 1026 2670 τοῦ
1059 2609 1095 2690 η,

1034 2833 1094 2870 των

74 2877 127 2936 δόο
145 2900 171 2950 y.
233 2889 272 2938 10.
291 2881 373 2951 λόγος
391 2883 440 2937 καί
459 2880 474 2937 ὁ
494 2881 695 2951 τετραπλάσιος
712 2882 770 2951 Vq.
836 2887 876 2936 12.
897 2878 952 2952 ἀφ’
967 2814 1015 2955 ἧς]
1035 2883 1093 2940 del.

73 2970 109 3007 m.
130 2957 146 3007 2
164 2971 191 3022 y,
210 2969 264 3009 om.
284 2952 369 3022 VBq.
452 2948 593 3010 όδόο-
615 2951 1092 3024 13.1s'yevm]mg.m.2y,om

72 3023 160 3092 VBq.
243 3029 286 3079 13.
305 3020 350 3095 όν]
371 3019 410 3078 τόν
428 3041 455 3092 y.
538 3021 640 3080 λεπτόν
658 3022 692 3078 V.
770 3024 884 3091 πρῶτον
903 3023 961 3093 Vq.
1047 3032 1092 3081 14.

73 3089 188 3163 ὁμοίως]
208 3094 223 3148 ὄ
243 3094 274 3162 Β,
293 3098 322 3150 θλ
340 3112 366 3162 y,
386 3095 439 3148 del.
459 3113 496 3151 m.
517 3101 541 3149 2.
620 3093 730 3165 ἕτερον]
750 3089 865 3158 στερεόν
885 3111 911 3162 q.
988 3085 1035 3168 ἧς]
1055 3087 1094 3166 ἧς

74 3161 197 3233 μονάδος
211 3164 268 3233 Vq.
335 3169 375 3219 15.
394 3160 507 3238 ἥμισυς]
523 3162 609 3235 ἣμισυ
625 3163 681 3232 Vq.
743 3170 786 3220 16.
806 3159 869 3234 ἐπί]
885 3166 938 3219 καί
948 3181 1039 3236 comp.
1054 3166 1091 3223 V.

110 3257 151 3306 17.
170 3253 235 3323 καί]
256 3268 310 3308 om.
329 3253 387 3322 Vq.
471 3258 513 3308 18.
532 3253 598 3325 καί]
618 3269 672 3307 om.
692 3251 723 3307 B.
810 3257 854 3307 21.
873 3253 907 3324 ᾗ]
926 3244 946 3308 δ
962 3271 993 3322 q,
1018 3248 1092 3310 όλτῶ

72 3324 248 3392 (suprascr.)
267 3321 297 3392 η’
317 3322 395 3393 V(?).
468 3328 511 3378 22.
533 3319 620 3393 ἐστιν]
641 3321 695 3378 τίοι
712 3323 771 3392 Vq.
849 3328 891 3378 23.
910 3309 1093 3388 πεντακλοάς

72 3407 177 3447 ocorr.
196 3392 230 3448 V.
302 3393 372 3449 Post
389 3401 407 3462 ῆ
427 3395 492 3449 add.
511 3392 640 3463 πέμπτον
661 3396 725 3463 (om.
745 3395 778 3463 Β)
797 3393 882 3464 μέρος
899 3395 949 3450 τοῦ
969 3400 989 3464 μ
1008 3396 1038 3466 (ἦ
1054 3395 1092 3467 Β)

62 3444 121 3590 '77
136 3463 172 3531 (ᾖ
181 3461 220 3533 Β)
237 3461 352 3534 λέγεται
371 3463 395 3519 Β
399 3481 427 3535 y.

146 2818 170 2866 4.
190 2813 400 2879 τετραπλασίων
418 2812 452 2868 V.
527 2805 590 2885 οὖν]
609 2814 706 2867 τοίνυν
725 2811 783 2880 Vq.
871 2817 896 2866 9.
914 2813 965 2867 τοῦ
