2362 3796
77 137 168 193 XXIV
363 136 633 190 PROLEGOMENA
651 135 803 189 ORITIOA.

77 279 156 333 modi
169 278 300 347 operibus
315 276 492 346 antiquitatis
507 278 613 332 factum
627 275 754 330 uidemus
768 275 848 329 uelut
861 277 890 331 in
905 275 984 330 libris
1000 293 1094 345 grana

78 356 256 426 maticorum,
275 358 304 412 in
321 356 418 411 lexicis
438 359 490 411 cet.
525 356 622 425 itaque
640 357 673 410 ut
690 357 801 426 tempus
821 357 850 410 et
868 371 972 425 genera
990 356 1092 411 harum

78 437 330 506 interpolationum
344 437 559 506 distinguamus,
576 436 650 504 quod
664 436 710 489 uel
721 433 904 505 praecipuum
919 450 988 504 opus
1004 435 1030 490 ei
1040 438 1092 504 est,

81 515 131 585 qui
149 516 209 571 fata
227 515 436 572 Elementorum
454 515 585 586 persequi
602 512 686 582 uelit,
712 516 778 569 ante
797 513 891 570 omnia
909 531 1024 569 necesse
1039 518 1091 585 est,

80 597 114 650 ut
133 597 238 651 certum
259 597 373 666 aliquod
396 596 608 652 fundamentum
631 611 811 665 quaeramus,
835 595 907 648 unde
932 594 1092 663 disquisitio

77 678 175 730 nostra
202 675 232 730 in
254 678 401 746 utramque
424 680 537 746 partem
560 673 635 729 exire
658 672 755 744 possit.
797 690 883 742 quare
908 675 944 728 ab
968 673 1093 731 editione

77 754 198 812 Theonis
217 757 406 826 incipiendum
427 772 487 810 esse
506 753 614 824 putaui.
652 755 701 808 sed
719 754 796 823 prius
815 769 899 822 quam
919 753 953 807 de
973 754 1092 824 singulis

77 833 265 904 disputamus,
293 834 511 900 ostendendum,
535 851 591 902 qua
613 834 782 889 auctoritate
805 832 835 886 in
858 848 892 886 ea
915 831 1092 890 restituenda

74 916 204 971 nitamur.

524 1027 594 1104 Oap.
618 1027 641 1088 I.

78 1131 206 1194 Quibus
225 1129 413 1182 auctoribus
434 1129 474 1180 de
494 1127 635 1181 editione
654 1129 795 1180 Theonis
818 1128 957 1180 iudicari
973 1129 1090 1190 possit.

149 1235 237 1289 cardo
256 1234 338 1288 huius
358 1233 529 1302 quaestionis
552 1234 582 1287 in
599 1232 663 1288 loco
681 1233 731 1286 illo
750 1231 929 1287 memorabili
948 1248 1093 1288 commen-

79 1314 216 1369 tariorum
229 1312 353 1368 Theonis
370 1314 400 1367 in
414 1313 606 1367 Ptolemaeum
625 1314 675 1380 est,
694 1311 743 1366 ubi
761 1312 881 1382 legimus
900 1313 923 1382 (l
937 1331 963 1382 p.
979 1318 1030 1366 201
1046 1313 1090 1368 ed.

80 1392 184 1446 Halma
202 1418 236 1438 =
254 1411 281 1461 p.
301 1395 335 1445 50
355 1393 398 1446 ed.
417 1391 514 1462 Basil.)
538 1385 583 1447 ότι
607 1391 638 1446 δὲ
663 1388 692 1446 οἱ
715 1387 762 1446 ἐπὶ
781 1393 849 1446 ἴσων
867 1389 978 1446 κόκλωιι
996 1399 1093 1462 topace

84 1467 156 1542 πρὸς
174 1468 307 1540 ἀλλήλους
326 1469 406 1539 εἰσίν,
426 1465 463 1532 ὡς
481 1467 514 1523 αλ
528 1472 637 1540 γωνίαι,
657 1465 706 1540 ἐφ’
723 1462 762 1525 ὧν
782 1467 925 1544 βεβήκασι,
946 1468 1093 1526 δέδεικται

74 1547 148 1622 ἡμῖν
176 1547 208 1607 ἐν
235 1553 267 1622 τῇ
296 1545 408 1605 ἐκδόσει
430 1551 486 1603 τῶν
512 1551 656 1618 στοιχείων
680 1548 750 1619 πρὸς
773 1553 810 1624 τῷ
834 1549 909 1606 τέλει
930 1552 981 1606 τοῦ
1006 1549 1091 1605 ἕκτου

79 1632 197 1704 βιβλίου.
235 1630 332 1699 itaque
356 1647 419 1684 cum
436 1629 491 1684 hoc
511 1630 735 1685 additamentum
755 1647 844 1700 paene
863 1647 960 1685 omnes
979 1630 1090 1685 codices

75 1710 167 1765 nostri
185 1710 215 1765 in
233 1709 285 1778 Vl,
309 1716 343 1765 33
363 1710 498 1775 habeant,
523 1726 538 1763 e
557 1710 717 1766 recensione
736 1712 859 1766 Theonis
878 1709 998 1781 profecti
1017 1713 1089 1778 sunt,

74 1788 105 1842 id
124 1790 199 1858 quod
223 1792 388 1860 plerumque
410 1788 465 1858 ipsi
489 1787 582 1844 titulis
606 1791 662 1845 suis
686 1788 730 1860 (ἐκ
749 1797 799 1862 τῆς
818 1791 932 1853 Θέωνος
952 1785 1091 1852 ἐκδόσεως

76 1871 105 1922 et
122 1870 217 1941 simil.)
231 1871 378 1925 testantur.
406 1870 464 1924 iam
483 1884 548 1922 cum
566 1869 722 1940 Peyrardus
740 1871 771 1924 in
784 1871 918 1925 codVat.
934 1875 984 1923 190
1000 1884 1090 1938 neque

74 1947 323 2018 interpolationem
340 1949 420 2003 illam
443 1964 536 2017 neque
555 1950 629 2004 hunc
647 1951 763 2006 titulum
781 1948 934 2016 inueniret,
959 1964 1009 2003 suo
1028 1948 1089 2002 iure

76 2028 152 2082 hunc
172 2029 297 2082 codicem
315 2027 508 2084 recensionem
522 2029 635 2085 Theone
653 2031 840 2099 antiquiorem
859 2031 1002 2084 continere
1017 2030 1090 2084 iudi-

78 2106 161 2161 cauit.
200 2109 230 2161 et
247 2107 393 2162 librarium
411 2107 518 2162 codicis
537 2108 559 2161 P
578 2109 637 2163 siue
655 2110 750 2179 potius
770 2108 917 2178 archetypi
940 2109 1000 2163 eius
1021 2109 1089 2163 duas

72 2187 142 2242 illas
160 2185 338 2240 recensiones
357 2186 469 2242 nouisse
489 2189 518 2242 et
537 2189 632 2244 dedita
651 2205 737 2258 opera
755 2188 899 2255 antiquam
913 2187 1089 2266 praetulisse,

77 2267 196 2337 adparet
213 2281 228 2318 e
243 2266 349 2320 scholio
364 2268 550 2338 memorabili,
570 2270 645 2338 quod
659 2269 699 2322 IV
711 2287 739 2336 p.
754 2272 806 2322 263
820 2269 879 2320 not.
895 2265 984 2320 edidi:
1005 2269 1089 2322 τοῦτο

75 2341 108 2398 τὸ
122 2342 260 2414 θεώρημα
276 2341 308 2399 ἐν
321 2348 533 2411 τοῖσπλείστοις
551 2350 611 2416 τῆς
630 2346 710 2409 νέας
725 2341 896 2405 ἐκδόσεως
910 2338 944 2397 οὐ
960 2343 1089 2415 φέρεται,

74 2420 107 2480 ἓν
127 2421 159 2479 δὲ
178 2431 236 2486 τοῖς
258 2424 316 2494 τῆς
338 2427 491 2490 παλαιᾶς
511 2425 672 2496 εὑρίσκεται
694 2422 782 2494 (XIII,
803 2430 818 2476 6
842 2421 872 2474 in
890 2421 912 2474 P
931 2421 1036 2484 exstat,
1060 2422 1091 2476 in

72 2502 217 2559 nonnullis
234 2503 384 2560 Theoninis
405 2507 503 2575 deest).
531 2507 629 2574 itaque
648 2501 819 2572 comparatis
838 2499 917 2554 codd.
937 2497 1088 2558 Theoninis

74 2582 144 2637 etP
167 2583 202 2638 de
225 2587 428 2642 mutationibus
447 2605 464 2641 a
481 2585 596 2639 Theone
619 2580 702 2635 factis
727 2582 757 2634 in
780 2581 940 2633 uniuersum
964 2577 1089 2637 iudicare

76 2678 234 2733 possumus.

145 2742 204 2797 iam
223 2745 343 2816 primurn
362 2747 398 2801 ad
415 2746 531 2799 breuem
549 2740 681 2796 notitiam
704 2737 809 2793 codicis
829 2737 892 2792 Vat.
914 2743 976 2805 190,
1001 2756 1086 2808 quam

78 2821 143 2877 dedi
161 2823 175 2876 I
193 2842 220 2894 p.
239 2824 313 2894 VIII,
332 2825 489 2879 uberiorem
508 2819 724 2888 descriptionem
743 2817 902 2887 adiungam.

145 2900 238 2959 Codex
265 2904 419 2959 Uaticanus
453 2900 540 2970 igitur
573 2914 688 2968 graecus
722 2912 837 2952 numero
869 2903 920 2952 190
952 2898 1087 2971 signatus,

72 2983 227 3038 membran.
247 2984 339 3037 forma
356 2983 422 3048 lta,
441 2995 515 3034 nunc
534 2979 641 3033 duobus
660 2978 772 3033 constat
789 2976 991 3047 uoluminibus,
1015 2995 1088 3047 quae

73 3058 133 3114 sine
159 3062 243 3116 dubio
268 3063 336 3116 olim
358 3059 508 3114 coniuncta
532 3061 618 3114 erant.
658 3059 745 3114 codex
762 3058 837 3127 ipse,
861 3057 910 3127 qui
930 3058 1041 3114 saeculo
1061 3057 1088 3111 X

74 3139 239 3194 tribuendus
259 3141 315 3208 est,
338 3141 415 3193 totus
434 3139 532 3194 eadem
552 3156 636 3194 manu
654 3136 745 3193 nitida
765 3141 794 3192 et
812 3138 947 3193 adcurate
965 3138 1087 3207 scriptus

74 3217 119 3270 est
142 3218 246 3274 litteris
274 3217 417 3287 oblongis,
451 3221 606 3274 atramento
635 3218 726 3273 badio.
772 3217 802 3272 in
829 3217 946 3287 singulis
974 3215 1087 3286 paginis

74 3294 158 3349 binae
173 3298 327 3352 columnae.
348 3297 462 3367 spiritus
472 3303 658 3368 accentusque
671 3300 836 3368 plerumque
850 3299 974 3364 deerant,
989 3295 1088 3351 multis

74 3368 145 3455 locis
167 3375 296 3432 manibus
324 3377 525 3434 recentioribus
550 3379 640 3434 additi
665 3381 744 3447 sunt,
768 3379 817 3432 sed
835 3377 1029 3433 inconstanter
1047 3375 1088 3444 (in

71 3441 152 3498 hbrifl
178 3449 244 3508 XIV
270 3456 299 3511 et
321 3455 373 3511 XV
400 3460 429 3512 et
456 3455 486 3512 iu
515 3457 628 3514 scholiis
656 3474 768 3529 prorsus
797 3457 985 3524 omittuntur).
1028 3471 1088 3510 cor·
