2362 3796
257 166 413 218 SOHOLIA
430 169 470 220 IN
488 167 763 220 ELEMENTORUM
780 169 919 220 LIBRUM
932 169 965 222 X.
1048 167 1124 233 483.

102 306 270 389 δευτέρων
293 297 315 373 δ
335 306 392 374 καὶ
414 311 536 394 τρίτων
560 295 583 374 δ
608 306 664 375 καὶ
687 308 852 395 τετάρτων
874 299 936 396 μδ,
965 307 1048 378 ὅσον
1070 303 1114 397 ήν

99 410 217 480 καὶτὸ
240 418 398 500 τέταρτον
420 417 482 481 τοῦ
506 411 572 481 άτιὸ
595 417 655 500 τῆς
676 421 724 499 Α,
751 413 789 482 τὸ
815 414 853 482 δὲ
875 413 940 483 άπὸ
964 420 1023 502 τῆς
1045 425 1114 485 ΕΔ

100 521 229 602 γίνεται
251 518 411 605 μονάδων
435 511 474 605 a?
496 520 552 587 καὶ
575 523 705 588 λεπτῶν
729 512 776 606 μδ
801 520 857 589 καὶ
883 525 1050 607 δευτέρων
1072 529 1113 609 μέ

99 623 155 690 καλ
178 629 300 713 τρίτων
322 617 368 693 νδ
389 626 445 692 καὶ
467 624 634 712 τετάρτων
656 631 698 711 ῖς,
721 629 947 714 συντιθέμενα
970 627 1008 696 δὲ
1027 627 1112 716 ὁμοῦ

98 733 228 814 γίνεται
249 731 396 819 μονάδες
417 723 465 799 κδ
482 731 538 799 καὶ
560 731 661 800 λεπτά
684 737 728 799 να
746 722 794 801 ὦ
810 725 869 820 νδ,
892 731 989 801 άτινα
1008 739 1055 813 εἰς
1075 738 1112 803 ἓν
1149 762 1165 810 5

98 834 220 904 λεπτὸν
247 837 519 925 κεφαλαιούμενοι
550 839 605 906 καὶ
632 843 678 931 τῷ
702 831 748 908 εἶδ’
771 841 1018 928 κροστνδέμενα
1042 864 1112 908 κοι-

98 940 223 1027 ήσουσι
245 944 396 1030 μονάδας
418 949 465 1013 κε.
502 949 572 1013 ἔστι
594 951 712 1014 τοίνυν
735 943 756 1033 ἡ
781 953 901 1032 μείζων
923 943 944 1032 ή
968 951 1035 1013 ΒΓ
1053 972 1111 1033 μο-

97 1047 214 1117 νάδων
237 1054 265 1136 i,
296 1048 342 1130 ὥς
365 1059 517 1139 εἴπομεν,
545 1041 595 1119 όν
622 1048 640 1119 ό
663 1051 871 1140 τετράγωνος
892 1051 1053 1139 μονάδων
1077 1058 1111 1139 ρ·

99 1154 231 1234 δεκάκις
253 1154 317 1242 γὰρ
342 1156 422 1224 δέκα
445 1163 474 1243 ρ.
515 1153 536 1242 ή
562 1158 599 1224 δὲ
623 1157 769 1226 ἐλάττων
788 1158 948 1246 μονάδων
968 1150 999 1242 ξ,
1023 1149 1110 1226 &va

96 1260 305 1349 τετράγωνος
332 1253 397 1350 ὦ,
429 1261 450 1348 ή
484 1260 521 1330 δὲ
553 1261 698 1352 ὑπεροχὴ
731 1269 793 1332 τοῦ
821 1270 840 1352 ρ
873 1263 958 1352 πρὸς
988 1263 1028 1331 τδι
1060 1257 1164 1350 μ’διο

96 1367 167 1434 ἐστι
189 1371 242 1436 ff.
278 1367 318 1436 τά
341 1372 427 1455 γοῦν
450 1374 495 1436 νᾶ
517 1367 601 1456 πρὸς
622 1367 663 1436 τά
686 1367 915 1458 ῖάσόμμετρά
939 1374 1013 1438 εἰσι.
1055 1363 1111 1437 δόζ

96 1498 195 1540 ναται
217 1468 281 1543 οὖν
304 1472 325 1562 ή
348 1480 469 1562 μείζων
491 1473 567 1561 ήτοι
589 1473 611 1562 ἡ
633 1481 702 1542 ΒΓ
722 1479 781 1561 τῆς
804 1474 979 1556 ἐλάττονος
1001 1473 1110 1562 ήγονν

95 1583 155 1667 τῆς
171 1589 204 1649 A
226 1587 338 1668 μεῖζον
358 1585 405 1673 τῷ
424 1586 470 1649 ’νᾶ
491 1579 639 1672 άριδμῷ,
663 1580 747 1670 άπερ
765 1587 811 1650 ν“α
833 1579 1026 1670 ἀσύμμετρά
1044 1585 1110 1649 εἰσι

96 1683 180 1774 πρὸς
200 1684 242 1755 τδι
265 1689 299 1768 ἐξ
322 1685 427 1775 ἀρχῆς
449 1692 475 1755 ῖ.

165 1795 237 1861 129.
261 1791 361 1862 Ὥστε
379 1794 435 1863 καὶ
449 1801 549 1882 λοιπή
565 1794 809 1884 συναμφοτέρῳ
828 1819 859 1879 p.
874 1795 927 1880 56,
941 1797 976 1877 6]
996 1791 1109 1879 ἐπειδὴ
1129 1818 1162 1868 15

94 1900 159 1987 γάρ
183 1896 204 1985 ἡ
227 1904 291 1967 ΓΔ
314 1904 355 1988 τῇ
379 1907 450 1967 ΔΕ
474 1897 648 1967 ὑπόκειται
671 1907 742 1986 λ’ση,
776 1897 859 1986 ἡδὲ
882 1906 945 1966 ΕΖ
971 1902 1012 1987 σή
1037 1905 1110 1984 ΖΒ,

95 2003 348 2092 συναμφότερος
366 2004 433 2095 άρα
450 2002 472 2093 ἡ
488 2011 560 2090 ΒΖ,
576 2012 609 2072 Δ
614 2009 647 2072 Γ
665 2013 721 2090 ἴση
745 2005 815 2073 έστλ
832 2007 872 2094 τή
891 2011 967 2072 ΖΔ.
1004 2002 1109 2092 άσόμ-

94 2136 213 2197 μετρος
236 2110 273 2178 δὲ
296 2109 317 2197 ή
336 2118 402 2180 ΒΓ
421 2121 461 2201 τῇ
481 2118 557 2180 ΖΔ.
597 2109 807 2198 ἀσύμμετρος
829 2108 895 2199 ἄρα
917 2112 1033 2199 καλιῇ
1053 2119 1108 2200 ἴση

92 2220 133 2304 τῇ
157 2223 239 2303 ΖΔ,
270 2215 343 2303 ήτις
374 2225 430 2304 ἴση
463 2222 503 2306 τῇ
532 2225 598 2284 ΖΛ
632 2219 722 2285 ἐστιν
754 2214 776 2303 ή
806 2215 1060 2303 συναμφότερος
1085 2214 1107 2304 ή

94 2328 167 2404 ΒΖ,
183 2329 258 2390 ΔΓ.
293 2324 350 2391 καὶ
368 2324 438 2392 ἐπεὶ
457 2321 712 2410 συναμφότερος
731 2321 751 2409 ἡ
770 2329 843 2407 ΒΖ,
860 2328 931 2392 ΔΓ
949 2327 1108 2391 διπλασία
1126 2348 1161 2398 20

94 2427 163 2494 ἐστὶ
192 2433 251 2514 τής
273 2436 354 2516 ΔΓ,
388 2430 574 2519 σύμμετρος
601 2427 667 2518 άρα
691 2428 783 2497 ἐστὶν
810 2425 831 2515 ἡ
855 2427 1109 2517 συναμφότερος

93 2528 211 2620 ἡΒΖ,
235 2541 307 2604 ΔΓ
324 2541 364 2625 τῇ
384 2542 454 2605 ΛΓ.
1158 2624 1162 2632 ¹

162 2645 235 2709 130.
267 2640 338 2709 Ὅτι
365 2641 385 2728 ή
416 2642 602 2731 σύμμετρος
629 2639 725 2727 μήκει
752 2649 792 2728 τῇ
825 2642 994 2730 έκκειμένη
1023 2643 1106 2728 ῥητῇ

93 2745 149 2811 καλ
177 2745 320 2835 δυνάμει
348 2749 437 2816 ἐστὶν
465 2745 549 2835 αὐτῇ
577 2745 781 2834 σύμμετρος,
811 2746 868 2813 καλ
895 2746 1024 2832 λέγεται
1050 2747 1107 2813 καὶ

93 2847 177 2936 αὐτή
207 2851 305 2939 ῥητή,
336 2855 393 2922 καλ
419 2856 457 2922 τὸ
487 2851 570 2921 ὅλον
597 2862 711 2919 τοῦτο·
748 2848 831 2938 ῥητή
853 2850 909 2918 καλ
932 2850 1029 2936 μήκει
1050 2851 1106 2919 καὶ
1125 2875 1160 2925 25

94 2959 235 3043 δυνάμει
259 2957 452 3047 σύμμετρος.

163 3066 234 3131 131.
271 3064 450 3131 Τουτέστιν
464 3066 502 3130 αλ
514 3061 609 3149 μήκει
624 3063 720 3149 ῥηταὶ
737 3060 869 3142 πάντως
882 3061 938 3128 καὶ
953 3060 1105 3147 δυνάμει,

93 3174 131 3236 αλ
152 3168 190 3237 δὲ
213 3167 353 3255 δυνάμει
378 3166 419 3236 οὐ
441 3168 573 3247 τιάντως
594 3169 649 3236 καὶ
673 3166 781 3255 μήκει,
806 3165 912 3246 οὕτως
935 3166 972 3234 δὲ
995 3167 1108 3236 καλαί

166 3317 225 3366 129.
245 3309 342 3381 q(P¹).
433 3316 492 3367 130.
512 3309 613 3380 q(P²);
638 3308 675 3364 ad
693 3309 799 3365 lemma
817 3328 844 3379 p.
860 3315 902 3365 56.
991 3314 1050 3366 131.
1069 3308 1104 3375 B;

93 3382 193 3437 eodem
211 3382 344 3452 pertinet.
441 3446 449 3468 ¹

164 3512 188 3561 6.
207 3506 328 3579 γίνεται]
346 3506 379 3574 V,
400 3506 530 3575 γίνονται
549 3524 572 3563 r.

928 3582 989 3635 W*
