2362 3796
79 119 145 184 340
226 121 383 173 SGHOLIA
400 122 440 174 IN
457 121 731 175 ELEMENTORUM
748 122 889 174 LIBRUM
901 121 947 175 VI.

77 258 380 345 ἀντιπεπόνθασιν,
413 259 475 329 οόιι
503 266 646 347 ἔμπαλιν
673 263 719 328 δέ.
765 259 936 346 ἀνάλογον
966 262 1007 328 δέ
1028 263 1096 327 εἰσι

76 375 144 434 τῶν
168 374 252 433 ἴσων
274 392 309 434 τε
331 367 387 434 ιιαί
410 371 599 454 ἰσογωνίων
618 370 655 434 αἴ
676 372 829 453 πλευραί·
853 366 907 434 διὸ
927 365 984 432 καῖ
1003 363 1097 433 ἀντι-

77 471 296 539 πεπόνθασιν.

143 580 195 645 25.
236 584 313 657 Τοῖς
339 577 401 664 μέν
433 582 624 665 ἰσογωνίοις
657 579 775 665 μόνοις
801 577 980 667 τριγώνοις
1011 595 1095 663 συμ

43 710 58 758 5
77 683 217 770 βέβηκεν
239 682 277 751 τὸ
301 682 472 770 ἀνάλογον
500 689 588 771 ἔχειν
615 682 675 764 τάς
697 687 854 774 πλενράς,
883 681 1015 770 νόμην
1038 685 1096 752 καὶ

77 785 363 857 ἀντιπεπονθέναι
384 794 430 882 τῷ
454 790 559 882 λόγῳ,
587 803 658 871 τοῖς
686 790 723 859 δὲ
746 798 832 871 ἴσοις
854 789 924 877 ἅμα
946 789 1003 857 καῖ
1026 793 1096 858 ἰσο-

77 900 213 978 γωνίαις
235 895 291 962 καῖ
313 894 351 963 τὸ
375 895 674 965 ἀντιπεπονθέναι·
711 904 780 965 ἴσαι
803 895 868 984 γάρ
891 900 956 965 εἰσι
978 896 1035 963 ιιαῖ
1059 899 1099 962 αἰ

76 1005 225 1081 πλευραί.
272 998 289 1068 ὁ
320 1001 357 1069 δέ
384 1006 443 1089 τῆς
470 1003 624 1089 ἰσότητος
654 1001 753 1088 λόγος
780 1000 982 1089 ἀναστρέφει
1010 1000 1096 1089 πρὸς

77 1101 209 1192 ἑαυτόν,
231 1107 403 1176 τουτέστιν
428 1112 463 1176 έιι
481 1134 516 1176 τε
540 1112 601 1177 τοῦ
624 1105 817 1196 ἡγουμένου
835 1109 1096 1196 λαμβανομένου

28 1239 61 1288 10
78 1210 134 1278 ιιαί
160 1215 222 1279 τοῦ
244 1209 411 1298 ἑπομένου
439 1210 457 1282 ό
482 1212 582 1295 αὐτός
606 1216 675 1283 ἐστι
702 1213 759 1281 καὶ
782 1212 978 1301 ἀόιάφορος.
1023 1226 1096 1294 τοῖς

79 1315 117 1382 δὲ
139 1322 225 1395 ἴσοις
248 1316 311 1402 μὲν
333 1319 388 1386 καῖ
410 1324 491 1405 μίαν
514 1325 642 1406 γωνίαν
667 1330 745 1406 ἴσην
768 1324 916 1408 ἔχουσιν,
939 1317 984 1406 μὴ
1008 1326 1096 1399 ἴσοις

79 1419 117 1488 δὲ
134 1419 172 1489 τὸ
192 1419 475 1492 ἀντιπεπονθέναι
494 1424 602 1511 μόνον
620 1423 679 1505 τάς
693 1425 840 1512 πλενράς
852 1425 909 1492 ιιαῖ
923 1423 965 1492 οὐ
978 1426 1095 1511 πάσας,

79 1522 162 1595 ἀλλά
185 1525 244 1608 τάς
267 1530 342 1616 περὶ
365 1528 423 1611 τάς
447 1538 521 1610 ἴσας
543 1534 676 1623 γωνίας.
721 1527 805 1599 ὥστε
832 1530 873 1599 τά
896 1529 958 1616 μὲν
981 1528 1096 1615 μόνως

79 1629 249 1719 ἀνάλογον
273 1640 339 1722 ἔχει
361 1634 420 1718 τάς
442 1637 602 1725 πλευράς,
629 1636 669 1705 τά
699 1637 737 1706 δὲ
761 1639 874 1723 μόνως
896 1634 1095 1705 ἀντιπεπον-

28 1764 61 1813 15
78 1746 194 1826 ἀνίας,
217 1739 258 1808 τά
284 1742 321 1809 δῖ
343 1740 514 1827 ἀνάλογον
537 1743 593 1810 καῖ
617 1741 918 1829 ἀντιπεπονθυίας,
945 1747 1004 1810 καί
1025 1745 1095 1811 έστι

77 1843 118 1912 τά
137 1845 199 1931 μὲν
216 1851 331 1934 πρῶτα
350 1849 513 1935 ἰσογοόνια
531 1850 604 1936 μέν,
624 1846 686 1918 οόιι
701 1858 757 1917 ἴσα
772 1850 820 1934 δέ,
838 1847 879 1916 τά
898 1849 937 1916 δὲ
955 1847 1095 1934 δεύτερα
1124 1869 1133 1881 ·

79 1957 135 2017 ἴσα
158 1950 219 2036 μὲν
241 1953 298 2020 καῖ
321 1960 402 2039 μίαν
423 1961 553 2041 γωνίαν
576 1963 653 2041 ἴσην
683 1959 815 2041 ἔχοντα,
846 1954 908 2022 οόιι
933 1952 1095 2039 ἰσογοόνια

79 2057 131 2143 δέ,
159 2055 199 2124 τά
228 2057 265 2125 δὲ
287 2057 387 2124 λοιπά
410 2057 465 2125 καί
490 2066 545 2126 ἴσα
567 2059 623 2125 ιιαῖ
647 2059 817 2144 ἰσογώνια.
864 2055 915 2126 ότι
941 2057 979 2126 δὲ
1002 2062 1094 2126 ἔστιν

80 2169 135 2229 ἴσα
156 2163 212 2229 καῖ
236 2167 316 2249 μίαν
339 2167 466 2248 γωνίαν
490 2167 618 2250 ἔχοντα,
642 2162 684 2231 οὐ
708 2165 823 2249 μέντοι
845 2164 901 2231 καῖ
921 2162 1095 2251 ἰσογώνια,

27 2295 60 2342 20
80 2270 184 2353 δῆλον
198 2268 370 2335 ἐντεῦθεν·
390 2273 472 2336 έστω
490 2268 653 2354 ἰσογώνια
666 2269 722 2336 καὶ
742 2278 798 2337 ἴσα
812 2268 853 2336 τά
867 2275 977 2354 ΑΒΓ,
992 2277 1095 2338 ΔΕΖ

80 2369 262 2457 ὁμολόγους
284 2378 402 2459 ἔχοντα
423 2372 482 2453 τὰς
503 2378 628 2459 γωνίας
648 2372 708 2453 τὰς
730 2382 772 2460 Α,
792 2382 840 2459 Δ,
869 2376 924 2441 καῖ
957 2375 1010 2442 ἐπὶ
1033 2379 1093 2477 της

149 2492 406 2588 λόῖᾖῖοἰιλίῧ
419 2531 479 2602 (οἴ).
503 2529 555 2601 (εἰς
572 2527 605 2587 τό
625 2529 696 2588 αότό
716 2532 832 2602 Πολι).

151 2681 173 2726 1.
194 2672 259 2744 εἰσι]
281 2669 338 2727 ἔστι
356 2673 475 2728 BFVat.
539 2679 564 2728 2.
583 2674 627 2745 τε]
647 2691 701 2730 om.
721 2676 751 2728 P.
811 2680 836 2730 4.
857 2669 967 2745 μόνοις]
990 2689 1045 2730 om.
1058 2673 1093 2728 V.

114 2750 139 2800 9.
157 2742 331 2815 ηγονμένου]
351 2740 510 2813 ἡγουμένου
529 2743 614 2812 λόγου
635 2744 668 2801 V.
751 2749 793 2800 10.
816 2745 887 2815 τοῦ]
908 2741 940 2800 έιι
958 2745 1010 2799 τοῦ
1028 2743 1093 2800 BV.

115 2810 186 2887 ἐστι]
205 2830 259 2870 om.
277 2815 311 2870 V.
389 2812 527 2884 διάφορος
544 2814 704 2871 BPVatV.
783 2815 855 2886 τοῖς]
875 2834 920 2870 τοι
938 2814 968 2871 P.
1050 2820 1091 2870 11.

81 2883 176 2955 έχουσι
193 2885 325 2941 Evam.
416 2881 453 2955 μὴ
473 2885 561 2957 ἴσοις]
586 2887 637 2957 μία
656 2889 718 2954 ἴσην
737 2884 771 2942 V.
861 2885 948 2954 ἴσοις]
969 2900 1040 2940 corr.
1060 2901 1094 2940 ex

80 2959 141 3011 ἴσον
160 2975 196 3012 m.
215 2972 270 3012 τοο.
289 2957 321 3025 Ρ,
340 2958 406 3011 ἴσων
426 2955 546 3013 BPVat.
620 2962 661 3011 12.
682 2956 773 3025 Supra
790 2952 822 3011 τό
842 2971 894 3010 scr.
912 2951 1037 3025 πλενράς
1056 2974 1092 3011 m.

79 3044 133 3083 rec.
152 3026 184 3082 P.
257 3034 298 3082 18.
317 3028 382 3094 περὶ
396 3024 458 3096 ια’ς]
476 3023 607 3096 περιττός
625 3027 689 3082 Vat.
763 3031 806 3082 15.
825 3022 861 3081 τά
876 3057 910 3068 ·-
924 3021 1094 3081 ἀντιπεπον-

80 3098 166 3160 θνίας
198 3114 251 3154 om.
265 3097 300 3153 V.
356 3103 397 3152 16.
416 3093 451 3151 τά
470 3095 503 3153 δὲ
522 3094 604 3152 δεότε
624 3117 643 3150 α
662 3097 721 3168 ἴσα]
740 3094 772 3151 τό
792 3095 824 3152 δὲ
840 3100 857 3169 β
875 3099 938 3152 ἴσον
958 3096 992 3154 V.
1051 3103 1093 3152 17.

80 3164 198 3238 ἕχον.
264 3163 331 3238 οὖν]
350 3163 384 3222 οό
401 3165 501 3254 μέντοι
518 3170 572 3222 καί
586 3167 648 3223 Β.
717 3165 864 3236 ἰσογώνιον
882 3168 916 3223 V.
985 3172 1027 3223 18.
1047 3166 1092 3238 δέ]

81 3255 134 3293 om.
153 3238 216 3293 BV.
275 3234 310 3292 τά
329 3243 413 3294 λοιπα
432 3235 466 3292 δέ
483 3238 575 3295 PVat.
633 3234 668 3293 τό
683 3270 717 3280 -
734 3244 775 3294 19.
794 3237 941 3311 ἰσογόνια]
960 3253 1014 3292 om.
1028 3236 1093 3293 BV.

117 3314 159 3364 20.
183 3310 269 3379 δῆλον
288 3308 321 3364 δέ
339 3308 376 3377 Β,
400 3312 450 3364 δεῖ
463 3305 497 3363 δέ
514 3309 548 3364 V.
639 3306 723 3381 ἔστω]
743 3306 821 3364 ἔσται
840 3325 930 3378 comp.
949 3309 984 3376 B,
1008 3304 1040 3364 έν
1059 3307 1093 3362 V.

115 3379 182 3435 Post
201 3382 286 3434 ΔΕΖ
304 3380 368 3436 add.
387 3379 509 3450 πλευροῖς
527 3396 564 3436 m.
584 3396 637 3435 reo.
657 3379 687 3436 P.
775 3387 817 3437 21.
837 3377 902 3450 έγον
921 3379 951 3434 Ρ.
1029 3376 1092 3451 τάς]

81 3449 152 3518 (alt.)
172 3451 241 3504 mut.
260 3452 289 3504 in
307 3450 343 3504 τά
361 3469 398 3506 m.
416 3466 470 3506 rec.
491 3450 520 3504 P.
