2362 3796
236 145 392 198 SOHOLIA
409 148 449 198 IN
466 146 742 198 ELEMENTORUM
759 147 899 198 LIBRUM
911 149 933 199 Ι.
1023 143 1087 208 199

70 287 211 368 εἰκότως
234 283 253 354 ὁ
276 285 488 374 στοιχειωτὴς
510 286 721 372 προσέθηκεν
738 284 777 353 τὸ
796 286 852 352 καὶ
872 285 924 354 ἐπὶ
942 285 983 353 τὰ
1002 282 1087 354 αὐτὰ

71 394 170 483 μέρη,
190 396 308 481 δῆλον·
333 393 387 460 ἐπὶ
405 395 483 478 μιᾶς
500 388 564 477 γὰρ
584 389 713 475 βάσεως
732 397 787 456 λσα
805 395 952 478 τρίγωνα
971 399 1089 478 λαβεῖν

71 498 225 568 δυνατὸν
248 497 286 566 τὸ
309 497 371 585 μέν
395 497 447 564 ἐπὶ
469 492 611 563 τάδετὰ
635 496 730 584 μέρη,
753 495 791 564 τὸ
811 495 849 564 δὲ
872 497 925 565 ἐπὶ
947 498 1087 585 θάτερα,

75 604 160 674 ἀλλὰ
183 605 315 683 πάντως
337 606 374 672 έν
397 616 470 682 ταῖς
496 599 613 680 αόταῖς
635 603 704 669 ἐστι
732 602 969 690 παραλλήλοις·
1007 603 1087 673 οὐδὲ

72 709 140 799 γάρ
164 708 230 779 ὑπὸ
251 709 290 778 τὸ
315 707 396 777 αὐτὸ
415 709 501 792 ὅφος
521 710 598 776 ἐστέ.
629 711 729 776 τοῶιο
748 707 810 795 μὲν
829 700 893 777 οὖν
913 709 968 777 διὰ
987 714 1086 778 τοῦτο
1106 731 1124 782 5

74 817 296 906 προσέθηκεν.
346 813 442 896 ἀξιον
469 814 524 881 καὶ
552 812 590 881 τὸ
623 813 684 900 μέν
717 813 1004 900 έπισημάνασθαι,
1037 813 1089 884 ὅτι

71 925 180 1011 τριῶν
198 919 311 990 οὐσῶν
331 930 391 1008 τῆς
404 924 472 989 τῶν
486 918 715 1006 θεωρημάτων
730 917 969 1010 ἀντιστροφῆς·
987 918 1008 1008 ἢ
1023 920 1088 1009 γάρ

74 1027 159 1098 ὅλον
187 1025 399 1116 ἀντιστρέφει
427 1024 513 1117 πρὸς
540 1024 637 1112 ὅλον,
671 1023 716 1106 ῶς
738 1023 776 1095 τὸ
804 1025 1089 1097 ὀκτωκαιδέκατον

72 1134 132 1202 καὶ
156 1134 450 1202 ἐννεακαιδέκατον
474 1140 608 1217 εἴπομεν
615 1182 625 1218 ,
655 1127 677 1217 ἦ
707 1129 788 1201 ὅλον
810 1131 893 1221 πρὸς
916 1135 1016 1223 μέρος
1043 1132 1089 1213 ὡς

71 1237 115 1308 τὸ
129 1240 225 1307 ἕκτον
240 1238 293 1305 καὶ
309 1238 468 1324 πέμπτον,
488 1234 509 1325 ἢ
524 1239 623 1326 μέρος
636 1235 719 1322 πρὸς
737 1236 820 1306 ὅλον
839 1237 884 1318 ῶς
901 1238 938 1308 τὸ
962 1238 1088 1326 ὄγδοον
1108 1261 1142 1310 ιο

71 1346 132 1414 καὶ
155 1346 321 1432 τέταρτον.
361 1355 500 1413 τοιαῦτα
522 1345 587 1431 γάρ
610 1344 666 1412 καὶ
688 1347 792 1412 ταῦτα
813 1343 854 1412 τά
876 1345 1088 1433 θεωρήματα.

444 1574 502 1641 Ad
524 1598 627 1659 prop.
651 1575 718 1640 XL.

147 1703 221 1769 132.
252 1699 321 1765 Καὶ
345 1697 398 1765 ἐπὶ
421 1696 544 1768 τούτου
565 1699 627 1764 τοῦ
650 1695 685 1782 μ’
710 1696 927 1782 θεωρήματος
950 1693 968 1764 δ
989 1695 1088 1776 αὐτὸς

72 1804 197 1893 τρόπος
209 1807 269 1890 τῆς
282 1799 518 1889 ἀναστροφῆς,
536 1803 593 1871 καὶ
606 1800 627 1887 ἡ
643 1798 810 1882 ἀπόδειξις
823 1798 1085 1890 ἀπαράλλακτος,

72 1909 187 2000 ῶσπερ
209 1909 265 1977 καὶ
293 1910 346 1976 ἐπὶ
368 1912 429 1976 τοῦ
453 1907 512 1976 λθ’
536 1909 708 1994 ἐλέγομεν,
735 1907 791 1974 καὶ
813 1906 851 1975 τὸ
875 1915 1087 1994 παραλελειμ-
1108 1931 1142 1981 ιε

71 2019 181 2106 μένον
204 2026 249 2108 τῷ
274 2018 465 2102 στοιχειωτῇ
488 2018 546 2101 τῆς
569 2019 617 2094 εἰς
634 2012 806 2081 ἀδύνατον
826 2011 1005 2099 ἀπαγωγῆς
1024 2011 1084 2080 ῶσ-

72 2123 186 2202 αύτως
204 2121 442 2190 ἀποδείκνυται
461 2120 517 2187 καὶ
537 2118 639 2188 οὐδὲν
659 2123 713 2188 δεῖ
725 2117 764 2187 τά
778 2117 864 2187 αὐτὰ
877 2117 1087 2189 ἀνακυκλεῖν.

146 2228 257 2294 ἰστέον
280 2227 330 2311 δέ,
359 2224 410 2295 ὅτι
432 2230 535 2314 τριῶν
560 2227 669 2293 ὅντων
691 2226 820 2294 τούτων
844 2227 881 2293 έν
904 2238 977 2306 ταῖς
999 2229 1088 2313 εἰρη-

75 2333 196 2420 μέναις
218 2331 396 2418 προτάσεσι
418 2336 479 2400 τοῦ
503 2333 556 2399 ἐπὶ
580 2340 663 2399 ἴσων
683 2329 769 2399 εἶναι
788 2333 931 2417 βάσεων,
954 2343 1015 2400 τοῦ
1035 2331 1088 2400 έπδ

75 2443 148 2507 τῶν
167 2435 278 2505 αὐτῶν
301 2434 388 2506 εἶναι
406 2440 537 2524 βάσεων
560 2439 616 2505 καὶ
639 2441 699 2505 τοῦ
723 2439 759 2505 ἐν
782 2451 854 2518 ταῖς
873 2435 987 2518 αὐταῖς
1005 2460 1087 2523 παρ·
1106 2459 1141 2509 20

75 2542 235 2631 αλλήλοις
253 2543 315 2612 δύο
335 2545 580 2630 συμπλέκοντες
597 2541 661 2630 ἀεί,
685 2541 722 2611 τὸ
741 2543 779 2611 δὲ
797 2546 833 2610 ἓν
852 2547 1089 2624 καταλιπόντες

74 2658 236 2730 ποικίλως
258 2647 529 2737 ἀντιστρέφομεν.
571 2645 592 2735 ἢ
615 2646 679 2736 γάρ
703 2647 763 2728 τοὶς
784 2647 899 2734 βάσεις
916 2648 1089 2735 ὑποθησό-

74 2765 167 2844 μεθα
184 2754 243 2833 τὰς
262 2751 365 2833 αὐτάς
383 2750 404 2840 ἢ
424 2764 498 2833 ἴσας
515 2754 570 2821 καὶ
590 2754 626 2821 ἐν
645 2767 717 2832 ταῖς
737 2750 854 2833 αὐταῖς
866 2755 1090 2840 παραλλήλοις

74 2862 119 2929 τά
142 2867 289 2947 τρίγωνα
317 2861 372 2927 καὶ
399 2857 440 2926 τά
467 2859 795 2948 παραλληλόγραμμα
822 2860 878 2927 καὶ
904 2858 1089 2945 ποιήσομεν

75 2970 221 3051 τέσσαρα
249 2967 467 3052 θεωρήματα,
500 2962 520 3052 ἢ
550 2974 606 3037 λ’σα
633 2965 811 3051 ληψόμεθα
840 2960 924 3031 αότδι
952 2964 1008 3032 καὶ
1030 2965 1089 3046 τὰς
1107 2991 1143 3040 25

151 3167 210 3217 132.
230 3161 270 3214 V⁸
280 3159 344 3228 (θη).

74 3279 292 3293 ----

151 3346 175 3393 6.
200 3336 263 3408 μέν]
284 3352 374 3404 comp.
393 3335 529 3389 incertum
548 3335 577 3389 P.
660 3328 704 3388 ὅτι
734 3334 779 3388 bis
798 3333 828 3390 P.
910 3341 952 3391 20.
977 3331 1088 3462 αόιαῖρ]

77 3410 195 3466 Proclus
213 3428 241 3532 Fr
261 3413 322 3474 410,
343 3413 372 3472 23
393 3422 445 3459 om.
465 3404 522 3474 Vq.
578 3410 619 3459 23.
641 3406 701 3466 ἴσας
734 3421 802 3459 corr.
818 3422 851 3460 ex
871 3407 917 3462 ἴσα
935 3425 1047 3463 τιμαεο.
1088 3447 1101 3472 ,

77 3483 126 3536 ἴσα
145 3497 176 3549 ης
197 3495 212 3534 ο
265 3475 408 3532 Friedlein
426 3476 462 3531 ad
480 3475 571 3532 Procl.
590 3494 619 3548 p.
639 3480 705 3548 410,
721 3482 750 3534 δ.
1084 3544 1102 3589 1
