2362 3796
96 132 139 197 58
465 136 667 191 nomm
685 132 732 191 ιε’.

97 274 210 362 μεῖζόν
232 277 330 344 ἐστιν.
367 273 506 363 ἀμβλεῖα
526 275 591 364 ἀρα
610 278 701 346 ἐστὶν
719 274 740 363 ἡ
759 276 825 346 ὑπὸ
846 285 947 347 ΒΖΔ
968 285 1111 366 [γωνία].

96 382 151 448 καὶ
179 382 248 449 ἐπεὶ
272 381 335 450 δύο
364 384 529 451 ἐπιπέδων
557 393 626 451 τών
649 392 764 470 ABE,
788 393 897 453 ΑΔΕ
921 387 1113 472 τεμνόντων

97 485 224 573 ἀλληλα
246 487 343 575 κοινὴ
365 488 450 577 τομή
473 493 562 558 ἐστιν
582 486 603 577 ἡ
622 498 699 576 AB,
722 491 778 558 καὶ
796 490 880 579 πρὸς
899 487 1007 579 ὀρθὰς
1025 490 1110 582 αὐτῇ

97 595 133 661 ἐν
157 594 298 687 ἑκατέρω
321 599 389 663 τών
413 597 578 664 ἐπιπέδων
601 593 744 683 ἠγμέναι
767 598 853 665 είσὶν
883 601 921 664 αί
941 605 1019 683 ΒΖ,
1045 606 1112 667 ΖΔ

62 723 78 773 ο
96 702 308 788 περιέχουσαι
332 702 505 789 ἀμβλεῖαν,
529 700 550 788 η
572 699 639 770 ὑπὸ
658 709 760 771 ΒΖΔ
782 701 849 791 ἀρα
871 710 978 790 γωνία
1001 704 1022 790 ἡ
1047 712 1112 773 λεί-

95 807 206 874 πουσά
226 810 316 876 ἐστιν
336 813 383 887 είς
400 808 459 888 τὰς
478 808 542 876 δύο
563 806 671 896 ὀρθὰς
684 814 742 895 τῆς
760 816 898 890 κλίσεως
916 814 985 879 τών
1001 818 1112 898 ABE,

96 914 203 1002 ᾸΙΔΕ
225 915 398 983 ἐπιπέδων.
437 912 496 982 ἐὰν
520 912 585 1001 ἀρα
605 918 694 1002 δοθῇ
718 911 824 1002 ἡὺπὸ
839 922 952 1000 ΒΖΔ,
975 918 1110 985 δέδοται

95 1019 151 1086 καὶ
173 1017 194 1108 ἡ
220 1020 376 1107 εἰρημένη
400 1024 515 1105 κλίσις.
552 1019 621 1087 ἐπεὶ
646 1012 709 1089 οὖν
733 1022 867 1089 δέδοται
885 1019 924 1089 τὸ
942 1028 1110 1110 τρίγωνον

95 1130 156 1193 τοῦ
184 1123 382 1211 ὀκταέδρου,
414 1127 469 1193 καὶ
497 1131 557 1212 μία
584 1127 713 1213 πλευραί
741 1129 810 1195 ἐστι
836 1131 899 1194 τοῦ
926 1124 1111 1216 ὀκταέδρου

45 1229 118 1317 1οὴ
146 1241 178 1298 A
184 1240 231 1316 A,
260 1232 316 1298 καί
343 1229 400 1298 ἀπ’
431 1230 534 1317 αὐτῆς
560 1231 770 1318 τετράγωνον
798 1230 1045 1320 ἀναγέγραπται
1073 1233 1110 1302 τὸ

97 1342 173 1422 ΑΓ,
194 1338 327 1404 δέδοται
340 1337 396 1404 καὶ
410 1335 431 1423 ἡ
445 1345 514 1404 BA
529 1336 705 1425 διάμετρος
720 1330 804 1406 οὖσα
817 1342 878 1407 τοῦ
891 1339 1112 1426 τετραγώνου.

96 1439 181 1511 ἀλλὰ
214 1445 280 1530 μὴν
313 1444 369 1510 καὶ
401 1446 439 1510 αἱ
468 1451 545 1529 ΒΖ,
574 1451 641 1511 ΖΔ
672 1442 809 1512 κάθετοι
841 1448 902 1513 τοῦ
934 1445 1108 1533 τριγώνου.

98 1547 181 1635 ώστε
203 1550 259 1617 καί
282 1546 303 1637 ἡ
326 1547 393 1618 ὑπὸ
412 1557 514 1618 ΒΖΔ
536 1555 643 1636 γωνία
667 1551 810 1619 δέδοται.
855 1550 1108 1639 ἀναγραφέντος

48 1712 53 1721 .
96 1654 162 1743 ἀρα
190 1657 400 1745 τετραγώνου
428 1653 494 1726 ἀπὸ
520 1660 579 1742 τῆς
605 1661 750 1745 πλευρᾶς
779 1662 840 1727 τοῦ
868 1656 1036 1746 τριγώνου
1065 1655 1110 1737 ὡς

47 1783 79 1833 ιο
97 1767 158 1829 τοῦ
176 1769 244 1830 ΑΓ
263 1763 318 1829 καὶ
342 1764 589 1849 ἐπιζευχθείσης
610 1765 669 1848 τῆς
693 1765 875 1849 διαμέτρου
899 1762 944 1843 ὡς
965 1767 1022 1850 τῆς
1041 1772 1110 1832 ΒΔ

96 1867 156 1937 ἐὰν
173 1870 324 1955 κέντροις
341 1882 411 1947 τοῖς
425 1874 464 1953 Β,
480 1877 524 1953 Δ,
544 1867 739 1954 διαστήματι
760 1868 797 1936 δέ
811 1880 851 1956 τῇ
866 1873 928 1937 τοῦ
941 1870 1109 1958 τριγώνου

95 1975 226 2066 καθέτῳ
241 1973 384 2053 κύκλους
399 1971 629 2061 έγγράψωμεν,
648 1972 829 2059 τέμνουσιν
848 1971 1013 2061 ἀλλήλους
1026 1972 1109 2043 κατά

95 2079 132 2149 τὸ
151 2089 189 2165 Ζ,
212 2081 268 2147 καὶ
292 2081 329 2145 αί
349 2075 414 2145 ἀπὸ
433 2081 495 2144 τοῦ
514 2085 542 2144 Ζ
565 2078 618 2145 ἐπὶ
636 2076 676 2145 τά
694 2080 815 2166 κέντρα
835 2080 1107 2167 ἐπιζευγνύμεναι

96 2183 226 2254 εὐθεῖαι
253 2184 441 2270 περιέξουσι
468 2185 530 2270 τὴν
558 2189 669 2252 κλίσιν
701 2182 763 2271 τὴν
795 2183 862 2254 ὑπὸ
891 2193 1006 2273 ΒΖΔ,
1037 2184 1110 2273 ἥτις

42 2313 77 2361 20
97 2291 186 2359 ἐστὶν
208 2288 229 2375 ἡ
253 2295 424 2374 λείπουσα,
448 2286 493 2369 ώς
517 2278 658 2377 εἴρηται,
684 2290 811 2371 εἰςτὰς
834 2291 896 2359 δύο
921 2290 1029 2378 ὀρθὰς
1051 2298 1110 2380 τῆς

94 2407 161 2464 τῶν
190 2397 354 2463 ἐπιπέδων
382 2401 527 2475 κλίσεως.
577 2396 633 2464 καὶ
662 2399 810 2465 ἐνταῦθα
839 2397 877 2464 δέ
904 2397 1008 2482 σαφές
1035 2400 1108 2484 μέν,

95 2499 141 2581 ώς
169 2503 307 2590 ἑκατέρα
334 2512 401 2570 τών
425 2510 500 2589 ΒΖ,
524 2510 590 2568 ZA
621 2508 741 2589 μείζων
768 2503 837 2570 ἐστὶ
868 2492 926 2586 τίς
957 2500 1109 2587 ἡμισείας

94 2618 152 2695 της
171 2617 247 2694 BA,
269 2609 325 2676 καὶ
349 2608 405 2676 διὰ
429 2612 528 2676 τοῦτο
553 2608 606 2676 ἐπὶ
628 2613 687 2695 της
709 2607 889 2696 ὀργανικῆς
906 2613 1111 2697 κατασκευῆς

94 2713 223 2802 ἀνάγκη
251 2717 384 2802 τέμνειν
411 2711 491 2794 τοὺς
516 2713 661 2793 κύκλους
688 2711 862 2800 ἀλλήλους.
906 2715 963 2781 καὶ
992 2717 1109 2802 ἕκτης

41 2843 75 2891 25
94 2820 293 2902 ἀποδείξεως
317 2819 354 2888 δὲ
374 2823 480 2906 δῆλον
498 2822 650 2906 γέγονεν,
675 2816 720 2898 ώς
740 2817 844 2906 ἡΒΔ
861 2818 946 2907 πρὸς
964 2820 1026 2907 μὲν
1045 2823 1108 2908 τὴν

95 2935 160 2995 ΔΖ
184 2927 326 3014 δυνάμει
348 2925 453 3012 λύγον
473 2931 549 3012 ἐχει,
573 2920 613 2992 δν
632 2936 654 3010 η
672 2923 754 3012 πρὸς
772 2945 808 3011 γ
830 2928 888 3011 τῆς
907 2926 945 2993 δέ
958 2923 1109 3013 ἡμισείας

93 3043 152 3119 της
174 3040 241 3099 ΒΔ
269 3031 409 3119 δυνάμει
439 3030 507 3098 ἐστὶ
536 3034 765 3117 τετραπλασία.
811 3027 896 3099 ώστε
925 3029 981 3099 διὰ
1007 3036 1106 3100 τοῦτο

167 3266 191 3312 1.
212 3256 299 3333 ἐστιν]
321 3256 379 3314 ἐστι
397 3261 449 3314 καί
464 3259 498 3327 Ρ,
525 3255 600 3315 ἐστιν
618 3263 671 3315 καί
686 3260 722 3330 Β,
748 3256 806 3316 ἔστι
824 3280 850 3317 v.
930 3258 1031 3329 γωνία]
1052 3274 1105 3316 om.

96 3328 162 3385 Vm.
236 3328 504 3402 3.καί]αἷδέΒλ
576 3336 602 3386 4.
621 3328 669 3403 αἱ]
689 3327 819 3398 ώςαίν,
841 3329 873 3386 αἱ
890 3328 922 3385 δέ
941 3327 1007 3383 Vm.
1081 3338 1106 3385 5.

95 3398 289 3473 περιέχουσαι]
310 3419 379 3460 corr.
394 3417 428 3456 ex
441 3399 620 3470 περιέχουσιν
636 3420 673 3456 m.
689 3408 704 3457 2
718 3401 753 3457 V.
807 3401 838 3475 ἡ]
859 3419 912 3458 om.
927 3401 956 3454 P.
1012 3403 1107 3474 BZA]

95 3470 586 3540 BEAPBv,Zinras.m.2V.
651 3467 719 3544 ἀρα]
741 3490 795 3529 om.
814 3493 851 3531 m.
913 3466 945 3542 ἡ]
965 3485 1019 3527 om.
1038 3469 1107 3530 Vm.
