2362 3796
115 149 182 214 686
389 151 571 204 mmm
589 150 861 202 οοΗοοιοκοΜτ

117 289 184 360 ἀπὸ
208 296 270 360 τοῦ
292 293 433 378 κέντρου
455 300 516 357 τοῦ
538 287 675 376 κύκλου,
699 291 736 357 ἐν
760 281 786 377 ᾧ
812 287 1050 374 ἐγγράφεται,
1076 297 1136 356 ἰσον

118 399 188 467 ἐστὶ
210 402 250 484 τῇ
272 401 333 464 τοῦ
356 398 589 481 δωδεκαέδρου
612 399 799 483 ἐπιφανείᾳ.
835 391 1011 474 ὡσαύτως
1036 395 1094 463 καί
1108 391 1137 460 τὸ

117 500 346 589 τριακοντάκις
376 498 444 569 ὑπὸ
472 507 529 589 τῆς
555 506 616 570 τοῦ
644 500 847 588 ἰσοπλεύρου
873 500 1064 587 τριγώνου
1092 501 1138 567 κιί

116 614 174 695 τῆς
197 608 248 674 ἐπὶ
271 605 397 692 ταύτην
420 609 567 676 καθέτου
590 604 655 675 ἀπὸ
678 609 819 693 κέντρου
840 609 904 674 τοῦ
929 606 1087 692 κύκλου,
1108 608 1137 673 ἐν

82 736 97 783 ο
118 706 144 806 ᾦ
168 711 368 798 ἐγγράφεται
391 711 429 782 τὸ
447 717 604 782 τοιοῦτον
622 719 799 801 τρύγωνον,
824 720 899 780 ἰσον
921 713 999 782 ἐστὶ
1020 717 1065 802 τῇ
1083 714 1137 780 τοῦ

115 819 334 906 εἰκοσαέδρου
362 822 549 910 ἐπιφανείᾳ.
593 819 649 887 καί
677 816 722 899 ὡς
749 816 814 902 ἄρα
841 817 863 904 ἡ
887 825 918 884 Θ
947 818 1043 905 πρὸς
1068 823 1136 900 ΔΓ,

116 921 222 1003 οὕτως
254 923 275 1010 ἡ
302 930 364 993 τοῦ
393 926 627 1011 δωδεκαέδρου
654 923 830 1011 ἐπιφάνεια
860 921 949 1009 πρὸς
976 922 1050 1010 τὴν
1082 925 1136 991 τοῦ

115 1031 340 1117 εἰκοσαέδρου.

183 1138 234 1203 21.
261 1133 358 1202 Ἀλλδι
375 1134 413 1202 τὸ
432 1133 499 1203 ὑπὸ
518 1145 551 1202 Α
557 1143 601 1221 Δ,
619 1141 692 1202 ΒΗ
710 1160 739 1220 p.
754 1138 806 1220 20,
823 1138 881 1217 20]
904 1132 945 1201 τδ
965 1134 1039 1220 γὰρ
1059 1162 1135 1222 παρ-

63 1264 96 1312 1ο
115 1240 395 1328 αλληλόγραμμον
426 1239 464 1308 τὸ
497 1239 735 1328 περιεχόμενον
765 1238 832 1307 ὑπὸ
861 1243 922 1325 τῆς
950 1249 1047 1326 ΑΔ,
1071 1247 1140 1309 ΒΗ

116 1346 295 1415 διπλάσιόν
319 1350 387 1415 ἐστι
409 1352 471 1413 τοῦ
494 1352 598 1412 ΑΒΔ
620 1346 796 1433 τριγώνου.

181 1457 233 1520 22.
269 1452 314 1520 Τὸ
337 1450 403 1519 ὑπὸ
427 1458 502 1536 ΑΖ,
521 1459 590 1518 ΗΘ
614 1454 758 1520 διπλοῦν
780 1478 811 1538 p.
836 1455 889 1537 22,
915 1456 949 1535 1]
979 1451 1047 1519 ἐὰν
1071 1455 1136 1540 γὰρ

113 1557 201 1638 ὕψος
218 1556 335 1626 κοινὸν
353 1556 545 1645 ποιήσωμεν
564 1556 626 1643 τὴν
642 1565 717 1643 ΖΑ,
736 1562 827 1625 ἔσται
847 1554 892 1637 ὡς
906 1553 928 1642 ἡ
943 1563 1011 1624 ΗΘ
1030 1558 1137 1641 βάσις

113 1663 197 1750 πρὸς
220 1670 285 1731 ΘΓ
307 1663 424 1749 βάσιν,
452 1660 540 1731 οὕτω
567 1662 605 1731 τὸ
629 1661 694 1730 ὑπὸ
718 1669 801 1748 ΗΘ,
826 1671 891 1730 ΖΑ
917 1664 1136 1749 παραλληλό-

63 1792 94 1839 15
113 1796 267 1857 γραμμον
290 1768 373 1856 πρὸς
394 1768 433 1838 τὸ
456 1768 524 1837 ὑπὸ
548 1775 619 1855 ΘΓ,
643 1777 708 1836 ΖΑ
730 1769 1098 1855 παραλληλόγραμμον.

180 1880 231 1944 23.
267 1873 479 1960 Ἰσόπλευρον
508 1874 573 1963 ἄρα
600 1879 673 1945 ἐστί
696 1901 727 1962 p.
750 1878 803 1961 22,
825 1878 883 1958 21]
912 1873 984 1942 ἐπεὶ
1013 1873 1085 1961 γὰρ
1112 1873 1133 1959 ἡ

119 1990 177 2050 ΒΖ
200 1992 255 2066 ἰση
275 1974 361 2049 οὖσα
378 1991 418 2069 τῇ
437 1991 470 2048 A
476 1989 517 2048 E·
542 1984 577 2049 ἐκ
596 1983 737 2069 κέντρου
754 1980 833 2067 γάρ·
858 1983 958 2066 διπλῆ
978 1982 1055 2047 ἐστι
1075 1985 1134 2067 τῆς

113 2089 166 2155 ἐπὶ
188 2088 252 2174 τὴν
274 2086 375 2172 βάσιν
393 2090 455 2153 τοῦ
469 2096 539 2154 ΑΔ
546 2095 589 2154 Μ
606 2085 774 2174 τριγώνου
791 2084 958 2173 ἀγομένης
977 2083 1050 2154 ἀπὸ
1069 2092 1133 2156 τοῦ

112 2195 254 2280 κέντρου
275 2197 337 2260 voi
360 2192 500 2278 κύκλου,
532 2195 569 2260 ἐν
591 2185 618 2284 ᾦ
642 2194 858 2279 ἐγγέγραπται
881 2218 919 2259 το
943 2198 1130 2280 τρίγωνον,

60 2319 94 2367 20
114 2297 315 2381 ἰσόπλευρόν
338 2299 407 2365 ἐστι
429 2298 467 2365 τὸ
492 2308 523 2364 Α
530 2306 613 2366 ΔΜ
629 2306 805 2386 τρίγωνον.

178 2408 231 2470 24.
280 2402 324 2469 Τό
360 2402 397 2470 δὲ
428 2399 494 2470 ὑπὸ
523 2410 634 2470 ΑΗΔ
665 2430 695 2489 p.
717 2408 768 2490 22,
791 2407 846 2487 23]
879 2400 917 2470 τὸ
948 2400 1015 2488 γὰρ
1045 2430 1130 2490 παρ-

111 2506 391 2595 αλληλόγραμμον
419 2507 457 2576 τὸ
489 2507 554 2575 ὑπὸ
579 2516 690 2575 ΑΗΔ
717 2508 953 2597 περιεχόμενον
979 2513 1132 2578 διπλοῦν

112 2617 179 2682 ἐστι
203 2624 264 2681 τοῦ
287 2620 403 2680 ΑΔΗ
419 2612 600 2700 τριγώνου·
625 2621 700 2681 ἰσον
723 2613 790 2702 ἄρα
812 2618 858 2706 τῷ
880 2623 913 2680 A
920 2621 1009 2682 ΔΜ.

179 2723 229 2790 25.
266 2717 383 2787 Ἔστιν
414 2718 479 2807 ἄρα
512 2717 557 2799 ώς
588 2717 626 2787 τὸ
658 2720 723 2788 υπό
756 2747 787 2808 p.
810 2723 866 2806 22,
894 2723 955 2803 24]
988 2718 1027 2788 τδ
1059 2719 1129 2788 ὑπὸ

59 2847 93 2896 25
112 2835 199 2912 AH,
227 2833 288 2894 ΘΒ
320 2826 557 2914 περιεχόμενον
589 2828 937 2915 παραλληλόγραμμον
969 2834 1046 2894 ἴσον
1080 2832 1128 2918 τῷ

111 2933 323 3024 πενταγώνφ,
346 2931 384 3001 τὸ
404 2933 442 3001 δέ
459 2930 525 3000 ὑπὸ
543 2940 655 3000 ΑΗΔ
677 2931 1027 3021 παραλληλόγραμμον
1047 2942 1128 3001 ἴσον

111 3044 156 3130 τῷ
172 3049 242 3107 ΑΔ
248 3047 291 3107 Μ
303 3039 489 3131 ἰσοπλεύρῳ
504 3039 666 3131 τριγώνῳ.
691 3037 736 3119 ὡς
748 3037 814 3125 ἄρα
827 3036 865 3106 τὸ
880 3035 946 3106 ὑπὸ
962 3045 1045 3124 ΑΗ,
1060 3047 1125 3106 ΘΒ

182 3234 289 3288 τιν’.
363 3220 471 3290 22jv2.
544 3233 652 3290 τεν».
725 3231 833 3288 τιν’.
906 3231 1016 3287 σεῖ’.

180 3419 204 3472 1.
225 3408 344 3484 κέντρον
359 3411 425 3482 τοῦ]
442 3427 498 3467 om.
511 3411 546 3465 V.
618 3415 642 3463 7.
661 3409 812 3546 vofikmlt.)
832 3424 885 3464 om.
896 3408 930 3464 V.
999 3414 1044 3466 20.
1064 3407 1124 3465 ἰσό-

68 3488 242 3574 ιενρον]
263 3506 337 3547 corr.
358 3503 396 3543 ex
414 3479 563 3555 ἰσογώνιον
578 3480 619 3535 ¹1.
688 3478 721 3532 τὸ
754 3495 771 3529 ο
787 3477 910 3529 σουλ.
