2362 3796
93 134 137 199 84
245 132 402 187 sellom
419 133 458 186 IN
476 131 751 187 ELEMENTORUM
769 131 908 183 LIBRUM
921 131 943 182 1.

55 286 58 291 ’
94 277 288 360 ἐπιφανείας
318 274 374 340 καὶ
407 271 567 359 σώματος.
617 276 648 340 εί
680 273 720 339 δέ
747 296 796 349 τις
825 271 1006 356 ἐπιζητοίη,
1037 271 1108 349 πῶς

93 380 200 466 πάσης
223 382 417 466 ἐπιφανείας
440 379 564 466 πέρατα
586 382 748 466 γραμμαί·
778 379 821 463 μὴ
845 378 911 462 γάρ
934 379 992 462 τῆς
1014 399 1110 445 πεπε-

94 488 259 575 ρασμένης
277 484 396 572 πάσης·
425 483 506 554 οὐδὲ
523 511 588 573 γαρ
606 487 666 571 τῆς
683 489 829 571 σφαίρας
847 480 1024 568 ἐπιφάνεια
1040 479 1108 550 ὐπδ

95 597 162 662 τάν
175 596 338 680 γραμμῶν
353 592 549 681 περιέχεται·
580 592 735 679 ἐροῦμεν,
755 587 807 658 ὅτι
820 586 882 675 τὴν
897 588 1108 675 ἐπιφάνειαν,

60 696 173 771 εααθ’
200 697 283 767 ὅσον
311 699 380 768 ἐστὶ
408 701 484 785 διχῆ
514 696 689 783 διαστατή,
721 694 937 782 λαμβάνομεν
964 693 1048 763 ιιατά
1075 721 1110 763 τε

95 809 199 892 μῆκος
225 806 282 872 καὶ
309 803 439 884 πλάτος.
485 808 516 872 εί
542 803 581 873 δὲ
607 804 669 890 τὴν
698 803 881 890 σφαιρικὴν
908 809 1110 888 θεωροίμεν,

96 911 381 998 ἐσχηματισμένην
404 907 511 997 αὐτὴν
537 911 594 978 καὶ
620 912 882 996 προσλαβοῦσαν
907 905 1015 994 άλλην
1035 931 1109 977 ποι-

20 1080 34 1094 ,
96 1017 197 1104 ότητα
220 1017 436 1103 λαμβάνομεν
458 1018 514 1085 καί
537 1017 639 1103 πέρας
662 1013 747 1104 ἀρχῇ
771 1011 972 1095 σννάψασαν
995 1014 1051 1081 καὶ
1075 1015 1110 1083 ἐιι

96 1127 164 1190 τῶν
188 1121 251 1189 δύο
274 1120 428 1210 περάτων
456 1126 493 1190 ἓν
520 1120 726 1208 ποιήσασαν,
756 1121 812 1187 καὶ
839 1123 940 1188 τοῦτο
968 1117 1110 1205 δννάμει

45 1251 79 1301 10
97 1226 204 1314 μόνον
225 1232 282 1295 καὶ
306 1225 347 1296 οὐ
370 1226 441 1295 κατ’
467 1229 648 1315 ἐνέργειαν.

160 1331 334 1413 Ἐπίπεδος
358 1333 535 1422 ἐπιφάνειά
559 1337 662 1419 ἐστιν,
688 1334 761 1419 ἥτις
788 1334 821 1414 ἐξ
849 1340 926 1401 ίσον
953 1338 1025 1411 ταλς
1050 1327 1104 1416 ἐφ’

98 1441 217 1527 ἑαυτῆς
240 1437 390 1518 εὐθείαις
410 1453 525 1509 νεῖται.

164 1560 235 1626 τοῖς
259 1545 320 1633 μὲν
345 1546 574 1634 παλαιοτέροις
599 1549 669 1614 τῶν
692 1543 893 1632 φιλοσόφων
917 1541 982 1613 οὐκ
1003 1539 1112 1611 ἐδάιιει

95 1657 157 1740 τῆς
178 1655 373 1740 ἐπιφανείας
395 1650 486 1734 είδος
512 1658 671 1720 τίθεσθαι
698 1650 736 1719 τὸ
765 1653 939 1736 ἐπίπεδον,
966 1647 1041 1718 ἀλλ’
1068 1645 1114 1728 ὥς

46 1779 80 1832 15
98 1757 222 1828 ταύτὸν
246 1759 404 1848 ἑκάτερον
431 1758 705 1849 παραλαμβάνειν
733 1761 781 1837 είς
812 1755 1022 1846 παράστασιν
1052 1757 1114 1823 τοῦ

100 1869 175 1953 διχῇ
200 1865 411 1946 διαστάντος·
446 1865 533 1934 οὕτω
557 1865 622 1954 γάρ
645 1865 702 1933 καὶ
725 1862 744 1933 ὁ
765 1873 861 1943 θείος
883 1862 1029 1932 Πλάτων
1051 1860 1114 1949 τὴν

100 1979 304 2060 γεωμετρίαν
323 1975 393 2040 τῶν
413 1973 577 2040 ἐπιπέδων
595 1976 698 2056 ἔφατο
718 1967 929 2057 θεωρητικὴν
947 1967 1034 2056 πρὸς
1051 1994 1113 2056 την

102 2083 353 2165 στερεομετρίαν
382 2076 507 2163 ταύτην
534 2074 753 2163 άντιδιαιρῶν
787 2073 831 2155 ὡς
859 2071 902 2143 άν
928 2084 989 2161 τῆς
1011 2073 1116 2161 αὐτῆς

102 2181 205 2269 οὐσης
232 2187 278 2274 τῷ
310 2182 452 2273 ἐπιπέδῳ
483 2185 541 2268 τῆς
573 2183 777 2269 ἐπιφανείας.
828 2178 845 2249 ὁ
875 2180 905 2249 δ’
931 2179 1117 2268 Εὐκλείδης

50 2310 85 2360 20
104 2289 202 2373 γένος
224 2286 285 2373 μὲν
309 2301 400 2354 ποιεῖ
419 2285 481 2373 τὴν
501 2284 712 2373 ἐπιφάνειαν,
736 2284 825 2366 είδος
844 2286 881 2355 δὲ
895 2284 933 2355 τὸ
949 2288 1116 2372 ἐπίπεδον,

104 2389 148 2472 εὸς
174 2395 233 2478 τῆς
260 2396 414 2479 γραμμῆς
440 2393 504 2480 την
531 2391 678 2461 εὐθεῖαν.
724 2392 778 2460 διὸ
806 2394 862 2460 καὶ
889 2391 928 2462 τὸ
957 2395 1116 2461 ἐπίπεδον

103 2498 205 2584 χωρὶς
231 2495 424 2586 ἀφορίζεται
450 2504 510 2586 τῆς
538 2502 732 2586 ἐπιφανείας
758 2498 841 2567 κατὰ
874 2498 911 2567 τδ
946 2498 1118 2585 ἀνάλογον

103 2607 142 2692 τῇ
167 2601 300 2694 εὐθείᾳ·
324 2603 450 2686 πάντας
471 2605 536 2692 γάρ
559 2605 640 2685 τοὺς
660 2609 720 2691 τῆς
738 2603 874 2684 εὐθείας
892 2604 996 2694 ὅρους
1013 2608 1060 2684 είς
1077 2600 1117 2671 τδ

105 2713 263 2779 ἐπίπεδον
290 2710 470 2798 μετάγουσι
498 2711 535 2780 τὸ
564 2712 661 2798 γένος
689 2711 797 2798 μόνον
830 2710 1118 2797 μεταλλάττοντες,

51 2839 85 2891 25
105 2818 161 2885 καὶ
183 2815 202 2884 δ
225 2819 413 2905 γεωμέτρης
434 2817 560 2905 ταύτην
583 2815 728 2905 ὡρίσατο
752 2818 808 2884 καὶ
827 2818 880 2885 ἐπί
898 2815 1021 2904 ταύτης
1038 2813 1119 2884 ὐπο-

104 2926 258 3011 ιιειμένης
275 2933 400 3012 θεωρεῖ
416 2922 457 2991 τά
472 2950 507 2992 τε
522 2923 673 3011 σχήματα
686 2923 742 2991 καὶ
755 2924 860 3008 πάθη.
892 2918 1121 3010 εὐπορώτερος

109 3028 174 3119 γάρ
198 3028 216 3098 ὁ
241 3030 341 3117 λόγος
365 3030 418 3098 ἐπὶ
440 3030 561 3117 ταύτης
582 3025 604 3116 ἢ
629 3027 679 3097 ἐπ’
700 3027 802 3115 άλλης
825 3031 1029 3114 ἐπιφανείας.
1063 3030 1121 3097 καί

106 3134 171 3222 γὰρ
195 3133 334 3205 εὐθεῖαν
361 3135 417 3204 καὶ
444 3135 569 3204 αὐκλον
596 3136 652 3203 καὶ
679 3134 788 3204 πάντα
816 3133 965 3222 σχήματα
992 3134 1048 3202 καὶ
1079 3133 1121 3202 τδι

107 3306 318 3316 ——---—-—

169 3402 205 3481 '1.
224 3400 273 3453 ιιαὶ
292 3397 423 3470 σώματος
440 3431 474 3441 -
494 3407 518 3456 2.
540 3395 721 3472 ἐπιφανείας]
740 3399 797 3468 bis,
819 3400 869 3455 sed
887 3415 955 3456 corr.
1029 3405 1053 3456 9.
1075 3395 1122 3471 ἐμ-

109 3485 277 3537 ποιηοασαν.
352 3477 393 3526 12.
413 3465 536 3534 ἕανταῖς.
609 3477 650 3527 18.
670 3472 898 3542 στερεωμετρίαν.
