2362 3796
79 162 143 228 728
332 165 515 218 εεεωωοιε
533 164 771 217 εοΗοιιοωοω
788 166 835 217 1v.

77 306 237 392 μονάδας.
274 302 490 374 ὁσαπλασίων
508 302 575 393 ἄρα
593 303 685 372 ἐστὶν
704 301 722 371 6
742 308 763 372 6
780 314 843 373 τοῦ
856 310 913 391 αβ,
934 325 1091 374 τοσαυτα-

75 417 230 480 πλασίων
263 412 332 479 ἐστὶ
363 411 419 478 καὶ
447 407 466 478 6
494 436 532 497 εη
565 412 628 479 τοῦ
655 414 708 495 αβ.
757 412 793 478 οδ
822 409 861 478 δὲ
892 414 957 478 τοῦ
990 409 1094 481 αὐτοῦ

78 513 231 605 άριθμοῦ
259 515 369 595 ἰσάκις
394 514 637 583 πολλαπλάσιοι
669 512 811 603 ἀριθμοὶ
838 522 907 582 ίσοι
936 512 1094 602 άλλήλοις

77 627 176 691 είσίν·
201 630 274 702 ίσος
296 620 362 707 άρα
385 621 476 690 έστλν
500 618 519 689 6
542 625 564 689 6
586 624 632 713 τῷ
656 647 703 707 εη.
749 626 809 689 κατ’
829 623 921 689 ἐστιν
945 619 965 690 6
990 621 1054 709 μὲν
1075 626 1094 689 δ

41 751 57 800 5
78 725 96 796 6
122 725 187 797 άπὸ
212 737 272 797 τοῦ
296 733 340 813 αβ
362 725 582 814 τετράγωνος,
606 724 624 795 6
649 726 687 795 δέ
710 754 747 815 εη
771 727 947 807 συντεθεὶς
971 730 1008 795 έκ
1033 730 1095 797 δύο

78 835 245 902 ἐπιπέδων
268 831 426 922 ἀριθμῶν
447 837 517 901 τῶν
540 835 576 901 ένι
597 836 668 901 τῶν
690 837 734 918 αβ
748 839 802 920 βγ,
825 839 869 920 βα
884 861 937 920 αγ.
985 831 1004 903 6
1031 836 1093 921 άρα

76 937 142 1008 άπὸ
166 943 229 1008 τοῦ
252 944 297 1025 αβ
324 940 533 1027 τετράγωνος
560 945 634 1020 ίσος
661 939 730 1008 ἐστὶ
759 943 804 1032 τῷ
828 941 1040 1032 συγκειμένῳ
1062 945 1093 1010 έιι

76 1045 141 1113 δύο
165 1047 331 1114 ἐπιπέδων
352 1049 422 1114 τῶν
445 1047 482 1113 έιι
504 1048 573 1113 τῶν
597 1050 641 1131 αβ
653 1051 707 1132 βγ,
730 1051 775 1132 βα
789 1073 841 1132 ay.

144 1150 205 1219 έάν
228 1148 293 1240 άρα
316 1150 462 1240 ἀριθμὸς
484 1156 532 1230 είς
555 1149 619 1219 δύο
642 1149 811 1239 ἀριθμοὺς
835 1156 1010 1243 διαιρεθῇ,
1035 1154 1091 1223 δύο

23 1278 58 1328 10
77 1259 228 1327 ἐπίπεδοι
257 1254 399 1344 άριθμοὶ
432 1259 468 1325 οδ
492 1255 671 1343 γενόμενοι
703 1262 740 1324 ένι
766 1283 803 1325 τε
832 1260 896 1324 τοῦ
925 1255 1013 1327 ὅλου
1043 1260 1090 1328 καὶ

76 1364 235 1452 ἑκατέρου
256 1366 326 1431 τῶν
349 1366 461 1451 μερῶν
484 1362 734 1451 συναμφότεροι
757 1371 826 1431 ίσοι
849 1363 938 1432 είσὶν
962 1368 1012 1456 τῶ
1033 1363 1090 1434 άπὸ

75 1474 138 1538 τοῦ
162 1467 244 1538 ὅλον
265 1467 476 1560 τετραγῶνῳ·
506 1465 587 1556 ὅπερ
611 1472 680 1536 ἔδει
703 1470 817 1550 δεῖξαι.

562 1725 584 1782 ν
598 1751 606 1767 .

139 1819 220 1890 Ἐὰν
242 1807 391 1911 άριθμός
410 1827 568 1910 διαιρεθῇ
587 1826 634 1902 είς
653 1820 715 1889 δύο
734 1818 915 1909 άριθμούς,
942 1821 962 1893 6
984 1827 1021 1894 έκ
1037 1828 1089 1893 τοῦ

22 1948 56 2000 16
76 1929 160 1997 ὅλον
190 1929 246 1996 καὶ
274 1927 350 2007 ἑνὸς
375 1932 445 1995 τῶν
472 1930 584 2014 μερῶν
612 1929 765 2006 έπίπεδος
788 1937 861 2009 ίσος
889 1931 964 1999 έστὶ
992 1934 1089 2023 τῳέτ

73 2039 143 2103 τῶν
174 2037 287 2122 μερῶν
320 2034 463 2124 ἐπιπέδῳ
497 2032 561 2101 σὺν
593 2037 639 2124 τῷ
666 2031 731 2102 άπὸ
759 2037 822 2102 τοῦ
844 2040 1089 2126 προειρημένον

74 2142 198 2228 μέρους
220 2138 427 2229 τετραμῶνῳ.

141 2244 287 2333 άριθμός
318 2243 382 2331 γάρ
412 2241 430 2311 6
460 2251 504 2331 αβ
537 2246 713 2334 διῃρήσθω
746 2249 793 2326 είς
825 2247 888 2315 δύο
924 2248 1091 2340 ἀριθμοὺς

71 2349 153 2430 τοὺς
171 2376 224 2434 ay,
240 2356 291 2436 νβ.
327 2350 424 2435 λέγω,
447 2348 500 2417 δτι
525 2348 543 2418 6
567 2353 604 2419 έκ
621 2355 690 2420 τῶν
709 2358 763 2438 αβ,
777 2357 821 2438 βγ
844 2355 1008 2438 ἐπίπεδος
1028 2367 1091 2438 ίσος

19 2477 54 2527 20
73 2454 142 2523 έστὶ
165 2464 210 2545 τῳ
233 2477 269 2521 τε
292 2456 329 2522 έν
350 2458 419 2522 τῶν
439 2481 492 2540 αν,
506 2460 549 2540 μβ
573 2458 717 2548 ἐπιπέδῳ
740 2458 796 2525 καὶ
814 2462 861 2549 τῶ
881 2458 951 2530 άπὸ
970 2468 1038 2533 τοῦ
1056 2469 1092 2552 μβ

71 2560 279 2651 τετραμῶνῳ.

139 2663 157 2732 6
185 2664 250 2753 γὰρ
279 2672 323 2752 αβ
349 2665 672 2735 πολλαπλασιασάτω
701 2668 761 2737 τὸν
789 2676 832 2756 νβ
863 2673 922 2740 καὶ
957 2685 1090 2748 ποιείτω

70 2770 132 2841 τὸν
157 2776 188 2857 δ,
213 2768 231 2839 6
256 2770 295 2840 δὲ
318 2798 361 2858 αγ
383 2771 445 2840 τὸν
463 2778 506 2859 νβ
528 2775 850 2844 πολλαπλασιασάτω
874 2779 933 2846 καὶ
957 2791 1090 2854 ποιείτω

70 2881 131 2946 τὸν
152 2885 195 2964 εξ,
219 2874 236 2946 6
258 2875 295 2945 δέ
308 2883 352 2963 νβ
371 2875 491 2946 ἑαυτὸν
509 2878 804 2960 πολλαπλασιάσας
817 2888 956 2954 ποιείτω
973 2889 1041 2960 τὸν
1055 2898 1090 2976 ζη.

20 3003 55 3054 25
73 2984 130 3051 καὶ
154 2984 223 3052 ἐπεὶ
247 2980 265 3051 6
290 2988 333 3068 αβ
355 2983 417 3052 τὸν
435 2988 478 3069 νβ
501 2985 796 3066 πολλαπλασιάσας
819 2989 959 3076 ἐποίησε
985 2996 1050 3066 τὸν
1066 3001 1090 3079 δ,

71 3087 89 3156 6
113 3088 179 3175 άρα
203 3094 246 3174 νβ
269 3103 383 3176 μετρεῖ
405 3092 467 3158 τὸν
493 3095 513 3158 δ
536 3090 620 3160 κατά
642 3093 703 3172 τάς
725 3095 762 3161 ἐν
789 3096 834 3183 τῷ
858 3100 903 3180 αβ
931 3103 1089 3184 μονάδας.

68 3193 170 3262 πάλιν
188 3193 257 3262 ἐπεὶ
277 3192 354 3279 δαν
376 3198 437 3265 τὸν
450 3201 493 3281 μβ
509 3197 803 3278 πολλαπλασιάσας
825 3201 965 3288 ἐποίησε
980 3208 1044 3278 τὸν
1055 3216 1088 3293 εξ,

65 3350 284 3364 *ρ-

66 3470 72 3475 -
145 3441 169 3492 1.
191 3427 388 3491 ὁσαπλάσιον.
457 3425 712 3483 τοοαοτοιπλέιοιοο.
783 3433 832 3480 (λλ,
846 3433 1085 3496 πολλαπλασιᾰτω

66 3500 80 3577 ’λ’
99 3498 239 3584 ποιήτω.
317 3510 365 3563 23.
384 3494 634 3560 πολλαπλαοιάτω.
701 3493 820 3559 ποτάμια.
880 3501 1066 3572 mmm
