2362 3796
115 146 179 210 176
265 144 422 198 SOHOLIA
440 145 480 196 IN
496 145 772 197 ELEMENTORUM
788 144 964 198 LIBRUMI.

114 285 273 372 ἀλλήλαις
295 287 428 352 ἐδείκνυ
449 283 684 371 παραλλήλους
707 283 811 364 οὔσας
831 287 892 364 τὰς
910 280 1063 362 εὐθείας·
1093 282 1132 353 τὸ

115 392 152 459 δέ
170 391 224 477 κη’
244 389 406 478 θεώρημα
428 394 487 469 τὰς
510 382 667 476 λοιπάςβ
689 388 870 470 ὑποθέσεις
893 395 1133 478 προστίθησιν,

116 490 165 566 οἷν
187 497 208 584 ἡ
233 497 294 584 μέν
317 500 375 576 τάς
393 502 518 583 γωνίας
536 502 658 584 μερίζει
675 499 759 564 κατά
778 499 816 564 τὸ
835 494 930 576 έντδς
948 497 1005 563 κοιλ
1025 496 1131 583 ἐκτός,

115 602 135 691 ή
155 604 192 672 δὲ
211 604 400 690 ἀμφοτέρας
419 601 512 682 έντός
529 600 729 670 ὑποτίθεται
746 603 803 671 καί
821 607 972 670 δείκνυσι
986 601 1027 670 τὸ
1047 602 1131 672 αὐτο

80 734 96 782 5
116 712 343 797 συμπέρασμα.
389 710 445 777 καὶ
473 707 562 789 ὅπως
589 708 650 796 μέν
679 712 716 777 έν
739 712 785 800 τῷ
808 707 875 793 πρὸ
897 707 1022 777 τούτου
1044 719 1132 779 θεω-

115 815 236 903 ρήματι
260 813 278 883 ὁ
302 818 488 903 γεωμέτρης
510 813 569 894 τὰς
589 814 732 894 ἐναλλάξ
750 821 826 894 ίσας
842 811 988 883 ὑπέθετο
1007 818 1069 895 τὰς
1086 813 1131 903 μή

115 923 168 991 έπί
200 921 240 991 τά
268 918 352 990 αὐτά
381 924 464 1009 μέρη
492 919 778 1008 παραλαμβάνων·
820 923 971 989 τοιαῦται
998 923 1065 1008 γάρ
1097 925 1134 989 αλ

115 1027 270 1108 ἐναλλάξ·
305 1026 395 1107 ὅπως
419 1027 456 1095 δὲ
480 1029 516 1095 ἐν
539 1025 647 1116 τούτῳ
670 1029 733 1113 τήν
757 1029 852 1107 έντος
872 1026 929 1095 καὶ
951 1024 1014 1114 τήν
1037 1030 1132 1109 έκτδς

117 1141 195 1217 ίσην
217 1133 400 1219 λαμβάνων
423 1131 559 1211 καὶτὰς
582 1136 676 1214 ἐντὸς
703 1133 759 1200 καί
783 1135 836 1201 έπλ
862 1132 903 1201 τὰ
932 1129 1018 1201 αὐτὰ
1045 1135 1130 1221 μέρη

66 1262 99 1311 10
118 1240 180 1306 δύο
201 1238 322 1326 ὀρθαῖς
336 1247 411 1318 ίσας
425 1243 608 1325 δείκνυσιν,
628 1237 680 1307 ὅτι
696 1237 759 1307 δύο
774 1237 896 1327 ὀρθαῖς
910 1247 995 1307 ἴσων
1015 1238 1131 1309 οὐσῶν

116 1354 185 1412 τῶν
208 1343 302 1424 ἐντὸς
324 1348 457 1431 γωνιῶν
480 1348 518 1411 αί
538 1343 670 1414 εὐθεῖαι
692 1344 903 1432 παράλληλοί
922 1350 999 1433 είσι,
1023 1350 1130 1433 δῆλον

117 1448 182 1517 άπὸ
205 1453 273 1518 τῶν
295 1454 528 1539 καταγραφῶν.

185 1561 259 1624 106.
295 1558 339 1625 Τὸ
364 1557 426 1645 μέν
448 1581 513 1645 προ
537 1556 661 1626 τούτου
683 1557 845 1647 θεώρημα
867 1561 927 1639 τὰς
949 1558 993 1645 μή
1019 1559 1072 1627 έπλ
1091 1558 1131 1627 τὰ

117 1661 201 1731 αὐτά
224 1665 306 1751 μέρη
330 1670 456 1750 γωνίας
484 1663 674 1751 λαμβάνον,
702 1667 796 1743 ἐντὸς
823 1664 861 1733 δέ
887 1668 956 1733 τῶν
984 1662 1132 1735 εὐθειῶν

65 1792 98 1842 15
117 1770 269 1856 κειμένας
288 1778 361 1849 ίσας
379 1767 540 1855 άλλήλαις
558 1773 691 1839 ἐδείκνυ
705 1768 937 1857 παραλλήλους
951 1769 1056 1852 οὔσας
1073 1775 1133 1852 τὰς

117 1873 267 1962 εὐθείας,
298 1880 398 1945 τοῦτο
427 1875 464 1944 δέ
492 1874 550 1955 τὰς
581 1874 698 1956 λοιπὰς
726 1876 788 1944 δύο
819 1877 998 1957 ὑποθέσεις
1029 1898 1131 1965 προσ·

117 1988 270 2068 τίθησιν,
295 1974 343 2050 ὧν
366 1982 387 2068 ἡ
411 1982 473 2068 μέν
496 1980 554 2062 τάς
576 1989 702 2068 γωνίας
725 1991 847 2073 μερίζει
869 1982 952 2052 κατὰ
971 2009 1010 2051 το
1035 1983 1134 2064 ἐντὸς

117 2088 173 2154 καὶ
188 2088 289 2173 έκτός,
304 2085 324 2173 ή
340 2088 377 2155 δὲ
392 2086 583 2177 ἀμφοτέρας
598 2088 692 2169 ἐντὸς
701 2090 900 2159 ὑποτίθεται
912 2090 967 2158 καί
976 2092 1133 2157 δείκνυσι

118 2192 155 2260 τὸ
181 2189 262 2260 αὐτὸ
282 2193 508 2279 συμπέρασμα.
547 2197 674 2276 δόξειεν
693 2194 725 2263 δ’
742 2193 786 2265 άν
805 2196 906 2265 πάλιν
924 2195 1003 2265 νυνὶ
1022 2195 1059 2263 ἐν
1080 2197 1132 2265 ἑνί

65 2321 100 2370 20
118 2297 311 2384 θεωρήματι
333 2295 392 2377 τὰς
415 2298 554 2381 ἐναλλάξ
577 2309 652 2381 ίσας
674 2299 910 2388 ὑποτίθεσθαι,
934 2305 971 2370 έν
995 2301 1048 2370 ἑνὶ
1070 2302 1133 2389 μὲν

118 2408 157 2491 τῇ
186 2401 277 2483 ἐκτὸς
304 2404 360 2471 καί
389 2407 448 2484 τὰς
475 2405 569 2486 ἐντὸς
598 2409 653 2475 καλ
685 2410 737 2477 ἐπὶ
764 2407 805 2478 τά
833 2407 918 2477 αὐτὰ
948 2410 1034 2495 μέρη
1068 2408 1132 2477 δύο

119 2506 225 2595 ὀρθάς
249 2519 330 2588 ίσας.

464 2674 519 2738 Ad
542 2698 646 2759 prop.
660 2675 786 2778 XXIX.

187 2799 259 2862 107.
296 2793 340 2861 Τὸ
360 2794 420 2862 κθ’
434 2794 595 2882 θεώρημα
614 2795 815 2884 ἀμφοτέροις
834 2797 1049 2888 ἀντιστρέφει
1062 2815 1135 2882 τοῖς

65 2920 99 2969 25
118 2925 181 2985 προ
212 2898 316 2967 αὐτοῦ
344 2905 390 2990 τῷ
419 2900 475 2985 κη’
499 2902 555 2968 καὶ
586 2906 632 2994 τῷ
664 2903 727 2984 κζ’·
767 2902 805 2971 τὸ
833 2903 896 2993 γὰρ
925 2907 963 2972 έν
988 2906 1132 2999 ἑκατέρω

119 3006 320 3092 ζητούμενον
339 3004 506 3075 ὑπόθεσιν
525 3022 677 3095 ποιεῖται,
696 3013 736 3077 τά
753 3013 790 3078 ε’ν
805 3013 944 3092 ἐκείνοις
965 3005 1134 3101 δεδομένα

117 3154 329 3161 ———-

191 3226 248 3273 106.
267 3219 296 3273 P.
371 3225 429 3273 107.
450 3220 608 3290 νέμεις).

118 3345 330 3354 -----.

191 3418 231 3465 10.
251 3412 324 3539 ἴσας)
344 3408 431 3474 οὔσας
449 3412 512 3482 Vq;
535 3414 599 3471 fort.
619 3416 682 3478 ίσας
701 3411 794 3477 οὔσας.
878 3422 910 3471 19
922 3435 962 3544 sxa.
988 3424 1134 3492 corrupta

149 3487 192 3536 26.
214 3482 304 3554 δεδομ
322 3484 371 3557 να]
390 3484 421 3554 Ρ,
439 3483 557 3541 Proclus
573 3503 602 3557 p.
622 3492 683 3555 364,
701 3491 733 3552 ὃς
751 3484 910 3556 δεδογμένα
958 3506 987 3557 q.
