2362 3796
118 142 184 207 300
204 162 208 175 ·
271 143 427 195 SOHOLIA
444 144 484 196 IN
501 143 776 207 ELEMENTORUM
793 142 933 194 LIBRUM
946 142 978 195 V.
1042 169 1052 185 .

117 263 214 352 τὸΙΚ
238 287 299 350 τοῦ
321 290 376 369 Μ,
408 281 558 371 ὑπερέχει
585 283 641 350 καὶ
664 281 702 351 τὸ
727 289 758 350 Λ
787 286 848 350 τοὺ
871 288 914 350 Ν.
960 278 1033 349 εἰτοι
1057 277 1138 349 ἄνα.-

117 389 256 476 κάμπτει
279 388 334 457 καί
358 394 405 468 εἰς
426 388 486 457 τὸν
510 388 593 475 ὅρον
616 387 721 456 αὐτὸν
743 394 802 456 καί
822 407 942 475 φησιν,
970 384 1032 472 ὡς,
1065 387 1138 455 έπεί

118 495 219 563 πάλιν
237 493 408 564 ὑπόκειται
426 494 467 563 τά
481 503 524 580 Κ,
539 502 570 563 Λ
588 498 657 563 τάν
676 503 715 581 Ε,
732 503 759 562 Ζ
779 494 1137 574 ἰσάκιςπολλοιπλάσιοι

42 614 45 620 “
118 602 172 668 καί
195 627 235 669 τα
259 609 309 689 Μ,
332 608 371 669 Ν
390 611 457 669 τῶν
480 608 525 686 Η,
549 609 592 686 Θ,
617 602 673 668 καὶ
697 607 810 689 ἔχουσι
832 604 937 670 ταῦτα
960 598 1009 676 τὰ,
1027 597 1138 682 ἰσάκις

84 731 100 780 ο
118 704 364 794 πολλαπλάσια,
387 709 536 776 τουτέστι
555 706 595 774 τά
612 714 655 794 K,
675 714 716 792 A,
734 714 785 792 Μ,
804 713 849 792 Ν,
872 702 893 791 ἢ
917 703 1091 793 ὑπεροχὴν
1115 702 1137 792 ἢ

120 813 256 901 ἰσότητα
288 811 309 901 ἢ
338 820 503 901 ἔλλειψιν,
536 815 573 881 ἐν
599 825 645 905 τῷ
673 813 764 905 αὐτῷ
792 815 882 905 λόχφ
911 811 978 896 άροι
1000 817 1136 880 ἔσονται

119 920 156 988 τὸ
181 927 213 987 Ε
238 916 323 1006 πρὸς
344 919 382 988 τὸ
406 926 446 986 Η
467 920 523 987 καί
546 921 583 987 τὸ
608 927 636 987 Ζ
660 918 744 1006 πρὸς
762 917 804 988 ,τὸ
828 925 864 987 Θ.
909 923 1009 987 τοῦτο
1034 915 1066 986 δ’
1093 909 1137 1004 ἦν

120 1024 157 1094 τὸ
183 1026 394 1112 ζητούμενον.

187 1136 240 1199 46.
277 1130 346 1199 Διά
369 1131 430 1201 τὸν
457 1135 702 1219 προειρημένον
730 1131 827 1221 ὅρον,
856 1129 928 1200 ἀλλ’
956 1127 1017 1199 οὑκ
1042 1126 1137 1197 άντι-

70 1260 103 1309 1ο
122 1236 288 1323 στρόφος·
303 1240 340 1305 έν
354 1242 400 1328 τῷ
414 1236 504 1328 αὐτῷ
518 1237 606 1330 λόχφ
617 1240 743 1325 μεγέθη
757 1241 886 1324 λέγεται
901 1235 988 1305 εἶναι
1001 1238 1138 1323 πρῶτον

122 1341 204 1427 πρὸς
228 1344 385 1428 δεύτερον
407 1345 463 1410 καί
485 1349 600 1429 τρίτον
621 1349 705 1433 πρὸς
726 1346 893 1432 τέταρτον.

190 1453 243 1516 47.
289 1452 395 1517 Τοῦτο
422 1448 460 1518 τὸ
484 1449 645 1539 θεώρημα
674 1453 788 1537 ἕτερον
815 1455 876 1518 τοὺ
906 1445 1138 1534 ἀντιστρόφου

123 1559 184 1622 τοῦ
209 1552 293 1642 ὅρου
315 1565 377 1622 τοῦ
400 1558 558 1640 λέγοντος
580 1557 617 1622 έν
640 1565 686 1647 τῷ
711 1554 800 1644 αὐτῷ
823 1554 913 1646 λόγῳ
936 1556 1064 1641 μεγέθη
1087 1553 1139 1622 λέ-

123 1687 241 1748 γονται
270 1658 357 1728 εἶναι
383 1673 519 1749 πρῶτον
546 1661 630 1746 πρὸς
652 1660 812 1746 ’δεύτερον
838 1662 894 1728 καὶ
916 1665 1032 1747 τρίτον
1056 1659 1141 1747 πρὸς

72 1793 105 1841 15
123 1768 296 1853 τέταρτον,
328 1765 409 1835 ὅταν
431 1766 509 1837 τόδε
536 1767 592 1834 καὶ
614 1765 702 1834 τόδε.
748 1768 784 1835 έν
808 1769 923 1858 ἐκείνῳ
946 1766 1012 1854 γάρ
1036 1770 1140 1852 ἐστιν,

125 1871 187 1958 ὅτι,
212 1872 272 1940 ἐὰν
295 1871 332 1940 τὸ
356 1885 491 1962 πρῶτον
514 1871 599 1960 πρὸς
622 1870 659 1942 τὸ
683 1871 844 1959 δεύτερον
866 1871 927 1941 τὸν
951 1871 1058 1941 αὐτὸν
1082 1877 1140 1959 ἔχη

124 1979 228 2064 λόγον
250 1981 306 2046 καὶ
329 1986 442 2066 τρίτον
465 1976 548 2065 πρὸς
566 1981 735 2065 τέταρτον,
758 1965 872 2045 καὶτὰ
892 1978 1001 2058 ἰσάκις
1017 1985 1142 2047 πολλα-

125 2084 249 2152 πλάσια
281 2089 343 2151 τοῦ
374 2083 511 2170 πράτου
546 2085 601 2151 καὶ
633 2090 748 2172 τρίτον
778 2089 847 2153 τῶν
880 2083 988 2163 ἰσάκις
1018 2090 1143 2151 πολλα-

125 2196 276 2257 πλοισίοον
295 2194 357 2257 τοῦ
376 2191 535 2274 δευτέρου
553 2190 609 2256 καὶ
627 2186 822 2276 τετάρτουῆ
838 2187 904 2277 ἅμα
918 2187 1142 2277 ὑπερέχουσιν

74 2292 147 2381 2οῆ
172 2294 240 2382 άμοι
264 2299 473 2363 ἐλλείπουσιν
496 2292 517 2381 ἢ
541 2295 609 2382 ἅμα
633 2303 690 2363 ἰσα
708 2301 803 2364 εἰσίν.
841 2293 902 2365 οὑκ
921 2294 986 2382 ἤδη
1007 2297 1056 2381 δέ,
1080 2293 1143 2363 ἐὰν

126 2400 166 2469 τὰ
195 2405 256 2469 τοῦ
282 2399 420 2486 πράτου
452 2402 508 2468 καὶ
534 2406 649 2487 τρίτου
671 2400 902 2470 πολλαπλάσια
929 2405 997 2468 τῶν
1020 2407 1143 2469 πολλα·

127 2512 278 2574 πλασίων
300 2511 362 2574 τοὺ
386 2511 546 2596 δευτέρου
566 2509 622 2576 καὶ
645 2507 805 2595 τετάρτου
828 2505 897 2594 ἅμα
918 2505 1144 2594 ὑπερέχουσιν

127 2608 148 2698 ἢ
172 2611 241 2699 ἅμα
263 2611 342 2682 τόδε
363 2613 419 2680 καὶ
441 2615 534 2698 τόδε,
558 2616 645 2682 εἰσὶν
667 2615 723 2680 καὶ
745 2615 783 2681 ἐν
805 2618 851 2706 τῷ
875 2614 965 2703 αὐτῷ
988 2612 1079 2704 λόγῳ
1103 2611 1142 2681 τὸ

127 2722 262 2807 πρῶτον
289 2719 374 2807 πρὸς
400 2719 437 2789 τὸ
462 2720 621 2807 δεύτερον
648 2719 703 2786 καί
726 2718 765 2787 τὸ
787 2725 902 2807 τρίτον
925 2717 1009 2806 πρὸς
1031 2715 1070 2787 τὸ
1093 2719 1144 2786 τέ-

75 2849 111 2898 κσ
128 2851 261 2911 ταρτον,
286 2824 368 2912 ὅπερ
392 2828 497 2913 φησὶν
521 2830 678 2894 ἐνταῦθα.
953 2833 955 2837 ’

196 2936 249 3000 48.
274 2930 409 3018 Ἱστέον,
429 2930 491 3018 ὅτι,
511 2930 592 3001 ὅταν
601 2930 754 3018 άριθμός
767 2959 816 3011 τις
829 2929 1146 3012 ὑποπολλιιπλάσιος

129 3041 342 3050 m..—

201 3079 244 3126 46.
263 3074 336 3141 q(l).
409 3078 453 3126 47.
472 3073 511 3126 V¹
526 3073 570 3143 (f).
646 3078 690 3126 48.
712 3072 748 3124 V⁰
767 3074 831 3140 (hoc
851 3071 989 3128 scholium
1006 3075 1061 3129 hoc
1080 3075 1145 3129 Ιοοο

129 3144 211 3211 posui
234 3159 296 3196 cum
315 3142 354 3212 V,
377 3160 548 3212 quamquam
566 3159 622 3198 non
642 3143 678 3198 ad
695 3144 769 3217 hanc
792 3159 871 3213 prop.
891 3144 981 3214 magis
1002 3161 1089 3213 quam
1108 3145 1145 3198 ad

131 3212 201 3268 alias
220 3230 317 3283 propp.
337 3214 402 3268 libri
421 3214 445 3268 V
464 3216 597 3284 pertinet)
616 3215 663 3284 (f).
757 3242 760 3247 ·

202 3343 226 3389 2.
246 3337 311 3408 καί]
330 3337 504 3407 θαυμαστῶς
521 3332 585 3391 κατ’
605 3338 639 3393 A.
712 3337 765 3409 εἰς]
785 3338 825 3398 εἰς
844 3333 933 3392 αὐτόν
952 3338 986 3392 Α.
1040 3333 1145 3410 αὑτόν]

102 3439 105 3444 ·
131 3402 184 3460 οὑκ
203 3407 244 3467 εἰς
261 3405 293 3461 τὸ
315 3405 503 3477 ἀντίστροφον
522 3404 612 3462 αὐτόν
630 3412 664 3462 A.
725 3415 767 3463 16.
786 3407 829 3480 τό]
845 3408 916 3477 (alt.)
935 3407 986 3462 τόν
1004 3408 1039 3463 V.
1104 3415 1146 3464 18.

130 3476 198 3547 τῶν]
218 3493 287 3531 corr.
308 3495 341 3533 ex
360 3476 432 3550 πρὸς
449 3476 493 3548 τά,
512 3481 546 3534 ολ
562 3478 687 3546 uidetur,
702 3477 729 3533 V
747 3498 787 3534 m.
804 3495 875 3545 pepe,
889 3476 1009 3546 πρῶτον
1026 3479 1049 3533 f.
