<?xml version="1.0" encoding="UTF-8"?>
<!DOCTYPE html PUBLIC "-//W3C//DTD XHTML 1.0 Transitional//EN"
    "http://www.w3.org/TR/xhtml1/DTD/xhtml1-transitional.dtd">
<html xmlns="http://www.w3.org/1999/xhtml" xml:lang="en" lang="en">
 <head>
  <title>
</title>
<meta http-equiv="Content-Type" content="text/html;charset=utf-8" />
  <meta name='ocr-system' content='tesseract 3.04.00' />
  <meta name='ocr-capabilities' content='ocr_page ocr_carea ocr_par ocr_line ocrx_word'/>
</head>
<body>
  <div class='ocr_page' id='page_1' title='image "./euclidisoperaom02unkngoog_0717.png"; bbox 0 0 2362 3796; ppageno 0'>
   <div class='ocr_carea' id='block_1_1' title="bbox 110 150 1001 216">
    <p class='ocr_par' dir='ltr' id='par_1_1' title="bbox 110 150 1001 216">
     <span class='ocr_line' id='line_1_1' title="bbox 110 150 1001 216; baseline 0 -11"><span class='ocrx_word' id='word_1_1' title='bbox 110 151 177 216; x_wconf 89' lang='grc'><strong><em>600</em></strong></span> <span class='ocrx_word' id='word_1_2' title='bbox 259 151 416 205; x_wconf 80' lang='lat' dir='ltr'>SCHOLIA</span> <span class='ocrx_word' id='word_1_3' title='bbox 433 152 472 203; x_wconf 83' lang='lat' dir='ltr'><strong><em>IN</em></strong></span> <span class='ocrx_word' id='word_1_4' title='bbox 491 150 764 211; x_wconf 78' lang='lat' dir='ltr'><strong>ELEMENTORUM</strong></span> <span class='ocrx_word' id='word_1_5' title='bbox 781 151 932 203; x_wconf 74' lang='lat' dir='ltr'><strong>LIBRUM</strong></span> <span class='ocrx_word' id='word_1_6' title='bbox 945 152 1001 206; x_wconf 80' lang='lat' dir='ltr'><strong><em>XI.</em></strong></span> 
     </span>
    </p>
   </div>
   <div class='ocr_carea' id='block_1_2' title="bbox 109 258 1132 486">
    <p class='ocr_par' dir='ltr' id='par_1_2' title="bbox 109 258 1132 486">
     <span class='ocr_line' id='line_1_2' title="bbox 111 258 1132 382; baseline -0.005 -21"><span class='ocrx_word' id='word_1_7' title='bbox 111 293 162 362; x_wconf 77' lang='grc' dir='ltr'><strong><em>ἑνὶ</em></strong></span> <span class='ocrx_word' id='word_1_8' title='bbox 191 292 351 382; x_wconf 75' lang='grc' dir='ltr'><strong><em>ἐπιπέδῳ,</em></strong></span> <span class='ocrx_word' id='word_1_9' title='bbox 383 293 496 376; x_wconf 77' lang='grc' dir='ltr'><strong><em>ἐπειδὴ</em></strong></span> <span class='ocrx_word' id='word_1_10' title='bbox 527 290 565 359; x_wconf 76' lang='grc' dir='ltr'><strong><em>δέ</em></strong></span> <span class='ocrx_word' id='word_1_11' title='bbox 592 291 649 358; x_wconf 81' lang='grc' dir='ltr'><strong><em>διὰ</em></strong></span> <span class='ocrx_word' id='word_1_12' title='bbox 680 293 742 359; x_wconf 86' lang='grc' dir='ltr'><strong><em>τοῦ</em></strong></span> <span class='ocrx_word' id='word_1_13' title='bbox 773 288 956 377; x_wconf 74' lang='grc' dir='ltr'><strong><em>τριγώνου</em></strong></span> <span class='ocrx_word' id='word_1_14' title='bbox 988 258 1132 359; x_wconf 81' lang='grc' dir='ltr'><strong><em>δείκνυσι</em></strong></span> 
     </span>
     <span class='ocr_line' id='line_1_3' title="bbox 109 396 782 486; baseline -0.006 -19"><span class='ocrx_word' id='word_1_15' title='bbox 109 402 221 485; x_wconf 86' lang='grc' dir='ltr'><strong><em>τοῦτο,</em></strong></span> <span class='ocrx_word' id='word_1_16' title='bbox 244 399 433 486; x_wconf 85' lang='grc' dir='ltr'><strong><em>προσέθηκε</em></strong></span> <span class='ocrx_word' id='word_1_17' title='bbox 455 396 494 464; x_wconf 89' lang='grc' dir='ltr'><strong><em>τὸ</em></strong></span> <span class='ocrx_word' id='word_1_18' title='bbox 517 400 585 464; x_wconf 81' lang='grc' dir='ltr'><strong><em>πᾶν</em></strong></span> <span class='ocrx_word' id='word_1_19' title='bbox 607 401 782 484; x_wconf 79' lang='grc' dir='ltr'><strong><em>τρίγωνον.</em></strong></span> 
     </span>
    </p>
   </div>
   <div class='ocr_carea' id='block_1_3' title="bbox 59 591 1133 1546">
    <p class='ocr_par' dir='ltr' id='par_1_3' title="bbox 75 591 1131 1014">
     <span class='ocr_line' id='line_1_4' title="bbox 484 591 746 678; baseline 0 -20"><span class='ocrx_word' id='word_1_20' title='bbox 484 593 541 658; x_wconf 86' lang='lat' dir='ltr'><strong><em>Ad</em></strong></span> <span class='ocrx_word' id='word_1_21' title='bbox 564 615 668 678; x_wconf 86' lang='lat' dir='ltr'><strong>prop.</strong></span> <span class='ocrx_word' id='word_1_22' title='bbox 690 591 746 658; x_wconf 77' lang='lat' dir='ltr'><strong><em>Ill</em></strong></span> 
     </span>
     <span class='ocr_line' id='line_1_5' title="bbox 178 704 1129 803; baseline 0.001 -20"><span class='ocrx_word' id='word_1_23' title='bbox 178 719 231 784; x_wconf 88' lang='grc'><strong><em>20.</em></strong></span> <span class='ocrx_word' id='word_1_24' title='bbox 269 714 340 783; x_wconf 86' lang='grc' dir='ltr'><strong><em>Οὐκ</em></strong></span> <span class='ocrx_word' id='word_1_25' title='bbox 363 712 488 800; x_wconf 74' lang='grc' dir='ltr'><strong><em>ἀληθὲς</em></strong></span> <span class='ocrx_word' id='word_1_26' title='bbox 514 713 552 782; x_wconf 90' lang='grc' dir='ltr'><strong><em>τὸ</em></strong></span> <span class='ocrx_word' id='word_1_27' title='bbox 575 712 829 800; x_wconf 82' lang='grc' dir='ltr'><strong><em>ἇντιστρόφιον·</em></strong></span> <span class='ocrx_word' id='word_1_28' title='bbox 866 704 920 782; x_wconf 78' lang='grc' dir='ltr'><strong><em>ὥν</em></strong></span> <span class='ocrx_word' id='word_1_29' title='bbox 951 715 1129 803; x_wconf 72' lang='grc' dir='ltr'><strong><em>σχημάτων</em></strong></span> 
     </span>
     <span class='ocr_line' id='line_1_6' title="bbox 75 816 1131 908; baseline -0.004 -18"><span class='ocrx_word' id='word_1_30' title='bbox 75 849 91 898; x_wconf 75' lang='lat'><strong>5</strong></span> <span class='ocrx_word' id='word_1_31' title='bbox 110 820 304 908; x_wconf 83' lang='grc' dir='ltr'><strong><em>τεμνόντων</em></strong></span> <span class='ocrx_word' id='word_1_32' title='bbox 321 819 449 907; x_wconf 77' lang='grc' dir='ltr'><strong><em>ἄλληλα</em></strong></span> <span class='ocrx_word' id='word_1_33' title='bbox 467 816 488 906; x_wconf 82' lang='grc' dir='ltr'><em>ἡ</em></span> <span class='ocrx_word' id='word_1_34' title='bbox 507 820 604 906; x_wconf 80' lang='grc' dir='ltr'><strong><em>κοινὴ</em></strong></span> <span class='ocrx_word' id='word_1_35' title='bbox 623 817 706 907; x_wconf 80' lang='grc' dir='ltr'><strong><em>τομὴ</em></strong></span> <span class='ocrx_word' id='word_1_36' title='bbox 727 816 845 887; x_wconf 79' lang='grc' dir='ltr'><strong><em>εὐθεῖαί</em></strong></span> <span class='ocrx_word' id='word_1_37' title='bbox 859 820 972 908; x_wconf 86' lang='grc' dir='ltr'><strong><em>ἐστιν,</em></strong></span> <span class='ocrx_word' id='word_1_38' title='bbox 999 820 1131 890; x_wconf 75' lang='grc' dir='ltr'><strong><em>ἐπίπεδά</em></strong></span> 
     </span>
     <span class='ocr_line' id='line_1_7' title="bbox 111 925 360 1014; baseline -0.004 -18"><span class='ocrx_word' id='word_1_39' title='bbox 111 930 180 996; x_wconf 87' lang='grc' dir='ltr'><strong><em>ἐστι</em></strong></span> <span class='ocrx_word' id='word_1_40' title='bbox 203 925 360 1014; x_wconf 81' lang='grc' dir='ltr'><strong><em>σχήματα.</em></strong></span> 
     </span>
    </p>

    <p class='ocr_par' dir='ltr' id='par_1_4' title="bbox 110 1029 1132 1332">
     <span class='ocr_line' id='line_1_8' title="bbox 178 1029 1131 1120; baseline 0.002 -20"><span class='ocrx_word' id='word_1_41' title='bbox 178 1037 230 1101; x_wconf 89' lang='grc'><strong><em>21.</em></strong></span> <span class='ocrx_word' id='word_1_42' title='bbox 267 1037 397 1119; x_wconf 73' lang='grc' dir='ltr'><strong><em>Δῆλον,</em></strong></span> <span class='ocrx_word' id='word_1_43' title='bbox 421 1033 473 1101; x_wconf 84' lang='grc' dir='ltr'><strong><em>ὅτι</em></strong></span> <span class='ocrx_word' id='word_1_44' title='bbox 492 1035 754 1119; x_wconf 81' lang='grc' dir='ltr'><strong><em>ἐφαρμοζουσῶν</em></strong></span> <span class='ocrx_word' id='word_1_45' title='bbox 770 1035 839 1101; x_wconf 79' lang='grc' dir='ltr'><strong><em>τῶν</em></strong></span> <span class='ocrx_word' id='word_1_46' title='bbox 858 1029 1017 1102; x_wconf 75' lang='grc' dir='ltr'><strong><em>εὐθειῶν</em></strong></span> <span class='ocrx_word' id='word_1_47' title='bbox 1036 1035 1131 1120; x_wconf 76' lang='grc' dir='ltr'><strong><em>ἐφτρ</em></strong></span> 
     </span>
     <span class='ocr_line' id='line_1_9' title="bbox 110 1136 1130 1226; baseline -0.002 -18"><span class='ocrx_word' id='word_1_48' title='bbox 110 1137 253 1226; x_wconf 86' lang='grc' dir='ltr'><strong><em>μόσουσι</em></strong></span> <span class='ocrx_word' id='word_1_49' title='bbox 271 1139 327 1206; x_wconf 81' lang='grc' dir='ltr'><strong><em>καὶ</em></strong></span> <span class='ocrx_word' id='word_1_50' title='bbox 345 1138 386 1207; x_wconf 79' lang='grc' dir='ltr'><strong><em>τὰ</em></strong></span> <span class='ocrx_word' id='word_1_51' title='bbox 400 1140 525 1226; x_wconf 87' lang='grc' dir='ltr'><strong><em>πέρατα</em></strong></span> <span class='ocrx_word' id='word_1_52' title='bbox 541 1136 666 1223; x_wconf 77' lang='grc' dir='ltr'><strong><em>αὐτῶν,</em></strong></span> <span class='ocrx_word' id='word_1_53' title='bbox 686 1142 717 1206; x_wconf 91' lang='grc' dir='ltr'><strong><em>εί</em></strong></span> <span class='ocrx_word' id='word_1_54' title='bbox 730 1137 768 1206; x_wconf 75' lang='grc' dir='ltr'><strong><em>δὲ</em></strong></span> <span class='ocrx_word' id='word_1_55' title='bbox 781 1141 893 1222; x_wconf 79' lang='grc' dir='ltr'><strong><em>τοῦτο,</em></strong></span> <span class='ocrx_word' id='word_1_56' title='bbox 913 1137 984 1207; x_wconf 86' lang='grc' dir='ltr'><strong><em>δύο</em></strong></span> <span class='ocrx_word' id='word_1_57' title='bbox 1001 1137 1130 1208; x_wconf 81' lang='grc' dir='ltr'><strong><em>εὐθεῖαι</em></strong></span> 
     </span>
     <span class='ocr_line' id='line_1_10' title="bbox 110 1242 1132 1332; baseline 0.001 -20"><span class='ocrx_word' id='word_1_58' title='bbox 110 1244 150 1312; x_wconf 88' lang='grc' dir='ltr'><strong><em>τδι</em></strong></span> <span class='ocrx_word' id='word_1_59' title='bbox 183 1242 268 1313; x_wconf 81' lang='grc' dir='ltr'><strong><em>αὐτὰ</em></strong></span> <span class='ocrx_word' id='word_1_60' title='bbox 301 1245 426 1332; x_wconf 84' lang='grc' dir='ltr'><strong><em>πέρατα</em></strong></span> <span class='ocrx_word' id='word_1_61' title='bbox 458 1249 595 1331; x_wconf 79' lang='grc' dir='ltr'><strong><em>ἔχουσαι</em></strong></span> <span class='ocrx_word' id='word_1_62' title='bbox 627 1250 752 1332; x_wconf 80' lang='grc' dir='ltr'><strong><em>χωρίον</em></strong></span> <span class='ocrx_word' id='word_1_63' title='bbox 779 1244 1015 1331; x_wconf 66' lang='grc' dir='ltr'><strong><em>περιέξουσιν·</em></strong></span> <span class='ocrx_word' id='word_1_64' title='bbox 1056 1246 1132 1332; x_wconf 81' lang='grc' dir='ltr'><strong><em>ὅπερ</em></strong></span> 
     </span>
    </p>

    <p class='ocr_par' dir='ltr' id='par_1_5' title="bbox 59 1348 1133 1546">
     <span class='ocr_line' id='line_1_11' title="bbox 59 1348 1133 1440; baseline -0.001 -21"><span class='ocrx_word' id='word_1_65' title='bbox 59 1377 92 1425; x_wconf 91' lang='lat'><strong><em>10</em></strong></span> <span class='ocrx_word' id='word_1_66' title='bbox 112 1351 203 1419; x_wconf 78' lang='grc' dir='ltr'><strong><em>ἐστὶν</em></strong></span> <span class='ocrx_word' id='word_1_67' title='bbox 222 1348 405 1421; x_wconf 85' lang='grc' dir='ltr'><strong><em>ἀδύνατον·</em></strong></span> <span class='ocrx_word' id='word_1_68' title='bbox 429 1350 492 1419; x_wconf 82' lang='grc' dir='ltr'><strong><em>δύο</em></strong></span> <span class='ocrx_word' id='word_1_69' title='bbox 507 1348 571 1438; x_wconf 78' lang='grc' dir='ltr'><strong><em>γὰρ</em></strong></span> <span class='ocrx_word' id='word_1_70' title='bbox 585 1349 716 1419; x_wconf 79' lang='grc' dir='ltr'><strong><em>εὐθεῖαι</em></strong></span> <span class='ocrx_word' id='word_1_71' title='bbox 729 1355 854 1438; x_wconf 83' lang='grc' dir='ltr'><strong><em>χωρίον</em></strong></span> <span class='ocrx_word' id='word_1_72' title='bbox 874 1349 912 1418; x_wconf 86' lang='grc' dir='ltr'><strong><em>αι’</em></strong></span> <span class='ocrx_word' id='word_1_73' title='bbox 933 1354 1133 1440; x_wconf 84' lang='grc' dir='ltr'><strong><em>περιέχουσι</em></strong></span> 
     </span>
     <span class='ocr_line' id='line_1_12' title="bbox 109 1454 574 1546; baseline 0.002 -22"><span class='ocrx_word' id='word_1_74' title='bbox 109 1456 150 1524; x_wconf 80' lang='grc' dir='ltr'><strong><em>τὰ</em></strong></span> <span class='ocrx_word' id='word_1_75' title='bbox 174 1454 259 1524; x_wconf 81' lang='grc' dir='ltr'><strong><em>αὐτὰ</em></strong></span> <span class='ocrx_word' id='word_1_76' title='bbox 282 1459 407 1546; x_wconf 88' lang='grc' dir='ltr'><strong><em>πέρατα</em></strong></span> <span class='ocrx_word' id='word_1_77' title='bbox 429 1462 574 1543; x_wconf 82' lang='grc' dir='ltr'><strong><em>ἔχουσαι.</em></strong></span> 
     </span>
    </p>
   </div>
   <div class='ocr_carea' id='block_1_4' title="bbox 58 1653 1137 2500">
    <p class='ocr_par' dir='ltr' id='par_1_6' title="bbox 497 1653 743 1739">
     <span class='ocr_line' id='line_1_13' title="bbox 497 1653 743 1739; baseline -0.004 -21"><span class='ocrx_word' id='word_1_78' title='bbox 497 1653 553 1718; x_wconf 83' lang='lat' dir='ltr'><strong><em>Ad</em></strong></span> <span class='ocrx_word' id='word_1_79' title='bbox 575 1676 680 1739; x_wconf 87' lang='lat' dir='ltr'><strong>prop.</strong></span> <span class='ocrx_word' id='word_1_80' title='bbox 703 1653 743 1718; x_wconf 86' lang='lat' dir='ltr'><strong><em>V.</em></strong></span> 
     </span>
    </p>

    <p class='ocr_par' dir='ltr' id='par_1_7' title="bbox 58 1765 1137 2500">
     <span class='ocr_line' id='line_1_14' title="bbox 177 1765 1136 1865; baseline 0.005 -23"><span class='ocrx_word' id='word_1_81' title='bbox 177 1778 229 1844; x_wconf 87' lang='grc'><strong><em>22.</em></strong></span> <span class='ocrx_word' id='word_1_82' title='bbox 254 1773 520 1861; x_wconf 79' lang='grc' dir='ltr'><strong><em>Ἀντιστρόφιον·</em></strong></span> <span class='ocrx_word' id='word_1_83' title='bbox 540 1773 600 1843; x_wconf 80' lang='grc' dir='ltr'><strong><em>ἐὰν</em></strong></span> <span class='ocrx_word' id='word_1_84' title='bbox 615 1765 677 1841; x_wconf 81' lang='grc' dir='ltr'><strong><em>ὦσι</em></strong></span> <span class='ocrx_word' id='word_1_85' title='bbox 690 1787 779 1860; x_wconf 81' lang='grc' dir='ltr'><strong><em>τρεῖς</em></strong></span> <span class='ocrx_word' id='word_1_86' title='bbox 792 1769 924 1841; x_wconf 78' lang='grc' dir='ltr'><strong><em>εὐθεῖαι</em></strong></span> <span class='ocrx_word' id='word_1_87' title='bbox 938 1771 1136 1865; x_wconf 80' lang='grc' dir='ltr'><strong><em>ἁπτόμενα</em></strong></span> 
     </span>
     <span class='ocr_line' id='line_1_15' title="bbox 109 1876 1136 1970; baseline 0.004 -22"><span class='ocrx_word' id='word_1_88' title='bbox 109 1880 264 1968; x_wconf 76' lang='grc' dir='ltr'><strong><em>ἀλλήλων</em></strong></span> <span class='ocrx_word' id='word_1_89' title='bbox 288 1883 325 1949; x_wconf 86' lang='grc' dir='ltr'><strong><em>ἐν</em></strong></span> <span class='ocrx_word' id='word_1_90' title='bbox 349 1880 399 1948; x_wconf 82' lang='grc' dir='ltr'><strong><em>ἑνὶ</em></strong></span> <span class='ocrx_word' id='word_1_91' title='bbox 423 1883 583 1970; x_wconf 77' lang='grc' dir='ltr'><strong><em>ἐπιπέδῳ,</em></strong></span> <span class='ocrx_word' id='word_1_92' title='bbox 616 1876 636 1967; x_wconf 81' lang='grc' dir='ltr'><em>ἡ</em></span> <span class='ocrx_word' id='word_1_93' title='bbox 664 1883 704 1967; x_wconf 77' lang='grc' dir='ltr'><strong><em>τῇ</em></strong></span> <span class='ocrx_word' id='word_1_94' title='bbox 733 1883 793 1967; x_wconf 78' lang='grc' dir='ltr'><strong><em>μιᾷ</em></strong></span> <span class='ocrx_word' id='word_1_95' title='bbox 820 1876 904 1966; x_wconf 84' lang='grc' dir='ltr'><strong><em>πρὸς</em></strong></span> <span class='ocrx_word' id='word_1_96' title='bbox 932 1877 1058 1967; x_wconf 80' lang='grc' dir='ltr'><strong><em>ὀρθὰς</em></strong></span> <span class='ocrx_word' id='word_1_97' title='bbox 1085 1883 1136 1952; x_wconf 73' lang='grc' dir='ltr'><strong><em>καὶ</em></strong></span> 
     </span>
     <span class='ocr_line' id='line_1_16' title="bbox 58 1981 1136 2074; baseline 0.006 -23"><span class='ocrx_word' id='word_1_98' title='bbox 58 2011 91 2061; x_wconf 76' lang='lat'><strong><em>15</em></strong></span> <span class='ocrx_word' id='word_1_99' title='bbox 113 1999 186 2066; x_wconf 89' lang='grc' dir='ltr'><strong><em>ταῖς</em></strong></span> <span class='ocrx_word' id='word_1_100' title='bbox 204 1996 336 2067; x_wconf 81' lang='grc' dir='ltr'><strong><em>λοιπαῖς</em></strong></span> <span class='ocrx_word' id='word_1_101' title='bbox 355 1985 503 2067; x_wconf 82' lang='grc' dir='ltr'><strong><em>εὐθείαις</em></strong></span> <span class='ocrx_word' id='word_1_102' title='bbox 522 1988 590 2055; x_wconf 77' lang='grc' dir='ltr'><strong><em>ἐστὶ</em></strong></span> <span class='ocrx_word' id='word_1_103' title='bbox 609 1989 692 2074; x_wconf 85' lang='grc' dir='ltr'><strong><em>πρὸς</em></strong></span> <span class='ocrx_word' id='word_1_104' title='bbox 711 1983 826 2072; x_wconf 82' lang='grc' dir='ltr'><strong><em>ὀρθός.</em></strong></span> <span class='ocrx_word' id='word_1_105' title='bbox 862 1981 993 2072; x_wconf 83' lang='grc' dir='ltr'><strong><em>ὁμοίως</em></strong></span> <span class='ocrx_word' id='word_1_106' title='bbox 1014 1989 1061 2059; x_wconf 74' lang='grc' dir='ltr'><strong><em>δὲ</em></strong></span> <span class='ocrx_word' id='word_1_107' title='bbox 1074 1996 1136 2074; x_wconf 86' lang='grc' dir='ltr'><strong><em>καί,</em></strong></span> 
     </span>
     <span class='ocr_line' id='line_1_17' title="bbox 110 2085 1137 2185; baseline 0.004 -25"><span class='ocrx_word' id='word_1_108' title='bbox 110 2097 143 2160; x_wconf 89' lang='grc' dir='ltr'><strong><em>εί</em></strong></span> <span class='ocrx_word' id='word_1_109' title='bbox 172 2100 307 2174; x_wconf 78' lang='grc' dir='ltr'><strong><em>πλείους</em></strong></span> <span class='ocrx_word' id='word_1_110' title='bbox 339 2085 423 2161; x_wconf 76' lang='grc' dir='ltr'><strong><em>ὦσιν</em></strong></span> <span class='ocrx_word' id='word_1_111' title='bbox 451 2091 597 2178; x_wconf 82' lang='grc' dir='ltr'><strong><em>εὐθεῖαι,</em></strong></span> <span class='ocrx_word' id='word_1_112' title='bbox 631 2096 815 2176; x_wconf 88' lang='grc' dir='ltr'><strong><em>δείκνυται,</em></strong></span> <span class='ocrx_word' id='word_1_113' title='bbox 848 2089 915 2175; x_wconf 86' lang='grc' dir='ltr'><strong><em>ότι,</em></strong></span> <span class='ocrx_word' id='word_1_114' title='bbox 948 2088 1025 2161; x_wconf 78' lang='grc' dir='ltr'><strong><em>κόέν</em></strong></span> <span class='ocrx_word' id='word_1_115' title='bbox 1058 2095 1137 2185; x_wconf 79' lang='grc' dir='ltr'><strong><em>πρὸς</em></strong></span> 
     </span>
     <span class='ocr_line' id='line_1_18' title="bbox 110 2195 1135 2286; baseline 0.003 -20"><span class='ocrx_word' id='word_1_116' title='bbox 110 2204 244 2278; x_wconf 78' lang='grc' dir='ltr'><strong><em>πλείους</em></strong></span> <span class='ocrx_word' id='word_1_117' title='bbox 273 2195 294 2285; x_wconf 80' lang='grc' dir='ltr'><em>ἢ</em></span> <span class='ocrx_word' id='word_1_118' title='bbox 324 2198 386 2266; x_wconf 87' lang='grc' dir='ltr'><strong><em>δόο</em></strong></span> <span class='ocrx_word' id='word_1_119' title='bbox 412 2197 546 2277; x_wconf 82' lang='grc' dir='ltr'><strong><em>εὐθείας</em></strong></span> <span class='ocrx_word' id='word_1_120' title='bbox 574 2200 611 2265; x_wconf 88' lang='grc' dir='ltr'><strong><em>ἐν</em></strong></span> <span class='ocrx_word' id='word_1_121' title='bbox 634 2197 685 2265; x_wconf 84' lang='grc' dir='ltr'><strong><em>ἑνὶ</em></strong></span> <span class='ocrx_word' id='word_1_122' title='bbox 709 2195 813 2275; x_wconf 85' lang='grc' dir='ltr'><strong><em>οόσας</em></strong></span> <span class='ocrx_word' id='word_1_123' title='bbox 835 2195 985 2286; x_wconf 76' lang='grc' dir='ltr'><strong><em>ἐπιπέδῳ</em></strong></span> <span class='ocrx_word' id='word_1_124' title='bbox 1011 2199 1135 2271; x_wconf 72' lang='grc' dir='ltr'><strong><em>εὐθεῖά</em></strong></span> 
     </span>
     <span class='ocr_line' id='line_1_19' title="bbox 109 2301 1137 2394; baseline 0.003 -23"><span class='ocrx_word' id='word_1_125' title='bbox 109 2330 159 2382; x_wconf 89' lang='grc' dir='ltr'><strong><em>τις</em></strong></span> <span class='ocrx_word' id='word_1_126' title='bbox 182 2313 256 2383; x_wconf 85' lang='grc' dir='ltr'><strong><em>ῖσας</em></strong></span> <span class='ocrx_word' id='word_1_127' title='bbox 279 2308 404 2388; x_wconf 79' lang='grc' dir='ltr'><strong><em>γωνίας</em></strong></span> <span class='ocrx_word' id='word_1_128' title='bbox 426 2307 522 2390; x_wconf 80' lang='grc' dir='ltr'><strong><em>ποιῇ,</em></strong></span> <span class='ocrx_word' id='word_1_129' title='bbox 551 2301 658 2388; x_wconf 78' lang='grc' dir='ltr'><strong><em>ὀρθαί</em></strong></span> <span class='ocrx_word' id='word_1_130' title='bbox 677 2304 715 2369; x_wconf 88' lang='grc' dir='ltr'><strong><em>τέ</em></strong></span> <span class='ocrx_word' id='word_1_131' title='bbox 736 2305 822 2368; x_wconf 79' lang='grc' dir='ltr'><strong><em>εἰσιν</em></strong></span> <span class='ocrx_word' id='word_1_132' title='bbox 845 2303 882 2366; x_wconf 79' lang='grc' dir='ltr'><strong><em>αἱ</em></strong></span> <span class='ocrx_word' id='word_1_133' title='bbox 902 2309 1055 2394; x_wconf 76' lang='grc' dir='ltr'><strong><em>γωνίαι,</em></strong></span> <span class='ocrx_word' id='word_1_134' title='bbox 1085 2308 1137 2376; x_wconf 82' lang='grc' dir='ltr'><strong><em>καὶ</em></strong></span> 
     </span>
     <span class='ocr_line' id='line_1_20' title="bbox 109 2403 1136 2500; baseline 0.005 -24"><span class='ocrx_word' id='word_1_135' title='bbox 109 2408 193 2496; x_wconf 87' lang='grc' dir='ltr'><strong><em>πρὸς</em></strong></span> <span class='ocrx_word' id='word_1_136' title='bbox 215 2409 253 2476; x_wconf 88' lang='grc' dir='ltr'><strong><em>τὸ</em></strong></span> <span class='ocrx_word' id='word_1_137' title='bbox 278 2404 322 2475; x_wconf 87' lang='grc' dir='ltr'><strong><em>δι’</em></strong></span> <span class='ocrx_word' id='word_1_138' title='bbox 345 2407 458 2475; x_wconf 76' lang='grc' dir='ltr'><strong><em>αὐτῶν</em></strong></span> <span class='ocrx_word' id='word_1_139' title='bbox 477 2409 634 2475; x_wconf 87' lang='grc' dir='ltr'><strong><em>ἐπίπεδον</em></strong></span> <span class='ocrx_word' id='word_1_140' title='bbox 655 2407 743 2495; x_wconf 82' lang='grc' dir='ltr'><strong><em>ὀρθή</em></strong></span> <span class='ocrx_word' id='word_1_141' title='bbox 763 2410 853 2476; x_wconf 88' lang='grc' dir='ltr'><strong><em>ἐστιν</em></strong></span> <span class='ocrx_word' id='word_1_142' title='bbox 871 2403 892 2492; x_wconf 79' lang='grc' dir='ltr'><em>ἡ</em></span> <span class='ocrx_word' id='word_1_143' title='bbox 912 2407 1136 2500; x_wconf 76' lang='grc' dir='ltr'><strong><em>ἐφεστηκυῖα.</em></strong></span> 
     </span>
    </p>
   </div>
   <div class='ocr_carea' id='block_1_5' title="bbox 56 2604 750 2689">
    <p class='ocr_par' dir='ltr' id='par_1_8' title="bbox 56 2604 750 2689">
     <span class='ocr_line' id='line_1_21' title="bbox 56 2604 750 2689; baseline -0.01 -12"><span class='ocrx_word' id='word_1_144' title='bbox 56 2629 91 2678; x_wconf 77' lang='lat'><strong><em>20</em></strong></span> <span class='ocrx_word' id='word_1_145' title='bbox 488 2604 544 2668; x_wconf 85' lang='lat' dir='ltr'><strong><em>Ad</em></strong></span> <span class='ocrx_word' id='word_1_146' title='bbox 566 2626 669 2689; x_wconf 82' lang='lat' dir='ltr'><strong>prop.</strong></span> <span class='ocrx_word' id='word_1_147' title='bbox 693 2604 750 2670; x_wconf 85' lang='lat' dir='ltr'><strong><em>IX.</em></strong></span> 
     </span>
    </p>
   </div>
   <div class='ocr_carea' id='block_1_6' title="bbox 112 2715 1139 2917">
    <p class='ocr_par' dir='ltr' id='par_1_9' title="bbox 112 2715 1139 2917">
     <span class='ocr_line' id='line_1_22' title="bbox 176 2715 1139 2817; baseline 0.003 -24"><span class='ocrx_word' id='word_1_148' title='bbox 176 2729 228 2794; x_wconf 82' lang='grc'><strong><em>23.</em></strong></span> <span class='ocrx_word' id='word_1_149' title='bbox 271 2721 331 2809; x_wconf 82' lang='grc' dir='ltr'><strong><em>Μὴ</em></strong></span> <span class='ocrx_word' id='word_1_150' title='bbox 359 2715 458 2791; x_wconf 83' lang='grc' dir='ltr'><strong><em>οὖσαι</em></strong></span> <span class='ocrx_word' id='word_1_151' title='bbox 491 2726 527 2791; x_wconf 89' lang='grc' dir='ltr'><strong><em>ἐν</em></strong></span> <span class='ocrx_word' id='word_1_152' title='bbox 559 2728 605 2816; x_wconf 79' lang='grc' dir='ltr'><strong><em>τῷ</em></strong></span> <span class='ocrx_word' id='word_1_153' title='bbox 634 2720 724 2817; x_wconf 77' lang='grc' dir='ltr'><strong><em>αὐτῷ</em></strong></span> <span class='ocrx_word' id='word_1_154' title='bbox 753 2725 896 2813; x_wconf 80' lang='grc' dir='ltr'><strong><em>ἐπιπέδῳ</em></strong></span> <span class='ocrx_word' id='word_1_155' title='bbox 926 2720 1046 2816; x_wconf 77' lang='grc' dir='ltr'><strong><em>εἶπεν,</em></strong></span> <span class='ocrx_word' id='word_1_156' title='bbox 1082 2735 1139 2800; x_wconf 76' lang='grc' dir='ltr'><strong><em>ἰ’νιι</em></strong></span> 
     </span>
     <span class='ocr_line' id='line_1_23' title="bbox 112 2828 682 2917; baseline -0.004 -18"><span class='ocrx_word' id='word_1_157' title='bbox 112 2833 222 2917; x_wconf 84' lang='grc' dir='ltr'><strong><em>δείξει,</em></strong></span> <span class='ocrx_word' id='word_1_158' title='bbox 247 2828 297 2898; x_wconf 88' lang='grc' dir='ltr'><strong><em>ότι</em></strong></span> <span class='ocrx_word' id='word_1_159' title='bbox 320 2830 394 2917; x_wconf 77' lang='grc' dir='ltr'><strong><em>περὶ</em></strong></span> <span class='ocrx_word' id='word_1_160' title='bbox 419 2833 563 2915; x_wconf 77' lang='grc' dir='ltr'><strong><em>στερεῶν</em></strong></span> <span class='ocrx_word' id='word_1_161' title='bbox 586 2830 682 2914; x_wconf 79' lang='grc' dir='ltr'><strong><em>λέγει.</em></strong></span> 
     </span>
    </p>
   </div>
   <div class='ocr_carea' id='block_1_7' title="bbox 182 3055 1068 3130">
    <p class='ocr_par' dir='ltr' id='par_1_10' title="bbox 182 3055 1068 3130">
     <span class='ocr_line' id='line_1_24' title="bbox 182 3055 1068 3130; baseline 0.006 -16"><span class='ocrx_word' id='word_1_162' title='bbox 182 3059 419 3130; x_wconf 60' lang='grc' dir='ltr'><strong><em>ιαεειοιι).</em></strong></span> <span class='ocrx_word' id='word_1_163' title='bbox 493 3059 653 3128; x_wconf 81' lang='lat' dir='ltr'><strong>21.q(P²).</strong></span> <span class='ocrx_word' id='word_1_164' title='bbox 727 3055 888 3114; x_wconf 78' lang='lat' dir='ltr'><strong>22.PBV0.</strong></span> <span class='ocrx_word' id='word_1_165' title='bbox 962 3063 1007 3118; x_wconf 83' lang='grc' dir='ltr'><strong><em>εε.</em></strong></span> <span class='ocrx_word' id='word_1_166' title='bbox 1030 3063 1068 3123; x_wconf 86' lang='grc' dir='ltr'><strong><em>Β.</em></strong></span> 
     </span>
    </p>
   </div>
   <div class='ocr_carea' id='block_1_8' title="bbox 110 3200 322 3207">
    <p class='ocr_par' dir='ltr' id='par_1_11' title="bbox 110 3200 322 3207">
     <span class='ocr_line' id='line_1_25' title="bbox 110 3200 322 3207; baseline -0.014 0"><span class='ocrx_word' id='word_1_167' title='bbox 110 3200 151 3207; x_wconf 77' lang='lat'><strong><em>—..</em></strong></span> <span class='ocrx_word' id='word_1_168' title='bbox 160 3202 166 3206; x_wconf 93' lang='lat'><strong>.</strong></span> <span class='ocrx_word' id='word_1_169' title='bbox 224 3200 322 3205; x_wconf 85' lang='grc'>....--.-</span> 
     </span>
    </p>
   </div>
   <div class='ocr_carea' id='block_1_9' title="bbox 83 3268 1139 3557">
    <p class='ocr_par' dir='ltr' id='par_1_12' title="bbox 107 3268 1139 3488">
     <span class='ocr_line' id='line_1_26' title="bbox 184 3268 1138 3341; baseline -0.012 -13"><span class='ocrx_word' id='word_1_170' title='bbox 184 3278 207 3329; x_wconf 89' lang='lat'><strong><em>1.</em></strong></span> <span class='ocrx_word' id='word_1_171' title='bbox 229 3270 295 3328; x_wconf 84' lang='grc' dir='ltr'><strong><em>ἐπεί</em></strong></span> <span class='ocrx_word' id='word_1_172' title='bbox 309 3271 405 3339; x_wconf 73' lang='lat' dir='ltr'><strong>V⁸qv.</strong></span> <span class='ocrx_word' id='word_1_173' title='bbox 492 3273 620 3326; x_wconf 85' lang='grc' dir='ltr'><strong><em>δείκνυσι</em></strong></span> <span class='ocrx_word' id='word_1_174' title='bbox 639 3270 735 3341; x_wconf 81' lang='grc' dir='ltr'><strong><em>τοῦτο]</em></strong></span> <span class='ocrx_word' id='word_1_175' title='bbox 758 3270 903 3324; x_wconf 81' lang='grc' dir='ltr'><strong><em>δείκνυται</em></strong></span> <span class='ocrx_word' id='word_1_176' title='bbox 917 3268 1015 3338; x_wconf 65' lang='lat' dir='ltr'>V2qv,</span> <span class='ocrx_word' id='word_1_177' title='bbox 1111 3285 1138 3335; x_wconf 49' lang='lat' dir='ltr'><strong><em>p,</em></strong></span> 
     </span>
     <span class='ocr_line' id='line_1_27' title="bbox 110 3336 1139 3421; baseline -0.008 -22"><span class='ocrx_word' id='word_1_178' title='bbox 110 3342 293 3414; x_wconf 73' lang='grc' dir='ltr'><strong><em>προσέθηκεν</em></strong></span> <span class='ocrx_word' id='word_1_179' title='bbox 312 3343 343 3398; x_wconf 94' lang='lat' dir='ltr'><strong><em>B.</em></strong></span> <span class='ocrx_word' id='word_1_180' title='bbox 422 3338 472 3413; x_wconf 90' lang='grc' dir='ltr'><strong><em>τό]</em></strong></span> <span class='ocrx_word' id='word_1_181' title='bbox 492 3341 523 3396; x_wconf 84' lang='grc' dir='ltr'><strong><em>τό</em></strong></span> <span class='ocrx_word' id='word_1_182' title='bbox 543 3343 596 3398; x_wconf 84' lang='grc' dir='ltr'><strong><em>καί</em></strong></span> <span class='ocrx_word' id='word_1_183' title='bbox 611 3340 706 3410; x_wconf 73' lang='lat' dir='ltr'><strong>V⁸qv.</strong></span> <span class='ocrx_word' id='word_1_184' title='bbox 782 3345 807 3396; x_wconf 79' lang='grc' dir='ltr'><strong><em>ό.</em></strong></span> <span class='ocrx_word' id='word_1_185' title='bbox 826 3336 989 3409; x_wconf 83' lang='grc' dir='ltr'><strong><em>τεμνόντων</em></strong></span> <span class='ocrx_word' id='word_1_186' title='bbox 1008 3339 1139 3421; x_wconf 58' lang='grc' dir='ltr'><strong><em>ἄλληλα]</em></strong></span> 
     </span>
     <span class='ocr_line' id='line_1_28' title="bbox 107 3405 1138 3488; baseline -0.009 -15"><span class='ocrx_word' id='word_1_187' title='bbox 107 3431 163 3474; x_wconf 86' lang='lat' dir='ltr'><strong><em>om.</em></strong></span> <span class='ocrx_word' id='word_1_188' title='bbox 184 3433 210 3488; x_wconf 85' lang='lat' dir='ltr'><strong><em>q.</em></strong></span> <span class='ocrx_word' id='word_1_189' title='bbox 291 3421 317 3472; x_wconf 83' lang='grc'><strong><em>6.</em></strong></span> <span class='ocrx_word' id='word_1_190' title='bbox 336 3407 478 3484; x_wconf 54' lang='lat' dir='ltr'><strong><em>amputa}</em></strong></span> <span class='ocrx_word' id='word_1_191' title='bbox 494 3408 530 3466; x_wconf 78' lang='grc' dir='ltr'><strong><em>τὰ</em></strong></span> <span class='ocrx_word' id='word_1_192' title='bbox 549 3409 679 3481; x_wconf 73' lang='grc' dir='ltr'><strong><em>σχήματα</em></strong></span> <span class='ocrx_word' id='word_1_193' title='bbox 697 3411 729 3466; x_wconf 90' lang='grc' dir='ltr'><strong><em>Β.</em></strong></span> <span class='ocrx_word' id='word_1_194' title='bbox 810 3418 852 3466; x_wconf 83' lang='grc'><strong><em>13.</em></strong></span> <span class='ocrx_word' id='word_1_195' title='bbox 870 3407 902 3465; x_wconf 88' lang='grc' dir='ltr'><strong><em>τὸ</em></strong></span> <span class='ocrx_word' id='word_1_196' title='bbox 921 3405 1138 3488; x_wconf 56' lang='grc' dir='ltr'><strong><em>ἀντιστρόφως</em></strong></span> 
     </span>
    </p>

    <p class='ocr_par' dir='ltr' id='par_1_13' title="bbox 83 3481 643 3557">
     <span class='ocr_line' id='line_1_29' title="bbox 83 3481 643 3557; baseline -0.029 -6"><span class='ocrx_word' id='word_1_197' title='bbox 83 3488 209 3555; x_wconf 67' lang='grc' dir='ltr'><strong><em>’,τούτου</em></strong></span> <span class='ocrx_word' id='word_1_198' title='bbox 228 3489 262 3548; x_wconf 91' lang='grc' dir='ltr'><strong><em>Β.</em></strong></span> <span class='ocrx_word' id='word_1_199' title='bbox 339 3481 536 3545; x_wconf 68' lang='grc' dir='ltr'><strong><em>18.ποιεῖἾ.</em></strong></span> <span class='ocrx_word' id='word_1_200' title='bbox 633 3546 643 3557; x_wconf 77' lang='lat'><strong>.</strong></span> 
     </span>
    </p>
   </div>
   <div class='ocr_carea' id='block_1_10' title="bbox 0 0 1205 3796">
    <p class='ocr_par' dir='ltr' id='par_1_14' title="bbox 0 0 1205 3796">
     <span class='ocr_line' id='line_1_30' title="bbox 0 0 1205 3796; baseline 0 0"><span class='ocrx_word' id='word_1_201' title='bbox 0 0 1205 3796; x_wconf 95' lang='lat' dir='ltr'><strong><em> </em></strong></span> 
     </span>
    </p>
   </div>
  </div>
 </body>
</html>
