2362 3796
98 125 139 190 16
464 127 664 179 Στοιεεωα
682 120 732 183 ω’.

98 269 166 335 έστί
189 271 235 360 τῷ
259 292 325 335 οπο
348 274 433 352 ΑΕ,
456 273 527 335 ΒΓ.
572 268 628 335 καί
651 266 760 336 πάντα
782 273 866 352 τρίς·
897 269 930 349 ἓξ
953 265 1019 356 άρα
1043 274 1110 356 τρί-

97 401 191 460 γωνα
214 372 254 441 τὰ
279 379 384 441 ΑΒΓ
403 381 460 440 ἰσα
487 374 575 461 τρισλ
603 386 674 454 τοῖς
700 371 766 442 ὑπὸ
790 382 873 460 ΑΕ,
896 381 967 442 ΒΓ.
1014 376 1047 455 ἓξ
1072 375 1109 443 δὲ

98 485 241 568 τρίγωνα
263 477 303 546 τά
328 486 433 547 ΑΒΓ
457 478 520 547 δύο
549 480 617 547 έστί
645 486 793 565 τρίγωνα
815 477 856 547 τά
880 487 987 548 ΑΒΓ.
1033 487 1110 566 τρία

98 584 165 670 ἄρα
187 585 226 653 τά
250 585 315 655 ὑπὸ
343 594 421 673 ΔΕ,
446 593 511 654 ΒΓ
536 595 591 653 ἰσα
615 586 684 654 έστί
709 587 786 653 δυσί
809 599 879 666 τοῖς
900 592 1007 654 ΑΒΓ.
1054 590 1110 656 καί

64 691 207 764 ὁπάντα
239 695 378 772 δεκάκις.
429 691 466 760 τὸ
495 691 562 780 άρα
588 691 819 781 τριακοντάκις
846 689 912 760 ὑπὸ
940 700 1023 779 ΑΒ,
1048 701 1115 762 ΒΓ

100 806 176 866 ἰσου
206 800 296 867 έστίν
324 807 429 866 εἰκοσι
457 811 528 877 τοῖς
550 803 654 865 ΑΒΓ
675 797 866 883 τριγώνοις,
896 803 1047 868 τουτέστι
1069 805 1109 890 τῇ

99 909 160 972 τοῦ
184 907 401 991 εἰκοσαέδρου
423 907 608 995 ἐπιφανείᾳ.
642 903 726 972 δι’στε
744 905 800 971 καί
820 901 864 983 ὡς
886 902 907 990 ἡ
926 910 987 972 τοῦ
1007 909 1109 975 δωδε-

98 1012 244 1097 καέδρου
277 1009 456 1098 ἐπιφάνεια
492 1009 577 1098 πρὸς
608 1011 672 1096 τὴν
708 1014 769 1078 τοῦ
792 1012 1009 1100 εἰκοσαέδρου
1042 1014 1110 1080 έπι-

100 1115 256 1203 φάνειαν,
290 1114 396 1196 οὕτως
422 1115 460 1183 τὸ
488 1112 556 1184 ὑπὸ
583 1119 642 1202 τῆς
668 1119 814 1202 πλευράς
841 1114 946 1185 αὐτοῦ
973 1118 1110 1204 καὶτῆς

50 1244 83 1294 10
102 1219 167 1288 άπὸ
191 1226 252 1289 τοῦ
274 1223 416 1309 κέντρου
441 1226 503 1290 τοῦ
530 1223 604 1309 περὶ
632 1220 669 1290 τὸ
700 1227 870 1289 ΑΒΓΔΕ
894 1223 1110 1309 πεντάγωνον

47 1375 48 1378 ¹
99 1326 224 1394 κύκλον
248 1324 298 1394 ἐπ’
321 1325 428 1414 αὐτὴν
451 1328 598 1395 καθέτου
621 1326 787 1415 ἀγομένης
808 1327 892 1414 πρὸς
910 1327 948 1397 τὸ
967 1328 1034 1397 ὑπὸ
1052 1334 1111 1416 τῆς

100 1440 244 1518 πλευρᾶς
266 1437 328 1501 τού
346 1436 562 1520 εἰκοσαέδρου
580 1434 636 1501 καί
654 1444 713 1520 τῆς
727 1432 793 1503 άπὸ
812 1438 873 1503 τοῦ
890 1436 1031 1522 κέντρου
1049 1441 1111 1503 τοῦ

101 1539 176 1628 περὶ
194 1536 232 1608 τὸ
252 1545 418 1628 τρίγωνον
436 1539 562 1608 κύκλον
581 1537 630 1608 ἐπ’
652 1538 759 1627 αὐτὴν
782 1542 927 1609 καθέτου
945 1537 1111 1627 ἀγομένης

101 1650 170 1713 τῶν
188 1651 235 1727 εἰς
255 1645 317 1732 τὴν
332 1644 439 1733 αὐτὴν
454 1660 603 1734 σφαῖραν
618 1648 879 1734 ἐγγραφομένων
894 1647 1110 1734 εἰκοσαέδρου

50 1772 82 1823 15
101 1753 157 1820 καλ
181 1754 422 1840 δωδεκαέδρου.

172 1861 302 1928 Τούτου
326 1858 431 1946 δήλου
455 1857 554 1939 ὄντος
577 1859 740 1944 δεικτέον,
770 1857 822 1926 ὅτι
849 1855 895 1939 ὡς
917 1856 937 1945 ἡ
961 1863 1023 1926 τού
1047 1863 1110 1928 δω-

103 1968 285 2054 δεκαέδρου
309 1964 486 2051 ἐπιφάνεια
513 1962 596 2053 πρὸς
624 1963 685 2051 τὴν
712 1967 773 2032 τοῦ
800 1965 1017 2052 εἰκοσαέδρου
1046 1966 1112 2032 έπι-

103 2071 262 2159 φάνειαν,
292 2067 398 2147 οὕτως
425 2067 446 2154 ἡ
474 2073 536 2137 τού
563 2068 670 2156 κύβου
698 2067 824 2158 πλευρά
852 2069 935 2158 πρὸς
961 2069 1022 2157 τὴν
1050 2076 1113 2138 τοῦ

103 2177 319 2263 εἰκοσαέδρου
341 2174 497 2262 πλευράν.

50 2303 85 2354 20
171 2282 331 2347 ἐκκείσθω
359 2278 480 2361 κύκλος
508 2280 525 2349 δ
556 2282 815 2370 περιλαμβάνων
842 2284 937 2350 τότε
964 2293 1024 2350 τού
1050 2288 1112 2349 δω-

104 2387 286 2474 δεκαέδρου
318 2385 533 2472 πεντάγωνον
565 2387 621 2455 καί
647 2387 685 2456 τὸ
715 2393 776 2456 τού
805 2389 1022 2474 εἰκοσαέδρου
1044 2395 1112 2475 τρί-

103 2518 216 2578 γωνον
239 2496 306 2560 τῶν
329 2497 376 2571 εἰς
403 2491 465 2579 τὴν
494 2490 599 2579 αὐτὴν
630 2508 778 2581 σφαῖραν
807 2493 1069 2580 ἐγγραφομένων
1094 2492 1112 2561 δ

105 2600 279 2683 ΑΒΓ,καί
290 2598 511 2687 ἐγγεγράφθω
527 2603 573 2678 εἰς
586 2597 646 2667 τὸν
657 2605 752 2667 ΑΒΓ
760 2597 885 2667 κύκλου
895 2597 1113 2684 εἰκοσαέδρου

104 2705 166 2792 μὲν
189 2702 315 2789 πλευρὰ
339 2701 359 2790 ἡ
383 2711 456 2790 ΓΔ,
480 2708 715 2792 δωδεκαέδρου
738 2704 775 2772 δὲ
798 2701 818 2791 ἡ
838 2707 910 2770 ΑΓ.
944 2702 1113 2790 τριγάνου

52 2834 85 2883 25
106 2814 167 2899 μὲν
191 2811 255 2900 άρα
279 2810 480 2899 ἰσοπλεύρου
504 2811 573 2879 έστί
595 2809 722 2898 πλευρά
744 2807 766 2896 ἡ
789 2815 866 2894 ΓΔ,
896 2811 1114 2896 πενταγώνου

103 2969 316 2977 -------

177 3050 201 3096 1.
220 3042 285 3112 καί]
306 3046 358 3095 ΚΑ
375 3042 405 3109 Ρ,
425 3042 497 3096 δέκα
514 3041 549 3094 B:
618 3038 725 3110 πάντα]
745 3039 829 3095 πέντε
848 3039 880 3096 Β.
952 3041 1022 3112 τρίς]
1041 3046 1115 3109 τρεῖς

104 3113 157 3166 Bv.
231 3119 255 3165 2.
281 3111 675 3182 ABP]eorr.exABFP.
753 3108 1015 3166 ἰσαέσιίΡΒλῙτ.
1088 3117 1114 3166 3.

104 3180 152 3254 τά]
172 3178 209 3243 ὡς
226 3179 260 3234 τά
279 3182 392 3236 PBVv.
465 3183 564 3253 ΔΒΓ]
588 3187 670 3238 ΑΓΒ
689 3182 800 3237 PBVv.
874 3178 927 3236 δύο
947 3213 980 3223 -
1000 3189 1025 3238 4.
1044 3187 1100 3236 ΒΓ

106 3268 159 3306 om.
178 3252 290 3305 PBVv.
363 3258 387 3306 4.
411 3255 473 3308 ἰσον
491 3254 521 3309 P.
594 3253 675 3325 δυσί]
700 3248 752 3308 δύο
777 3254 890 3308 PBVv.
963 3258 988 3310 ὅ.
1006 3272 1101 3307 ταντα

104 3340 206 3377 πεντα-
225 3322 282 3376 ΡΒ.
365 3329 389 3379 6,
415 3325 520 3380 εἴκοσιν
538 3325 707 3380 Γτίεδλεὶο.4
770 3331 793 3381 7.
813 3326 877 3392 καί]
903 3321 980 3377 ἔσται
1002 3322 1114 3378 PBVv.

142 3399 165 3447 9.
185 3395 254 3448 Post
273 3389 361 3455 οὕτως
380 3394 443 3448 add.
462 3393 494 3448 τὸ
513 3391 568 3451 δπδ
590 3401 654 3464 ΓΔ,
673 3399 731 3449 ΖΗ
751 3392 821 3465 πρὸς
838 3396 869 3448 τὸ
888 3389 945 3448 ὑπὸ
964 3398 1030 3462 ΒΓ,
1049 3397 1115 3449 ΔΕ.

105 3461 136 3518 έκ
156 3462 192 3534 δὴ
211 3461 312 3518 τούτου
333 3463 469 3533 φανερόν,
488 3461 531 3519 ὅτι
549 3463 587 3528 ὡς
605 3470 666 3536 (pro
686 3461 731 3521 ὅτι
750 3462 787 3529 ὡς
803 3466 867 3520 hab.
888 3459 965 3526 ὅπως
977 3464 1011 3534 Ρ)
1030 3459 1048 3534 ἡ
1064 3467 1114 3520 τοῦ
