2362 3796
227 194 384 247 soflom.
400 196 440 249 m
458 195 733 248 ELEMENTORUM
751 197 890 248 LIBRUM
903 198 953 251 111.
1027 194 1093 261 263

77 335 263 425 περιμέτρῳ
286 340 538 423 προσπίπτωσιν
557 335 624 404 ἀπό
642 326 734 415 τινος
752 341 891 423 σημείου
909 341 978 406 τῶν
1000 334 1095 416 ἐντὸς

77 443 241 528 κειμένων
258 443 363 508 πᾶσαι
382 448 462 528 ίσαι,
481 440 602 520 κύκλος
621 443 720 510 ἐστίν.
758 440 802 529 μὴ
821 442 896 529 γάρ,
919 438 991 510 ἀλλ’
1010 446 1092 510 έστω

77 544 338 634 εὐθύγραμμον,
375 553 434 617 καί
462 572 512 627 τις
544 546 650 616 αὐτοῦ
681 546 824 635 πλευραί,
863 545 915 635 ἐφ’
947 548 991 635 ἣν
1029 548 1093 617 δύο

77 655 287 741 προσέπεσον
306 650 527 740 ύφορίζουσαι
546 644 662 741 αύτην.
699 653 867 734 ἰσοσκελές
885 652 951 738 ἄρα
970 656 1007 723 τὸ
1027 661 1093 743 τρί-

77 787 203 848 γωνον,
221 759 277 828 καί
297 762 373 847 δίχα
391 762 594 847 τετμημένης
611 770 670 848 τῆς
683 762 812 848 βάσεως
828 757 849 848 ἡ
865 763 1093 849 ἐπιζευχθεῖσα
1112 780 1129 830 σ

78 863 188 954 ὀρθὰς
219 866 351 952 ποιήσει
382 872 506 952 γωνίας
538 867 593 934 καὶ
627 865 779 934 ἐλάσσων
812 871 903 935 ἐσται
936 866 1095 955 ἐκατέρου

79 973 229 1054 σκέλους
254 970 335 1060 ὅπερ
350 969 485 1042 ἄτοπον.
521 970 714 1043 ὑπόκεινται
733 971 797 1061 γὰρ
816 977 920 1042 πᾶσαι
931 976 978 1056 ,αἱ
992 993 1093 1062 προσ-

79 1082 259 1148 πίπτουσαι
282 1086 361 1148 ίσαι.

148 1189 199 1254 14.
217 1184 314 1254 Μετὰ
328 1189 390 1255 τοῦ
405 1182 645 1273 ἀντιστρόφου·
661 1167 794 1274 έίινγέιρ
805 1184 861 1254 διὰ
871 1197 932 1256 τοῦ
942 1187 1093 1276 κέντρου,

77 1289 121 1360 ού
144 1291 277 1372 πύντως
299 1291 383 1380 πρὸς
406 1292 515 1381 ὀρθὰς
536 1295 657 1382 τέμνει.
1112 1310 1156 1372 10,

461 1563 517 1627 Ad
539 1584 643 1648 prop.
665 1561 721 1628 IV.

148 1686 198 1752 15.
227 1684 296 1750 Διὰ
313 1686 375 1751 τού
393 1683 535 1771 κέντρον
550 1679 664 1752 ούσύν
679 1681 741 1752 ούκ
755 1675 799 1769 ἦν
814 1685 975 1770 ζητήσεως
988 1683 1094 1766 ἄξιον,

75 1794 109 1858 εί
131 1793 207 1876 δίχα
229 1790 410 1876 τέμνουσιν
432 1784 590 1876 ἀλλήλας·
620 1793 657 1858 τὸ
682 1787 746 1875 γὰρ
770 1792 911 1876 κέντρον
934 1785 1091 1874 αύτῶνὴ

78 1898 261 1981 διχοτομία.
298 1892 423 1981 ὁμοίως
445 1897 500 1963 καὶ
524 1901 555 1964 εί
576 1900 635 1982 τῆς
657 1897 770 1982 ἑτέρας
793 1893 849 1962 διὰ
872 1898 932 1963 τού
951 1897 1094 1981 κέντρου

78 1999 182 2088 οὔσης
204 2001 225 2089 η
251 2001 346 2090 ἑτέρα
369 1999 414 2089 μὴ
438 2001 495 2069 διὰ
517 2006 578 2070 τοῦ
600 2004 741 2090 κέντρον
769 2010 835 2089 εἴη,
864 2002 915 2070 ὅτι
944 1998 986 2069 ού
1015 2004 1092 2089 θίχα
1113 2017 1148 2070 1⁶

76 2109 229 2193 τέμνεται
252 2104 273 2194 ἡ
299 2110 354 2176 δια
379 2111 441 2176 τού
463 2110 613 2197 κέντρον.

453 2359 508 2425 Ad
532 2382 638 2445 prop.
661 2359 718 2425 VI.

149 2479 199 2544 16.
226 2478 319 2559 Τινὲς
333 2481 552 2566 προστιθέασι
566 2483 603 2549 τὸ
620 2481 724 2566 ἐντός,
743 2478 787 2560 ὡς
800 2484 900 2549 τοῦτο
915 2481 1093 2568 φαντίζου.

80 2582 141 2648 ἐὰν
167 2580 231 2668 γὰρ
260 2582 352 2665 ἐκτὸς
378 2584 604 2672 ἐφάπτωνται,
637 2586 698 2655 τὸν
731 2585 812 2675 ὅρου
845 2586 999 2673 ἐκφεύγει
1030 2589 1093 2655 τού

79 2685 216 2773 κύκλον,
240 2696 273 2755 εί
285 2716 334 2770 τις
347 2694 414 2758 τῶν
428 2691 492 2760 θύο
507 2719 545 2760 το
563 2689 645 2761 αύτὸ
664 2696 804 2780 κέντρον
822 2692 975 2779 λήψεται·
1000 2688 1092 2773 ἐκτὸς
1110 2727 1146 2779 20

77 2791 144 2881 γὰρ
168 2792 300 2874 πάντως
321 2800 380 2882 της
401 2804 612 2886 περιφερείας
633 2803 694 2867 τού
719 2797 794 2880 ἐνὸς
818 2795 1045 2886 εὑρεθήσεται.

153 3031 194 3081 14.
214 3025 235 3079 Ρ
255 3026 446 3096 (corruptum).
520 3033 561 3084 16.
581 3027 728 3085 PBFVat.
803 3033 844 3084 16.
864 3027 1012 3084 PBFVat.

150 3245 175 3295 2.
195 3240 285 3294 πᾶσαι
304 3237 376 3310 ίσαι]
397 3239 455 3295 ἴσαι
472 3240 561 3295 πᾶσαι
579 3240 670 3296 Nat.
729 3246 755 3296 4.
774 3235 953 3311 προσέπεσαν
971 3238 1093 3297 PFVat.

116 3307 322 3381 ἆφορίζονσαι]
341 3305 577 3380 ἐφαρμοζέτωσαν
595 3312 626 3367 Β.
713 3307 798 3380 αύτῆι
815 3309 857 3365 B?
943 3317 968 3366 6.
986 3312 1094 3380 γωνίας

77 3393 192 3466 ποιήσει
210 3397 302 3454 Fvat.
387 3404 429 3455 12.
448 3398 489 3463 είς
507 3394 538 3455 τὸ
556 3390 576 3455 ὃ
592 3400 683 3456 Nat.
766 3404 807 3454 14.
828 3392 1144 3470 είῙέηΡΝιζςῆ-

79 3467 108 3523 εί
124 3468 156 3526 Β.
212 3475 253 3526 18.
274 3468 314 3533 είς
331 3466 363 3526 τὸ
382 3471 401 3530 ξ
419 3468 511 3527 FVat.
565 3467 774 3542 προστιθέασιν
792 3470 828 3526 P.
883 3461 1120 3532 mkm'nw

78 3538 170 3596 Πολ,
242 3546 283 3595 20.
303 3543 338 3596 εί
348 3542 404 3615 τις]
421 3535 484 3615 ἥτις
502 3542 630 3602 ΡΠελ.
707 3551 757 3601 Ἃ.
775 3535 1021 3603 παντθςῖἳελτ.
1099 3542 1120 3553 ’·
