2362 3796
113 148 176 211 124
262 150 419 202 scnom
436 152 476 203 m
493 152 768 204 ELEMENTORUM
784 149 925 202 οεοοσιι
938 150 960 202 1.

494 315 551 378 Ad
573 336 677 398 prop.
701 313 740 380 V.

177 435 228 501 36.
251 430 296 500 Ἡ
310 432 371 521 μὲν
390 431 455 503 ὑπὸ
474 441 573 503 ΑΓΖ
591 461 622 521 p.
636 439 688 522 20,
703 438 760 519 22]
780 431 839 513 τάς
856 431 922 503 ὑπὸ
941 461 1005 521 την
1025 435 1127 522 βάσιν

110 544 234 624 γωνίας
261 541 349 625 λέγει
379 544 440 608 τοῦ
473 542 505 621 ἐξ
538 541 644 628 ἀρχῆς
674 540 832 620 τεθέντος
863 539 1035 626 τριγώνου
1066 544 1127 610 τοὺ

110 650 219 729 ΑΒΓ,
238 642 277 725 ἃς
291 648 346 713 καὶ
362 654 435 726 ίσας
452 645 608 732 βούλεται
624 648 742 728 δεῖξαι·
765 649 866 714 τοῦτο
885 643 950 734 γάρ
970 648 1003 728 ἐξ
1024 644 1127 736 ἀρχῆς

74 749 315 838 επρούθηιιεν.

176 861 228 925 37.
269 862 344 926 Τῶν
372 857 602 945 θεωρημάτων
629 856 669 926 τά
693 859 755 946 μέν
778 859 869 927 ἐστιν
889 854 995 945 ἁπλᾶ,
1024 856 1065 927 τά
1086 860 1122 929 δὲ

110 962 267 1032 σύνθετα.
305 966 389 1051 λέγω
414 965 451 1033 δὲ
474 962 574 1050 διπλᾶ,
599 962 662 1033 ὅσα
684 965 739 1032 καὶ
761 961 845 1033 κατὰ
867 962 927 1043 τάς
944 961 1126 1047 ὑποθέσεις

109 1070 165 1136 καὶ
187 1068 269 1137 κατὰ
291 1069 331 1139 τά
356 1070 615 1158 συμπεράσματα
638 1068 812 1158 άδιαίρετά
837 1073 928 1139 ἐστιν
949 1072 987 1138 ἓν
1006 1075 1126 1159 ἔχοντα

109 1172 146 1241 τὸ
171 1178 354 1262 δεδομένον
373 1176 484 1245 καὶτὸ
506 1179 720 1264 ζητούμενον,
745 1171 819 1245 οἷον
839 1181 870 1244 εί
888 1174 995 1256 οὕτως
1012 1183 1124 1264 ἔλεγεν

58 1277 128 1357 105
153 1281 377 1367 στοιχειωτής·
406 1287 474 1350 πᾶν
497 1291 664 1371 τρίγωνον
689 1282 856 1362 ἰσοσκελὲς
879 1290 955 1361 ἴσοις
978 1288 1041 1371 ἔχει
1061 1282 1122 1362 τάς

109 1383 193 1469 πρὸς
224 1389 264 1474 τῇ
297 1387 392 1472 βάσει
425 1394 557 1474 γωνίας.
611 1389 741 1458 τούτων
773 1386 813 1456 τά
846 1390 908 1475 μέν
941 1391 1011 1458 ἐστι
1042 1409 1122 1477 συμ-

108 1493 326 1579 πεπλεγμένα,
340 1493 380 1561 τὰ
395 1492 432 1561 δὲ
446 1491 665 1581 άσύμπλεκτα.
688 1502 756 1565 ἔστι
772 1494 809 1563 δὲ
823 1493 1036 1582 άσύμπλεκτα
1050 1496 1123 1584 μέν,

110 1597 172 1667 ὅσα
196 1598 346 1667 σύνθετα
370 1599 452 1668 ὄντα
475 1600 520 1688 μη
545 1602 719 1688 δυνάμενα
744 1605 950 1690 διαιρεῖσθαι
969 1605 1018 1682 εἰς
1035 1599 1124 1670 διπλᾶ

108 1705 321 1794 θεωρήματα,
340 1710 614 1796 συμπεπλεγμένα
629 1709 677 1794 δέ,
693 1706 755 1776 ὅσα
771 1711 948 1797 διαιρεῖται
962 1712 1010 1787 είς
1024 1705 1124 1793 διπλᾶ,

57 1836 90 1886 15
111 1807 184 1881 οἷον
199 1815 306 1882 έκεῖνο
321 1814 358 1883 τὸ
373 1814 548 1903 θεώρημα
572 1811 611 1881 τά
629 1820 776 1901 τρίγωνα
789 1814 845 1881 καὶ
859 1813 900 1881 τὰ
913 1813 1124 1901 παραλληλό-

108 1945 243 2007 γραμμα
266 1917 331 1988 ὑπὸ
355 1917 392 1987 τὸ
417 1917 499 1987 αὐτὸ
523 1917 610 2000 ύψος
634 1918 715 1987 ὄντα
737 1921 792 1986 καὶ
817 1920 904 2006 ἑξῆς·
939 1916 1061 2007 ὁμοίως
1085 1920 1125 1988 δὲ

108 2024 244 2093 πάντων
273 2029 339 2093 τῶν
368 2027 544 2093 συνθέτων
573 2023 613 2092 τά
641 2025 702 2111 μὲν
729 2027 812 2093 κατὰ
838 2024 877 2093 τὸ
904 2025 1122 2112 συμπέρασμα

109 2139 302 2199 συντίθεται
327 2127 391 2196 άπὸ
415 2134 472 2215 τῆς
495 2128 597 2216 αὐτῆς
624 2128 817 2210 ὑποθέσεως
845 2128 1053 2218 ὁρμηθέντα,
1079 2128 1123 2198 τὰ

110 2236 147 2302 δέ
169 2233 251 2302 κατὰ
275 2233 333 2312 τὰς
355 2232 535 2313 ὑποθέσεις
557 2241 623 2321 ἔχει
641 2236 703 2322 τὴν
724 2236 890 2305 σύνθεσιν
907 2234 1019 2305 καὶτὸ
1039 2233 1122 2305 αύτδ

56 2363 91 2414 20
109 2339 232 2419 πάσαις
251 2339 363 2425 ἐπάγει
383 2341 611 2428 συμπέρασμα,
634 2340 674 2409 τδι
694 2343 731 2411 δὲ
749 2339 832 2410 κατὰ
845 2340 882 2411 τὸ
903 2343 1124 2430 συμπέρασμα

107 2445 164 2513 καὶ
192 2446 250 2523 τάς
275 2443 455 2524 ὑποθέσεις
483 2445 631 2514 σύνθετά
661 2451 738 2517 ἐστι.
782 2447 864 2516 κατὰ
893 2448 956 2536 μὲν
989 2440 1054 2517 οὑν
1084 2447 1123 2517 τὸ

110 2554 328 2638 συμπέρασμα
353 2550 513 2631 σύνθεσίς
536 2554 626 2621 ἐστιν
648 2552 713 2642 γάρ
738 2556 790 2622 ἐπὶ
813 2553 936 2623 τούτου
957 2558 1019 2623 τοὺ
1037 2564 1123 2623 θεω-

109 2657 254 2745 ρήματος
276 2663 351 2745 τρία
373 2656 413 2725 τά
436 2659 664 2747 συναγόμενα,
697 2658 748 2728 ὅτι
772 2665 810 2727 αί
829 2660 945 2747 βάσεις
963 2670 1045 2747 ίσαι,
1070 2658 1123 2729 ὅτι

108 2761 148 2831 τά
171 2771 318 2853 τρίγωνα
343 2773 409 2849 ίσα,
434 2763 484 2832 ὅτι
508 2769 546 2833 αί
566 2767 679 2833 λοιπαὶ
702 2772 822 2851 γωνίαι
842 2776 923 2851 ίσαι,
946 2764 1006 2853 ὑφ’
1028 2764 1069 2846 ἃς
1087 2769 1125 2834 αλ

54 2893 88 2944 25
108 2878 177 2938 ίσαι
209 2872 350 2958 πλευραὶ
381 2869 629 2939 ὑποτείνουσιν.
674 2870 757 2940 κατά
791 2870 828 2939 δὲ
856 2869 915 2952 τάς
942 2869 1123 2952 ὑποθέσεις

108 2977 160 3044 έπί
182 2982 243 3045 τοῦ
266 2982 385 3045 κοινοῦ
409 2981 476 3045 τῶν
494 2976 670 3065 τριγώνων
689 2978 744 3044 καὶ
763 2978 1122 3068 παραλληλογράμμων

107 3083 325 3171 θεωρήματος
348 3087 416 3150 τῶν
439 3080 504 3151 ὑπὸ
528 3082 565 3151 τὸ
591 3081 673 3152 αύτδ
696 3082 784 3166 ύψος
807 3082 927 3153 ὅντων.
968 3083 1040 3152 κατ’
1062 3084 1122 3172 άμ-

178 3494 219 3544 13,
241 3485 372 3542 σύνθετα
386 3489 416 3543 Ρ.
474 3495 514 3547 17.
535 3488 699 3546 συνθέντων
714 3489 745 3546 P.
799 3497 843 3546 2⁴2.
857 3491 948 3545 Locus
964 3495 1121 3563 corruppus.
