2362 3796
95 136 162 199 430
249 135 406 188 SCHOLIA
423 136 462 188 IN
479 135 754 188 ELEMENTOBUM
771 132 910 187 LIBRUM
923 134 957 184 X.

95 273 256 363 ὁπηλίκον
284 272 328 344 άν
352 275 537 363 ἐθέλωμεν,
566 274 740 362 ἐλάχιστον
762 272 957 344 ὑποθέσθαι
990 276 1117 366 μέτρον

95 383 269 472 γνώριμον
288 379 398 467 ὥσπερ
413 382 555 469 μονάδα.
587 385 655 449 πάν
668 379 733 469 γάρ
747 379 825 448 καθ’
843 381 941 449 ἑαυτὸ
956 382 1115 471 μέγεθος,

96 488 140 570 ώς
168 490 303 575 ἐλέχθη,
337 486 414 557 οὑτε
442 486 546 575 ῥητὸν
574 485 651 556 οὔτε
678 485 820 573 άλογου,
852 482 903 556 ὅτι
934 487 994 554 καὶ
1021 493 1116 558 πᾶσα

94 597 214 665 εὐθεῖα
236 593 314 664 καθ’
337 593 459 683 ἕαυτῆν
483 593 561 663 οὔτε
583 591 665 683 ῥητῆ
686 591 763 662 οὔτε
782 591 907 681 άλογός
924 595 1009 681 ἐστι,
1034 616 1115 683 συγ-

59 729 75 777 5
94 703 274 792 κρινομένη
299 701 336 770 δέ
358 698 442 786 πρὸς
463 698 687 769 ὑποτεθεῖσαυ
710 701 805 770 θέσει
828 699 961 788 μονάδα
986 699 1114 790 ῥητῆῆ

94 809 217 896 άλογος
231 805 428 894 εὑρίσκεται.
460 804 566 887 οὑτως
583 799 647 876 οὖν
664 810 723 892 τῆς
737 806 950 894 τετραγώνου
964 812 1115 897 πλευράς

94 914 314 1000 ὑποτεθείσης
327 916 429 1001 ῥητῆς
443 911 464 999 ῆ
476 912 651 1002 διάμετρος
661 913 804 1001 δυνάμει
814 912 897 1000 ῥητῆ
908 910 1113 999 εὑρίσκεται·

95 1021 190 1109 μῆκει
202 1024 266 1109 γάρ
278 1017 399 1106 άλογος
409 1017 608 1106 εὑρίσκεται·
623 1020 679 1088 καί
693 1019 795 1087 πάλιν
805 1011 849 1087 αὖ
859 1023 917 1106 τῆς
927 1020 1113 1111 διαμέτρου

94 1131 196 1216 ῥητῆς
208 1125 424 1213 ὑπαρχούσης
441 1122 461 1213 ῆ
476 1125 605 1213 πλευρά
619 1129 761 1214 δυνάμει
776 1126 859 1213 ῥητῆ
874 1126 1036 1215 ἑκατέρας
1055 1126 1112 1197 αὑ-

42 1259 75 1308 10
94 1239 162 1302 τών
180 1229 259 1299 καθ’
277 1231 399 1318 ἓαυτῆν
419 1231 497 1301 οὑτε
516 1234 617 1319 ῥητῆς
635 1229 739 1318 οὔσης
759 1234 837 1300 οὔτε
859 1227 1014 1318 άρρῆτου
1038 1232 1112 1322 ῆτοι

94 1338 221 1424 άλόγου
231 1336 452 1426 ὑπαρχούσης.
467 1336 574 1418 οὑτως
583 1330 647 1406 οὖν
656 1341 725 1406 τών
735 1334 880 1406 εὑθειών
891 1337 1074 1425 ἐλάχιστόν
1081 1368 1112 1409 τι

94 1446 215 1532 μέτρον
238 1442 445 1531 ὑποθέμενοι
468 1443 608 1513 εὐθεῖαν
627 1444 759 1531 μονάδα
774 1448 809 1513 οί
826 1440 892 1512 άπὸ
908 1448 981 1513 τών
1000 1456 1112 1534 μαθη-

94 1550 209 1638 μάτων
219 1549 323 1639 ῥητῆν
338 1547 520 1637 ὠνόμασαν
533 1551 589 1618 καὶ
603 1549 662 1629 τάς
676 1549 760 1639 αὐτῆ
775 1551 987 1637 συμμέτρους
996 1552 1111 1640 ῥητάς

95 1655 218 1744 ὁμοίως
231 1659 286 1724 καὶ
300 1655 338 1726 τὸ
352 1655 408 1725 ἀπ’
423 1656 526 1745 αὑτῆς
538 1659 748 1745 τετράγωνον
758 1654 861 1744 ῥητὸν
874 1657 930 1724 καὶ
942 1657 988 1724 τά
1002 1658 1111 1751 τούτῳ

42 1790 75 1839 15
94 1764 265 1852 σύμμετρα
275 1770 380 1853 χωρία
389 1762 473 1852 ῥητά
483 1766 643 1833 ἐκάλεσαν
657 1763 713 1831 καὶ
723 1760 825 1852 ῥητὸν
835 1759 960 1851 ὁμοίως
973 1763 1039 1833 τδν
1053 1763 1109 1835 ἀπ’

94 1868 197 1956 αὑτῆς
210 1869 317 1956 κύβου
330 1872 385 1939 καὶ
399 1870 440 1940 τά
452 1870 561 1963 τούτω
575 1870 747 1958 σύμμετρα
760 1868 886 1957 στερεά.
909 1867 1065 1958 άρρητον
1080 1869 1109 1941 δ’

93 1972 278 2045 άκουστέον
297 1975 373 2044 άντὶ
391 1981 451 2046 τοῦ
471 1975 597 2063 άλογον
612 1975 747 2063 στερεὸν
761 1976 823 2062 μὲν
836 1973 874 2044 τὸ
890 1974 1112 2069 άσάμμετρου

93 2087 138 2171 τῷ
167 2081 231 2150 άπὸ
256 2085 358 2169 ῥητῆς
379 2085 486 2172 κύβω,
516 2085 674 2152 ἐπίπεδον
702 2081 740 2150 δέ
762 2080 799 2150 τὸ
824 2080 1045 2171 άσὺμμετρον
1067 2088 1111 2177 τῷ

94 2186 158 2255 άπὸ
183 2191 283 2274 ῥητῆς
306 2188 518 2280 τετραγώνῳ,
551 2189 647 2276 μήκει
671 2191 722 2275 δέ,
755 2190 926 2258 τουτέστιν
954 2191 1109 2279 εὐθεῖαν,

40 2317 75 2366 20
93 2293 131 2361 τὸ
164 2296 247 2381 ῥητῆ
279 2292 501 2382 ἀσύμμετρον.
556 2296 610 2364 έπὶ
642 2295 680 2364 δὲ
710 2301 780 2364 τών
812 2294 959 2365 εὐθειῶν
991 2302 1109 2386 διττῆς

92 2400 280 2485 νοουμένης
302 2411 361 2485 τῆς
383 2400 613 2488 ἀσυμμέτρου,
640 2406 718 2489 μιᾶς
746 2403 807 2491 μὲν
835 2400 917 2471 ὅταν
945 2401 1053 2474 αὑταὶ
1076 2406 1113 2474 αί

93 2503 224 2573 εὐθεῖαι
248 2503 451 2593 ἀσύμμετροι
475 2499 548 2594 ώσι,
571 2506 612 2575 τά
632 2508 669 2576 δὲ
687 2505 743 2576 ἀπ’
765 2507 878 2578 αὐτῶν
897 2514 1004 2597 χωρία
1022 2511 1107 2600 σάμ·

93 2637 195 2699 μετρα
226 2609 396 2699 άλλῆλοις,
429 2611 543 2702 ἑτέρας
570 2615 608 2684 δὲ
635 2614 717 2684 ὅταν
744 2617 799 2684 καί
829 2615 882 2700 [τά
905 2613 963 2684 ἀπ’
989 2616 1108 2687 αὑτοῖν

92 2723 197 2806 χωρία
221 2718 390 2809 σύμμετρα
413 2717 570 2807 άλλῆλοις
592 2719 705 2808 ἑτέρας
728 2721 766 2790 δὲ
789 2719 871 2791 ὅταν
889 2722 959 2806 καὶ]
983 2721 1023 2791 τά
1042 2720 1105 2790 ἄπ’

39 2849 73 2900 25
93 2822 205 2894 αὐτῶν
228 2832 333 2915 χωρία
352 2825 542 2914 ἀσύμμετρα
561 2826 717 2916 άλλῆλοις
734 2820 766 2918 ῆ,
792 2826 884 2916 διττῆ
903 2827 960 2895 καί
979 2824 1000 2916 ῆ
1020 2828 1109 2916 πρὸς

92 2934 154 3020 τῆν
182 2932 286 3020 ῥητῆυ
315 2933 463 3022 διαφορά
490 2933 574 3003 κατά
602 2935 681 3014 τοὺς
707 2933 868 3015 παλαιοὺς
891 2931 1035 3024 ὑπῆρχε·
1074 2939 1112 3005 αί

93 3041 153 3127 μέν
181 3042 246 3127 γάρ
274 3043 429 3128 λέγονται
458 3041 599 3128 δυνάμει
623 3042 719 3128 ῥηταὶ
748 3042 804 3109 καί
832 3041 965 3127 άλογοι,
1003 3046 1046 3110 αί
1071 3043 1109 3112 δέ

93 3146 197 3232 μήκει.
239 3146 381 3235 δυνάμει
404 3148 465 3236 μέν
489 3140 552 3216 οὖν
575 3152 639 3216 είσι
663 3149 770 3235 ῥηταί,
794 3145 838 3228 ώς
862 3157 1001 3236 είρηται,
1026 3147 1108 3219 ὅσαι

93 3253 179 3318 εἰσίν
211 3251 415 3340 ἀσύμμετροι
442 3257 482 3342 τῆ
512 3256 610 3342 ῥητῆ,
642 3253 682 3321 τδι
711 3252 742 3321 δ’
769 3251 880 3323 αὑτών
911 3253 1109 3342 τετράγωνα

163 3419 205 3469 14.
226 3411 333 3468 τούτων
353 3431 379 3482 q.
459 3415 500 3465 16.
524 3409 631 3467 τούτων
650 3432 676 3482 q.
754 3419 797 3468 21.
817 3419 940 3483 νοοῦμεν
959 3431 986 3481 q.
1065 3422 1111 3472 23.

79 3481 171 3537 τά-
194 3493 236 3545 24.
259 3487 325 3562 καί]
347 3485 439 3543 deleo,
