2362 3796
233 169 389 220 ευυοαιο
406 170 446 221 IN
464 169 738 221 ELEMENTORUM
755 172 894 223 LIBRUM
907 174 941 226 x.
1024 170 1090 236 485

78 313 136 395 τῆς
163 308 300 396 ἀλογίας
328 313 429 378 εἰδῶν
460 306 526 378 ὑπὸ
560 309 602 396 δῆ
625 305 717 390 τινος
748 311 929 399 μεσότητος
959 313 1092 394 πάντας

79 412 285 502 ἀφορίζεται,
313 415 351 485 τό
374 415 436 503 μὲν
463 412 530 484 ὑπὸ
556 420 617 504 τῆς
638 422 872 505 γεωμετρικῆς,
900 418 937 487 τὸ
963 419 1001 486 δὲ
1024 418 1089 487 ὑπὸ

77 527 136 609 τῆς
158 519 391 610 ἀρνθμητικῆς,
413 522 447 591 τό
476 525 514 592 δὲ
536 520 602 591 ὑπὸ
622 529 681 611 τῆς
699 529 869 612 μουσικῆς.
906 525 962 592 καὶ
981 531 1090 594 ἔοικεν

76 627 97 714 ῆ
130 634 190 716 τῆς
221 635 330 718 ψυχῆς
360 628 459 698 οὐσία
485 635 656 719 προσεχῶς
683 630 925 716 ἐπιβατεόουσα
951 636 992 721 τῆ
1021 636 1090 700 τῶν

78 742 232 823 μεγεθῶν
254 736 338 805 κατὰ
360 736 440 816 τοὺς
467 739 504 806 έν
531 734 615 826 αὑτῆ
643 736 767 824 λόγους
798 737 853 805 καὶ
885 742 953 807 πῶν
983 740 1021 807 τὸ
1052 742 1089 807 έν
1125 762 1128 805 ι

76 858 148 924 τοῖς
170 845 349 932 μεγέθεσιν
372 843 496 932 ὁρίζειν
517 843 677 930 ἀόριστον
704 845 760 912 καὶ
786 843 849 930 τῆν
871 849 930 931 τῆς
953 842 1090 930 ἀλογίας

77 950 234 1038 ἀπειρίαν
256 963 327 1030 τοϊς
348 965 491 1039 τριττοῖς
512 949 645 1030 τούτοις
667 951 777 1018 πιέσαι
802 955 945 1037 δεσμοῖς.

144 1057 398 1144 έπισημαντέον,
423 1054 535 1124 ὅτιτὸ
557 1055 675 1124 κοινὸν
699 1055 807 1143 όνομα
829 1060 888 1142 τῆς
910 1057 1012 1144 μέσης
1035 1058 1089 1125 ἐπὶ

76 1154 309 1251 μερικωτέρας
325 1149 422 1232 έθετο
451 1162 598 1249 φύσεως,
633 1165 703 1232 ἐπεὶ
729 1165 786 1231 καὶ
812 1190 851 1232 το
879 1160 945 1232 ὑπὸ
976 1165 1088 1252 ῥητῶν

76 1269 172 1356 μήκει
204 1270 404 1357 συμμέτρῶν
433 1271 605 1356 δυναμένη
638 1271 720 1357 μέση
753 1270 886 1349 πάντυς
917 1271 987 1337 ἐστὶ
1019 1273 1088 1338 τῶν
1108 1289 1128 1337 ιι

77 1379 189 1463 ῥητῶν
213 1377 350 1444 ἐκείνων
372 1375 427 1443 καὶ
451 1373 472 1462 ῆ
494 1375 533 1445 τὸ
557 1373 622 1444 ὑπὸ
647 1378 748 1464 ῥητῆς
770 1377 826 1445 καὶ
849 1375 977 1462 ἀλόγου
998 1398 1088 1464 περι-

75 1482 238 1571 εχόμενον
256 1487 393 1571 χωρίον,
412 1479 485 1549 ἀλλ’
504 1478 686 1569 οὐδετέραν
701 1484 832 1551 τούτων
845 1481 1088 1572 προσαγορεύει

76 1590 191 1677 μέσην,
215 1586 299 1658 ἀλλά
322 1590 384 1677 τῆν
406 1588 443 1658 τὸ
467 1590 713 1678 προειρημένον
735 1594 861 1678 χωρίον
880 1589 1086 1675 δυναμένην·

74 1697 130 1765 καὶ
154 1694 205 1764 ὅτι
228 1695 287 1776 τάς
311 1694 470 1782 δυνάμεις
492 1700 663 1783 πανταχοῦ
690 1695 899 1783 παρωνύμως
926 1692 991 1763 ἀπὸ
1017 1698 1086 1762 τῶν

75 1803 274 1890 δυναμένων
292 1809 399 1870 καλεῖ·
423 1799 524 1888 ῥητὸν
543 1800 604 1888 μὲν
623 1799 687 1888 γάρ
705 1800 744 1869 τό
764 1799 828 1868 ἀπὸ
847 1804 959 1888 ῥητῆς,
983 1801 1086 1886 μέσον
1106 1820 1128 1868 11

75 1910 112 1980 δὲ
134 1909 172 1978 τὸ
193 1907 257 1977 ἀπὸ
278 1911 388 1995 μέσης.
423 1908 480 1976 καὶ
499 1906 551 1976 ὅτι
568 1906 631 1994 τῆν
649 1908 724 1995 περὶ
741 1908 800 1988 τδις
816 1910 918 1994 μέσας
936 1910 1086 1992 θεωρίαν

74 2019 224 2104 ἐξομοιοῖ
247 2029 320 2095 ταῖς
343 2017 472 2104 ῥηταίς·
507 2014 564 2081 καὶ
590 2017 655 2104 γὰρ
682 2016 804 2094 ταύτας
830 2011 851 2101 ῆ
880 2014 977 2102 μῆκει
1004 2033 1087 2100 συμ-

73 2130 214 2211 μέτρους
237 2119 325 2191 εἶναι
347 2117 368 2208 ῆ
394 2120 535 2207 δυνάμει
557 2120 666 2207 μόνον
689 2119 799 2207 ῶσπερ
824 2124 951 2202 ἐκείνας
979 2120 1085 2208 φησίν

73 2229 128 2313 καὶ
150 2227 189 2297 τὸ
213 2227 275 2315 μέν
298 2227 365 2297 ὑπὸ
387 2230 499 2315 μέσων
518 2227 614 2314 μῆκει
633 2215 831 2318 συμμέτρων
850 2229 1085 2316 περιεχόμενον

74 2336 178 2420 μέσον
201 2332 288 2402 εἶναι
311 2333 464 2421 καθάπερ
488 2335 556 2402 ε’κεί
576 2332 614 2402 τὸ
637 2331 703 2403 ὑπὸ
723 2337 835 2422 ῥητῶν
852 2334 966 2423 ῥητόν,
988 2333 1027 2403 τὸ
1047 2336 1085 2403 δὲ
1104 2350 1128 2399 2<

74 2433 118 2507 αὖ
145 2439 211 2509 ὑπὸ
242 2442 354 2527 μέσον
383 2440 525 2527 δυυάμει
552 2442 748 2528 συμμέτρων
775 2441 849 2510 τότε
872 2442 933 2529 μὲν
956 2447 1085 2527 γίνεται

73 2545 193 2633 ῥητόν,
224 2549 297 2616 τότε
325 2546 363 2614 δὲ
390 2547 504 2634 μέσον.
554 2544 637 2615 ῶστε
663 2551 783 2635 τριχῶς
811 2546 873 2634 μέν
904 2545 942 2615 τὸ
970 2548 1084 2634 μέσον,

73 2655 174 2738 διχῶς
197 2652 234 2722 δέ
255 2653 294 2722 τὸ
317 2652 434 2742 ῥητόν·
460 2652 517 2720 καὶ
541 2657 649 2721 ἔοικεν
671 2650 692 2739 ῆ
716 2652 777 2739 μὲν
800 2658 867 2722 τῶν
886 2653 984 2740 μῆκει
1003 2672 1084 2738 συμ-

72 2759 202 2845 μέτρων
225 2761 337 2845 μέσων
359 2760 529 2846 ἀνάλογον
553 2761 673 2846 μεταξυ
697 2767 866 2846 ληφθεῖσα
892 2760 949 2827 καὶ
971 2757 992 2845 ῆ
1015 2764 1084 2827 τῶν

73 2866 214 2950 δυνάμει
237 2866 433 2954 συμμέτρων
453 2868 564 2953 ῥητῶν
588 2867 623 2933 ἐκ
640 2864 764 2946 παντὸς
782 2863 870 2934 εἶναι
886 2867 980 2953 μέση,
1004 2861 1025 2952 ῆ
1046 2867 1084 2936 δδ
1102 2879 1128 2929 22

71 2973 140 3037 τῶν
164 2973 275 3057 ῥητῶν
297 2971 395 3058 μῆκει
419 2973 615 3059 συμμέτρων
638 2971 712 3041 τότε
735 2971 796 3059 μὲν
820 2972 918 3060 ῥητῆ,
946 2971 1021 3042 τότε
1045 2972 1083 3042 δέ

71 3077 163 3162 μέση.
208 3077 344 3144 καὶδιδι
366 3081 465 3145 τοῦτο
489 3079 545 3146 καὶ
567 3076 588 3164 ῆ
612 3075 821 3166 ἀσύμμετρος
843 3079 987 3166 δύναμις
1008 3079 1083 3150 τότε·

143 3314 168 3363 2.
189 3305 239 3380 δέ]
261 3303 290 3362 δ’
310 3306 371 3362 PV.
458 3314 483 3362 3.
502 3309 551 3382 δέ]
571 3305 600 3365 δ’
619 3309 679 3366 PV.
766 3317 792 3366 4.
811 3310 859 3382 τῆ]
878 3327 932 3367 om.
950 3311 982 3368 B.
1055 3316 1081 3366 6.

72 3374 161 3450 ἕαντῇ
181 3379 211 3434 P.
285 3383 309 3434 7.
328 3377 440 3433 πειέσαι
458 3377 488 3434 P.
562 3387 586 3436 8.
606 3379 650 3436 ιθ’
671 3380 706 3437 V.
780 3374 836 3469 ότι]
854 3379 886 3437 δὲ
901 3377 1081 3439 312FVVat.

107 3456 132 3505 9.
152 3446 197 3522 τό]
219 3445 367 3519 ευπῆτό.
455 3456 496 3505 11.
520 3447 550 3524 ῆ]
572 3449 600 3507 εί
616 3452 647 3508 Β.
736 3458 781 3509 14.
797 3453 974 3514 ποοτοςῖ.
1044 3458 1102 3500 xh-

70 3517 138 3590 γάρ]
160 3538 211 3575 om.
232 3521 262 3574 Β.
336 3527 378 3578 24.
399 3525 557 3594 λειφθεῖσα
570 3522 612 3580 V.
684 3528 736 3578 θῶ.
754 3521 908 3592 μὶοτηνἾ.
