2362 3796
99 142 166 207 530
253 144 409 196 scflom
426 145 465 197 IN
482 143 757 195 ELEMENTORUM
775 144 913 195 LIBRUM
926 144 960 198 X.

100 291 166 352 AB
189 284 401 375 τετραγώνῳ,
430 280 588 363 ὡσαύτως
615 283 655 350 τὰ
685 283 737 362 δὶς
758 281 826 351 ὑπὸ
848 287 916 351 τών
939 290 1023 368 ΑΔ,
1050 290 1120 350 ΔΒ

100 388 180 477 μετὰ
204 394 272 457 τών
296 387 361 457 ἀπὸ
384 394 444 475 τῆς
466 397 537 457 ΑΔ
559 390 616 457 καὶ
636 395 702 456 ΛΒ
725 388 943 476 τετραγώνων
967 397 1026 456 ἴσα
1046 389 1120 457 ἐστὶ

100 497 155 563 καὶ
184 492 268 563 αὐτὰ
295 500 340 587 τῷ
365 493 455 586 αὐτῷ
478 499 523 586 τῷ
547 493 612 562 ἀπὸ
636 499 695 581 τῆς
717 502 799 581 ΑΒ,
833 500 901 564 ἔστι
929 493 967 562 δὲ
993 492 1034 563 τὸ
1063 495 1120 574 δὶς

100 600 166 670 ὑπὸ
185 606 254 670 τών
273 606 348 685 ΑΓ,
366 607 427 668 ΓΒ
451 605 588 669 ἔλαττον
606 605 667 669 τοῦ
687 602 739 680 δὶς
757 600 823 670 ύπὸ
843 611 913 669 τῶν
932 609 964 668 A
971 608 1016 686 A,
1036 608 1120 687 ΑΒ,

65 731 81 778 ι
101 714 245 776 λείπεται
263 705 303 775 τὰ
323 705 389 775 αἰπὸ
407 710 476 774 τών
490 715 523 774 Α
528 712 565 791 Γ,
580 712 612 774 Γ
613 713 642 773 Β
662 706 853 793 τετράγωνα
871 712 1008 794 μείζονα
1027 704 1121 775 εἶναι

100 818 169 883 τών
192 811 258 883 ἀπὸ
281 818 351 883 τών
372 822 455 898 ΑΔ,
479 820 546 881 ΔΒ
569 812 799 899 τετραγώνων.
844 816 876 881 εἰ
897 811 977 899 γάρ,
1002 811 1120 899 ὥσπερ

100 919 138 987 τὸ
169 922 221 1000 δὶς
247 917 313 989 ὑπὸ
341 924 410 989 τῶν
433 925 513 1004 ΑΓ,
536 925 598 987 ΓΒ
627 919 763 989 ἔλαττόν
791 922 860 989 ἐστι
887 923 949 988 τοῦ
973 921 1027 998 δὶς
1049 916 1121 988 ὑπὸ

100 1037 168 1093 τῶν
187 1035 219 1094 A
226 1034 270 1110 A,
289 1034 369 1112 ΔΒ,
392 1025 499 1106 οὕτως
521 1018 609 1112 ἦσαν
633 1026 795 1095 ἐλάττονα
816 1026 872 1094 καὶ
896 1025 937 1093 τὰ
960 1023 1027 1093 ἀπὸ
1046 1029 1121 1094 τών

101 1137 181 1216 ΑΓ,
205 1137 267 1199 ΓΒ
295 1131 487 1218 τετράγωνα
514 1136 583 1200 τών
612 1130 677 1200 ἀπὸ
705 1136 774 1200 τών
797 1139 883 1216 ΑΔ,
907 1137 973 1198 ΛΒ
1001 1156 1120 1218 τετρα-

50 1260 83 1309 10
102 1238 240 1325 γώνων,
268 1235 388 1339 γὰρτὸ
414 1237 496 1306 ὅλον
518 1236 556 1305 τὸ
582 1238 634 1316 δὶς
656 1235 721 1304 ὑπὸ
749 1241 818 1305 τών
841 1243 921 1323 ΑΓ,
943 1242 1007 1304 ΓΒ
1035 1236 1120 1324 μετὰ

101 1348 169 1412 τών
197 1342 263 1412 ιἰπὸ
291 1348 360 1413 τών
388 1353 419 1411 A
426 1348 469 1428 Γ,
494 1348 554 1410 ΓΒ
587 1342 805 1431 τετραγώνων
835 1348 972 1412 ἔλαττον
1000 1339 1044 1411 ἂν
1076 1337 1121 1431 ἦν

102 1453 163 1518 τοῦ
187 1448 270 1517 ὅλου
292 1453 354 1517 τοῦ
378 1450 430 1528 δὶς
452 1446 519 1516 ύπὸ
542 1453 611 1517 τών
631 1458 712 1535 ΑΔ,
733 1456 798 1516 ΛΒ
821 1451 876 1517 καὶ
896 1454 943 1516 ἔτι
960 1447 1028 1517 ἀπὸ
1047 1453 1121 1519 τών

102 1566 133 1624 A
140 1564 184 1640 Δ,
204 1562 271 1622 ΔΒ
293 1553 512 1641 τετραγώνων
532 1556 761 1642 συγκειμένου.
798 1560 867 1624 ἔστι
891 1555 928 1623 δὲ
950 1555 1006 1622 καὶ
1030 1563 1120 1624 ἴσον.

103 1660 186 1730 ώστε
210 1660 323 1747 ἐπειδὴ
346 1663 384 1729 τὸ
407 1660 459 1740 δὶς
482 1657 548 1728 ὑπὸ
572 1664 640 1728 τών
664 1667 739 1746 ΑΓ,
760 1649 822 1729 ΤΒ
852 1659 1027 1748 μετὰτῶν
1051 1659 1121 1731 ἀπὸ

51 1790 84 1840 ιι
102 1772 171 1835 τών
194 1773 272 1852 ΑΓ,
296 1773 357 1835 ΓΒ
384 1767 603 1854 τετραγώνων
631 1774 708 1835 ἴσον
736 1763 777 1835 ὂν
806 1771 852 1860 τώ
881 1769 933 1847 δὶς
957 1763 1025 1835 ὑπὸ
1048 1779 1121 1836 τῶν

103 1883 189 1958 ΑΔ,
214 1880 281 1941 ΛΒ
311 1870 391 1961 μετὰ
418 1877 485 1941 τών
509 1870 575 1941 ἀπὸ
598 1877 666 1941 τών
689 1881 776 1959 ΑΔ,
800 1881 867 1941 ΔΒ
895 1873 1121 1959 τετραγώνων

103 1981 296 2047 ἐλαττοῦται
328 1977 410 2046 κατὰ
443 1977 480 2046 τὸ
516 1983 735 2064 συγκείμενον
766 1978 1120 2068 παραλληλόγραμμον

102 2083 168 2153 ύπὸ
192 2088 253 2152 τοῦ
276 2085 516 2172 περιεχομένου
540 2085 592 2163 δὶς
610 2080 676 2151 ὑπὸ
693 2094 763 2151 τῶν
781 2092 863 2169 ΑΔ,
881 2092 960 2171 ΔΒ,
984 2083 1119 2173 ἀνάγκη

103 2190 186 2258 κατὰ
204 2188 244 2259 τὰ
263 2190 455 2277 τετράγωνα
472 2187 513 2258 τὰ
534 2188 598 2257 ἀπὸ
612 2193 680 2257 τών
695 2196 765 2257 ΑΓ
783 2191 838 2258 καὶ
853 2195 914 2257 ΓΒ
934 2187 1121 2279 ὑπερέχειν.

51 2322 84 2371 20
103 2301 134 2363 εἰ
157 2295 220 2383 γὰρ
249 2288 293 2381 ἦν
319 2296 478 2364 ἐλάττονα
505 2296 561 2362 καὶ
584 2292 623 2362 τὰ
646 2295 838 2383 τετράγωνα
866 2294 975 2384 ώσπερ
999 2299 1059 2366 καὶ
1082 2296 1120 2368 τὸ

102 2400 463 2487 παραλληλόγραμμον,
486 2401 542 2467 καὶ
560 2400 598 2467 τὸ
619 2399 754 2486 σύμπαν
773 2407 910 2469 ἔλαττον
929 2396 973 2469 ἂν
993 2394 1038 2489 ἦν
1057 2408 1120 2474 τοῦ

103 2506 295 2592 σύμπαντος
318 2515 394 2573 ἴσον
418 2504 468 2573 ὅν.
1069 2533 1072 2537 ’

456 2703 512 2768 Ad
533 2726 638 2789 pr10p.
661 2705 762 2771 XLII.

171 2831 245 2895 274.
280 2823 335 2894 Ἐκ
357 2829 415 2913 τῆς
438 2829 485 2905 εἰς
507 2823 634 2894 ἄτοπον
658 2825 843 2913 ἀπαγωγῆς.

50 2959 84 3007 25
172 2937 246 3001 275.
289 2941 336 3002 Εἴ
361 2936 451 3001 ἐστιν
478 2929 499 3019 ι”γ
523 2939 592 3000 ΑΓ
614 2937 654 3021 τῇ
679 2940 744 3000 ΛΒ
772 2931 793 3019 ἡ
822 2929 922 3018 αύτή,
956 2931 1062 3003 οὐδέν
1091 2965 1124 3006 τι

105 3040 326 3126 διαφέρουσιν
351 3042 387 3107 ἐν
411 3037 543 3125 οὐδενί,
572 3036 682 3126 ώσπερ
711 3036 791 3106 οὐδὲ
820 3035 912 3117 οἶνος
939 3040 996 3106 καὶ
1020 3044 1127 3127 μέθυ.

104 3143 189 3213 ώστε
213 3151 304 3212 ἔσται
328 3143 485 3224 ὡσαύτως
507 3145 563 3211 καὶ
586 3140 607 3231 ἡ
632 3154 663 3212 Α
670 3153 702 3211 Δ
728 3148 768 3232 τῇ
793 3149 853 3210 ΓΒ
881 3140 902 3230 ἡ
931 3143 1034 3234 αὐτή,
1065 3151 1125 3218 καὶ

176 3327 235 3376 ιιι.
256 3321 314 3376 BF.
389 3326 449 3376 αττ.
470 3321 532 3389 vaq
548 3319 613 3390 (Ρ).

163 3491 205 3542 12.
229 3483 287 3560 ἔτι]
309 3481 386 3542 ἔστιν
408 3503 437 3556 q.
