<?xml version="1.0" encoding="UTF-8"?>
<!DOCTYPE html PUBLIC "-//W3C//DTD XHTML 1.0 Transitional//EN"
    "http://www.w3.org/TR/xhtml1/DTD/xhtml1-transitional.dtd">
<html xmlns="http://www.w3.org/1999/xhtml" xml:lang="en" lang="en">
 <head>
  <title>
</title>
<meta http-equiv="Content-Type" content="text/html;charset=utf-8" />
  <meta name='ocr-system' content='tesseract 3.04.00' />
  <meta name='ocr-capabilities' content='ocr_page ocr_carea ocr_par ocr_line ocrx_word'/>
</head>
<body>
  <div class='ocr_page' id='page_1' title='image "./euclidisoperaom02unkngoog_0203.png"; bbox 0 0 2362 3796; ppageno 0'>
   <div class='ocr_carea' id='block_1_1' title="bbox 107 143 959 209">
    <p class='ocr_par' dir='ltr' id='par_1_1' title="bbox 107 143 959 209">
     <span class='ocr_line' id='line_1_1' title="bbox 107 143 959 209; baseline -0.004 -12"><span class='ocrx_word' id='word_1_1' title='bbox 107 144 151 209; x_wconf 87' lang='lat'><strong><em>86</em></strong></span> <span class='ocrx_word' id='word_1_2' title='bbox 260 143 416 197; x_wconf 77' lang='lat' dir='ltr'>SOHOLIA</span> <span class='ocrx_word' id='word_1_3' title='bbox 434 145 474 197; x_wconf 81' lang='lat' dir='ltr'><strong><em>IN</em></strong></span> <span class='ocrx_word' id='word_1_4' title='bbox 491 144 767 197; x_wconf 76' lang='lat' dir='ltr'><strong>ELEMENTORUM</strong></span> <span class='ocrx_word' id='word_1_5' title='bbox 785 144 924 196; x_wconf 87' lang='lat' dir='ltr'><strong>LIBRUM</strong></span> <span class='ocrx_word' id='word_1_6' title='bbox 937 145 959 195; x_wconf 92' lang='grc' dir='ltr'><strong><em>Ι.</em></strong></span> 
     </span>
    </p>
   </div>
   <div class='ocr_carea' id='block_1_2' title="bbox 55 281 1124 3340">
    <p class='ocr_par' dir='ltr' id='par_1_2' title="bbox 55 281 1124 3340">
     <span class='ocr_line' id='line_1_2' title="bbox 106 281 1121 371; baseline 0 -19"><span class='ocrx_word' id='word_1_7' title='bbox 106 286 253 371; x_wconf 80' lang='grc' dir='ltr'><strong><em>καὶμὴν</em></strong></span> <span class='ocrx_word' id='word_1_8' title='bbox 275 284 331 352; x_wconf 79' lang='grc' dir='ltr'><strong><em>καὶ</em></strong></span> <span class='ocrx_word' id='word_1_9' title='bbox 356 288 387 352; x_wconf 87' lang='grc' dir='ltr'><strong><em>εί</em></strong></span> <span class='ocrx_word' id='word_1_10' title='bbox 408 284 546 371; x_wconf 75' lang='grc' dir='ltr'><em>ποιότης</em></span> <span class='ocrx_word' id='word_1_11' title='bbox 568 283 675 371; x_wconf 91' lang='grc' dir='ltr'><strong><em>μόνον</em></strong></span> <span class='ocrx_word' id='word_1_12' title='bbox 700 286 806 368; x_wconf 83' lang='grc' dir='ltr'><strong><em>ἐστίν,</em></strong></span> <span class='ocrx_word' id='word_1_13' title='bbox 834 281 882 363; x_wconf 86' lang='grc' dir='ltr'><strong><em>ῶς</em></strong></span> <span class='ocrx_word' id='word_1_14' title='bbox 904 281 925 370; x_wconf 82' lang='grc' dir='ltr'><em>ἡ</em></span> <span class='ocrx_word' id='word_1_15' title='bbox 953 283 1121 371; x_wconf 78' lang='grc' dir='ltr'><strong><em>θερμότης</em></strong></span> 
     </span>
     <span class='ocr_line' id='line_1_3' title="bbox 107 388 1120 479; baseline -0.002 -21"><span class='ocrx_word' id='word_1_16' title='bbox 107 391 163 458; x_wconf 80' lang='grc' dir='ltr'><strong><em>καὶ</em></strong></span> <span class='ocrx_word' id='word_1_17' title='bbox 186 392 368 479; x_wconf 80' lang='grc' dir='ltr'><strong><em>ψυχρότης,</em></strong></span> <span class='ocrx_word' id='word_1_18' title='bbox 397 395 467 470; x_wconf 89' lang='grc' dir='ltr'><strong><em>πῶς</em></strong></span> <span class='ocrx_word' id='word_1_19' title='bbox 489 394 537 470; x_wconf 86' lang='grc' dir='ltr'><strong><em>είς</em></strong></span> <span class='ocrx_word' id='word_1_20' title='bbox 565 399 621 458; x_wconf 85' lang='grc' dir='ltr'><strong><em>ίσα</em></strong></span> <span class='ocrx_word' id='word_1_21' title='bbox 652 389 800 476; x_wconf 79' lang='grc' dir='ltr'><strong><em>διαιρετή</em></strong></span> <span class='ocrx_word' id='word_1_22' title='bbox 830 391 933 479; x_wconf 79' lang='grc' dir='ltr'><strong><em>έστιν;</em></strong></span> <span class='ocrx_word' id='word_1_23' title='bbox 970 394 1028 476; x_wconf 80' lang='grc' dir='ltr'><strong><em>τῆς</em></strong></span> <span class='ocrx_word' id='word_1_24' title='bbox 1055 388 1120 475; x_wconf 88' lang='grc' dir='ltr'><strong><em>γδιρ</em></strong></span> 
     </span>
     <span class='ocr_line' id='line_1_4' title="bbox 107 493 1120 583; baseline -0.003 -18"><span class='ocrx_word' id='word_1_25' title='bbox 107 494 283 583; x_wconf 75' lang='grc' dir='ltr'><strong><em>ποιότητος</em></strong></span> <span class='ocrx_word' id='word_1_26' title='bbox 314 499 351 564; x_wconf 85' lang='grc' dir='ltr'><strong><em>τὸ</em></strong></span> <span class='ocrx_word' id='word_1_27' title='bbox 386 504 462 564; x_wconf 84' lang='grc' dir='ltr'><strong><em>ίσου</em></strong></span> <span class='ocrx_word' id='word_1_28' title='bbox 494 497 550 564; x_wconf 80' lang='grc' dir='ltr'><strong><em>καὶ</em></strong></span> <span class='ocrx_word' id='word_1_29' title='bbox 582 495 704 565; x_wconf 83' lang='grc' dir='ltr'><strong><em>όίυισον</em></strong></span> <span class='ocrx_word' id='word_1_30' title='bbox 737 493 799 564; x_wconf 82' lang='grc' dir='ltr'><strong><em>οὐκ</em></strong></span> <span class='ocrx_word' id='word_1_31' title='bbox 831 501 937 583; x_wconf 84' lang='grc' dir='ltr'><strong><em>ἔστιν,</em></strong></span> <span class='ocrx_word' id='word_1_32' title='bbox 970 493 1054 564; x_wconf 82' lang='grc' dir='ltr'><strong><em>ἆλλδι</em></strong></span> <span class='ocrx_word' id='word_1_33' title='bbox 1082 497 1120 562; x_wconf 87' lang='grc' dir='ltr'><strong><em>τὸ</em></strong></span> 
     </span>
     <span class='ocr_line' id='line_1_5' title="bbox 103 596 1121 694; baseline -0.001 -25"><span class='ocrx_word' id='word_1_34' title='bbox 103 610 236 694; x_wconf 85' lang='grc' dir='ltr'><strong><em>μᾶλλον</em></strong></span> <span class='ocrx_word' id='word_1_35' title='bbox 258 602 314 669; x_wconf 81' lang='grc' dir='ltr'><strong><em>καὶ</em></strong></span> <span class='ocrx_word' id='word_1_36' title='bbox 337 596 449 688; x_wconf 79' lang='grc' dir='ltr'><strong><em>ἦττον,</em></strong></span> <span class='ocrx_word' id='word_1_37' title='bbox 473 600 584 690; x_wconf 89' lang='grc' dir='ltr'><strong><em>ῶσπερ</em></strong></span> <span class='ocrx_word' id='word_1_38' title='bbox 607 606 666 689; x_wconf 78' lang='grc' dir='ltr'><strong><em>τῆς</em></strong></span> <span class='ocrx_word' id='word_1_39' title='bbox 688 600 872 689; x_wconf 84' lang='grc' dir='ltr'><strong><em>ποσότητος</em></strong></span> <span class='ocrx_word' id='word_1_40' title='bbox 893 603 931 672; x_wconf 86' lang='grc' dir='ltr'><strong><em>τὸ</em></strong></span> <span class='ocrx_word' id='word_1_41' title='bbox 961 612 1037 671; x_wconf 85' lang='grc' dir='ltr'><strong><em>ίσον</em></strong></span> <span class='ocrx_word' id='word_1_42' title='bbox 1064 602 1121 669; x_wconf 81' lang='grc' dir='ltr'><strong><em>καὶ</em></strong></span> 
     </span>
     <span class='ocr_line' id='line_1_6' title="bbox 71 706 1120 796; baseline 0.001 -20"><span class='ocrx_word' id='word_1_43' title='bbox 71 733 88 784; x_wconf 79' lang='lat'><strong>5</strong></span> <span class='ocrx_word' id='word_1_44' title='bbox 108 707 235 777; x_wconf 79' lang='grc' dir='ltr'><strong><em>ἄνισον.</em></strong></span> <span class='ocrx_word' id='word_1_45' title='bbox 290 706 331 776; x_wconf 83' lang='grc' dir='ltr'><strong><em>οὐ</em></strong></span> <span class='ocrx_word' id='word_1_46' title='bbox 358 710 493 778; x_wconf 75' lang='grc' dir='ltr'><strong><em>λεκτέον</em></strong></span> <span class='ocrx_word' id='word_1_47' title='bbox 520 714 639 777; x_wconf 91' lang='grc' dir='ltr'><strong><em>τοίνυν</em></strong></span> <span class='ocrx_word' id='word_1_48' title='bbox 671 717 747 777; x_wconf 84' lang='grc' dir='ltr'><strong><em>ίσον</em></strong></span> <span class='ocrx_word' id='word_1_49' title='bbox 778 710 834 778; x_wconf 82' lang='grc' dir='ltr'><strong><em>καὶ</em></strong></span> <span class='ocrx_word' id='word_1_50' title='bbox 866 709 1003 796; x_wconf 76' lang='grc' dir='ltr'><strong><em>ἄνισον,</em></strong></span> <span class='ocrx_word' id='word_1_51' title='bbox 1035 708 1120 778; x_wconf 81' lang='grc' dir='ltr'><strong><em>ἀλλὰ</em></strong></span> 
     </span>
     <span class='ocr_line' id='line_1_7' title="bbox 107 806 1121 904; baseline 0 -21"><span class='ocrx_word' id='word_1_52' title='bbox 107 819 236 902; x_wconf 81' lang='grc' dir='ltr'><strong><em>μᾶλλον</em></strong></span> <span class='ocrx_word' id='word_1_53' title='bbox 254 820 383 900; x_wconf 78' lang='grc' dir='ltr'><strong><em>γωνίαν</em></strong></span> <span class='ocrx_word' id='word_1_54' title='bbox 397 815 452 881; x_wconf 82' lang='grc' dir='ltr'><strong><em>καὶ</em></strong></span> <span class='ocrx_word' id='word_1_55' title='bbox 472 806 572 902; x_wconf 77' lang='grc' dir='ltr'><strong><em>ἦττον</em></strong></span> <span class='ocrx_word' id='word_1_56' title='bbox 586 820 728 901; x_wconf 90' lang='grc' dir='ltr'><strong><em>γωνίαν·</em></strong></span> <span class='ocrx_word' id='word_1_57' title='bbox 750 821 859 885; x_wconf 91' lang='grc' dir='ltr'><strong><em>καίτοι</em></strong></span> <span class='ocrx_word' id='word_1_58' title='bbox 873 823 997 904; x_wconf 89' lang='grc' dir='ltr'><strong><em>γωνίας</em></strong></span> <span class='ocrx_word' id='word_1_59' title='bbox 1015 823 1121 903; x_wconf 93' lang='grc' dir='ltr'><strong><em>γωνία</em></strong></span> 
     </span>
     <span class='ocr_line' id='line_1_8' title="bbox 107 919 1121 1011; baseline 0 -21"><span class='ocrx_word' id='word_1_60' title='bbox 107 919 149 990; x_wconf 82' lang='grc' dir='ltr'><strong><em>οὐ</em></strong></span> <span class='ocrx_word' id='word_1_61' title='bbox 173 920 337 1008; x_wconf 77' lang='grc' dir='ltr'><strong><em>διαφέρει·</em></strong></span> <span class='ocrx_word' id='word_1_62' title='bbox 374 922 435 989; x_wconf 89' lang='grc' dir='ltr'><strong><em>τδυ</em></strong></span> <span class='ocrx_word' id='word_1_63' title='bbox 467 923 532 1009; x_wconf 81' lang='grc' dir='ltr'><strong><em>γὰρ</em></strong></span> <span class='ocrx_word' id='word_1_64' title='bbox 560 919 664 989; x_wconf 83' lang='grc' dir='ltr'><strong><em>αὐτὸν</em></strong></span> <span class='ocrx_word' id='word_1_65' title='bbox 693 922 875 1009; x_wconf 76' lang='grc' dir='ltr'><strong><em>ἐπιδέχεται</em></strong></span> <span class='ocrx_word' id='word_1_66' title='bbox 902 928 992 991; x_wconf 82' lang='grc' dir='ltr'><strong><em>πᾶσα</em></strong></span> <span class='ocrx_word' id='word_1_67' title='bbox 1015 929 1121 1011; x_wconf 88' lang='grc' dir='ltr'><strong><em>γωνία</em></strong></span> 
     </span>
     <span class='ocr_line' id='line_1_9' title="bbox 106 1025 1122 1115; baseline 0.003 -21"><span class='ocrx_word' id='word_1_68' title='bbox 106 1027 218 1112; x_wconf 92' lang='grc' dir='ltr'><strong><em>λόγον.</em></strong></span> <span class='ocrx_word' id='word_1_69' title='bbox 267 1028 305 1093; x_wconf 85' lang='grc' dir='ltr'><strong><em>τὸ</em></strong></span> <span class='ocrx_word' id='word_1_70' title='bbox 337 1025 381 1111; x_wconf 81' lang='grc' dir='ltr'><strong><em>δη</em></strong></span> <span class='ocrx_word' id='word_1_71' title='bbox 407 1032 537 1115; x_wconf 90' lang='grc' dir='ltr'><strong><em>τρίτον,</em></strong></span> <span class='ocrx_word' id='word_1_72' title='bbox 570 1031 601 1094; x_wconf 89' lang='grc' dir='ltr'><strong><em>εί</em></strong></span> <span class='ocrx_word' id='word_1_73' title='bbox 631 1032 738 1106; x_wconf 80' lang='grc' dir='ltr'><strong><em>κλίσις</em></strong></span> <span class='ocrx_word' id='word_1_74' title='bbox 766 1027 856 1095; x_wconf 81' lang='grc' dir='ltr'><strong><em>ἐστὶν</em></strong></span> <span class='ocrx_word' id='word_1_75' title='bbox 883 1026 904 1114; x_wconf 81' lang='grc' dir='ltr'><em>ἡ</em></span> <span class='ocrx_word' id='word_1_76' title='bbox 933 1035 1039 1114; x_wconf 89' lang='grc' dir='ltr'><strong><em>γωνία</em></strong></span> <span class='ocrx_word' id='word_1_77' title='bbox 1065 1034 1122 1096; x_wconf 84' lang='grc' dir='ltr'><strong><em>καὶ</em></strong></span> 
     </span>
     <span class='ocr_line' id='line_1_10' title="bbox 108 1129 1122 1220; baseline 0.003 -21"><span class='ocrx_word' id='word_1_78' title='bbox 108 1129 195 1211; x_wconf 87' lang='grc' dir='ltr'><strong><em>όλως</em></strong></span> <span class='ocrx_word' id='word_1_79' title='bbox 221 1137 290 1199; x_wconf 89' lang='grc' dir='ltr'><strong><em>τῶν</em></strong></span> <span class='ocrx_word' id='word_1_80' title='bbox 317 1131 402 1218; x_wconf 91' lang='grc' dir='ltr'><strong><em>πρός</em></strong></span> <span class='ocrx_word' id='word_1_81' title='bbox 428 1159 474 1218; x_wconf 90' lang='grc' dir='ltr'><strong><em>τι,</em></strong></span> <span class='ocrx_word' id='word_1_82' title='bbox 508 1130 711 1218; x_wconf 77' lang='grc' dir='ltr'><strong><em>συμβήσεται</em></strong></span> <span class='ocrx_word' id='word_1_83' title='bbox 743 1136 820 1218; x_wconf 83' lang='grc' dir='ltr'><strong><em>μιᾶς</em></strong></span> <span class='ocrx_word' id='word_1_84' title='bbox 849 1131 952 1220; x_wconf 77' lang='grc' dir='ltr'><strong><em>οὔσης</em></strong></span> <span class='ocrx_word' id='word_1_85' title='bbox 984 1139 1122 1214; x_wconf 80' lang='grc' dir='ltr'><strong><em>κλίσεως</em></strong></span> 
     </span>
     <span class='ocr_line' id='line_1_11' title="bbox 55 1235 1122 1325; baseline 0.002 -21"><span class='ocrx_word' id='word_1_86' title='bbox 55 1264 89 1315; x_wconf 87' lang='lat'><strong><em>10</em></strong></span> <span class='ocrx_word' id='word_1_87' title='bbox 101 1243 189 1324; x_wconf 91' lang='grc' dir='ltr'><strong><em>μίαν</em></strong></span> <span class='ocrx_word' id='word_1_88' title='bbox 213 1235 300 1306; x_wconf 75' lang='grc' dir='ltr'><strong><em>εἶναι</em></strong></span> <span class='ocrx_word' id='word_1_89' title='bbox 322 1238 377 1304; x_wconf 85' lang='grc' dir='ltr'><strong><em>καὶ</em></strong></span> <span class='ocrx_word' id='word_1_90' title='bbox 401 1244 540 1324; x_wconf 85' lang='grc' dir='ltr'><strong><em>γωνίαν,</em></strong></span> <span class='ocrx_word' id='word_1_91' title='bbox 563 1235 636 1305; x_wconf 82' lang='grc' dir='ltr'><strong><em>ἀλλ’</em></strong></span> <span class='ocrx_word' id='word_1_92' title='bbox 654 1235 695 1305; x_wconf 84' lang='grc' dir='ltr'><strong><em>οὐ</em></strong></span> <span class='ocrx_word' id='word_1_93' title='bbox 714 1242 861 1316; x_wconf 89' lang='grc' dir='ltr'><strong><em>πλείους·</em></strong></span> <span class='ocrx_word' id='word_1_94' title='bbox 884 1242 916 1304; x_wconf 88' lang='grc' dir='ltr'><strong><em>εί</em></strong></span> <span class='ocrx_word' id='word_1_95' title='bbox 932 1237 996 1324; x_wconf 86' lang='grc' dir='ltr'><strong><em>γὰρ</em></strong></span> <span class='ocrx_word' id='word_1_96' title='bbox 1016 1241 1122 1325; x_wconf 82' lang='grc' dir='ltr'><strong><em>μηδέν</em></strong></span> 
     </span>
     <span class='ocr_line' id='line_1_12' title="bbox 108 1342 1121 1430; baseline -0.001 -18"><span class='ocrx_word' id='word_1_97' title='bbox 108 1345 198 1412; x_wconf 79' lang='grc' dir='ltr'><strong><em>ἐστιν</em></strong></span> <span class='ocrx_word' id='word_1_98' title='bbox 221 1342 303 1412; x_wconf 77' lang='grc' dir='ltr'><strong><em>ἄλλο</em></strong></span> <span class='ocrx_word' id='word_1_99' title='bbox 327 1342 416 1430; x_wconf 86' lang='grc' dir='ltr'><strong><em>παρὰ</em></strong></span> <span class='ocrx_word' id='word_1_100' title='bbox 439 1343 502 1429; x_wconf 82' lang='grc' dir='ltr'><strong><em>τὴν</em></strong></span> <span class='ocrx_word' id='word_1_101' title='bbox 526 1343 640 1430; x_wconf 86' lang='grc' dir='ltr'><strong><em>σχέσιν</em></strong></span> <span class='ocrx_word' id='word_1_102' title='bbox 663 1348 786 1429; x_wconf 87' lang='grc' dir='ltr'><strong><em>γωνία,</em></strong></span> <span class='ocrx_word' id='word_1_103' title='bbox 812 1349 863 1421; x_wconf 90' lang='grc' dir='ltr'><strong><em>τίς</em></strong></span> <span class='ocrx_word' id='word_1_104' title='bbox 885 1346 1016 1430; x_wconf 84' lang='grc' dir='ltr'><strong><em>μηχανὴ</em></strong></span> <span class='ocrx_word' id='word_1_105' title='bbox 1040 1349 1121 1430; x_wconf 93' lang='grc' dir='ltr'><strong><em>μίαν</em></strong></span> 
     </span>
     <span class='ocr_line' id='line_1_13' title="bbox 108 1446 1121 1536; baseline 0 -19"><span class='ocrx_word' id='word_1_106' title='bbox 108 1449 170 1536; x_wconf 73' lang='grc' dir='ltr'><strong><em>μὲν</em></strong></span> <span class='ocrx_word' id='word_1_107' title='bbox 197 1447 284 1518; x_wconf 79' lang='grc' dir='ltr'><strong><em>εἶναι</em></strong></span> <span class='ocrx_word' id='word_1_108' title='bbox 314 1449 443 1536; x_wconf 83' lang='grc' dir='ltr'><strong><em>σχέσιν,</em></strong></span> <span class='ocrx_word' id='word_1_109' title='bbox 471 1455 606 1528; x_wconf 90' lang='grc' dir='ltr'><strong><em>πλείους</em></strong></span> <span class='ocrx_word' id='word_1_110' title='bbox 634 1447 671 1516; x_wconf 74' lang='grc' dir='ltr'><strong><em>δὲ</em></strong></span> <span class='ocrx_word' id='word_1_111' title='bbox 698 1446 757 1528; x_wconf 84' lang='grc' dir='ltr'><strong><em>τὰς</em></strong></span> <span class='ocrx_word' id='word_1_112' title='bbox 780 1454 917 1536; x_wconf 82' lang='grc' dir='ltr'><strong><em>γωνίας;</em></strong></span> <span class='ocrx_word' id='word_1_113' title='bbox 951 1454 982 1517; x_wconf 85' lang='grc' dir='ltr'><strong><em>εί</em></strong></span> <span class='ocrx_word' id='word_1_114' title='bbox 1003 1455 1121 1517; x_wconf 88' lang='grc' dir='ltr'><strong><em>τοίνυν</em></strong></span> 
     </span>
     <span class='ocr_line' id='line_1_14' title="bbox 107 1554 1122 1650; baseline 0 -26"><span class='ocrx_word' id='word_1_115' title='bbox 107 1554 262 1643; x_wconf 80' lang='grc' dir='ltr'><strong><em>νοήσειας</em></strong></span> <span class='ocrx_word' id='word_1_116' title='bbox 284 1561 397 1627; x_wconf 92' lang='grc' dir='ltr'><strong><em>κῶνον</em></strong></span> <span class='ocrx_word' id='word_1_117' title='bbox 418 1567 464 1650; x_wconf 76' lang='grc' dir='ltr'><strong><em>τῷ</em></strong></span> <span class='ocrx_word' id='word_1_118' title='bbox 489 1554 546 1624; x_wconf 82' lang='grc' dir='ltr'><strong><em>διὰ</em></strong></span> <span class='ocrx_word' id='word_1_119' title='bbox 567 1560 626 1641; x_wconf 79' lang='grc' dir='ltr'><strong><em>τῆς</em></strong></span> <span class='ocrx_word' id='word_1_120' title='bbox 647 1559 800 1644; x_wconf 83' lang='grc' dir='ltr'><strong><em>κορυφῆς</em></strong></span> <span class='ocrx_word' id='word_1_121' title='bbox 823 1554 899 1643; x_wconf 77' lang='grc' dir='ltr'><strong><em>όχρι</em></strong></span> <span class='ocrx_word' id='word_1_122' title='bbox 916 1561 976 1643; x_wconf 79' lang='grc' dir='ltr'><strong><em>τῆς</em></strong></span> <span class='ocrx_word' id='word_1_123' title='bbox 994 1555 1122 1642; x_wconf 81' lang='grc' dir='ltr'><strong><em>βάσεως</em></strong></span> 
     </span>
     <span class='ocr_line' id='line_1_15' title="bbox 106 1661 1121 1755; baseline 0.001 -25"><span class='ocrx_word' id='word_1_124' title='bbox 106 1662 312 1750; x_wconf 81' lang='grc' dir='ltr'><strong><em>τεμνόμενον</em></strong></span> <span class='ocrx_word' id='word_1_125' title='bbox 335 1662 499 1755; x_wconf 77' lang='grc' dir='ltr'><strong><em>τριγῶνῳ,</em></strong></span> <span class='ocrx_word' id='word_1_126' title='bbox 522 1668 602 1749; x_wconf 92' lang='grc' dir='ltr'><strong><em>μίαν</em></strong></span> <span class='ocrx_word' id='word_1_127' title='bbox 626 1661 687 1750; x_wconf 75' lang='grc' dir='ltr'><strong><em>μέν</em></strong></span> <span class='ocrx_word' id='word_1_128' title='bbox 710 1661 897 1749; x_wconf 78' lang='grc' dir='ltr'><strong><em>θεωρήσεις</em></strong></span> <span class='ocrx_word' id='word_1_129' title='bbox 919 1668 1030 1731; x_wconf 92' lang='grc' dir='ltr'><strong><em>κλίσιν</em></strong></span> <span class='ocrx_word' id='word_1_130' title='bbox 1052 1668 1121 1732; x_wconf 91' lang='grc' dir='ltr'><strong><em>τῶν</em></strong></span> 
     </span>
     <span class='ocr_line' id='line_1_16' title="bbox 55 1767 1122 1858; baseline 0 -22"><span class='ocrx_word' id='word_1_131' title='bbox 55 1795 89 1847; x_wconf 82' lang='lat'><strong><em>15</em></strong></span> <span class='ocrx_word' id='word_1_132' title='bbox 107 1772 269 1856; x_wconf 77' lang='grc' dir='ltr'><strong><em>γραμμῶν</em></strong></span> <span class='ocrx_word' id='word_1_133' title='bbox 292 1772 360 1837; x_wconf 91' lang='grc' dir='ltr'><strong><em>τῶν</em></strong></span> <span class='ocrx_word' id='word_1_134' title='bbox 384 1772 541 1858; x_wconf 78' lang='grc' dir='ltr'><strong><em>πλευρῶν</em></strong></span> <span class='ocrx_word' id='word_1_135' title='bbox 563 1772 626 1837; x_wconf 82' lang='grc' dir='ltr'><strong><em>τοῦ</em></strong></span> <span class='ocrx_word' id='word_1_136' title='bbox 648 1767 826 1855; x_wconf 82' lang='grc' dir='ltr'><strong><em>τριγεόνου,</em></strong></span> <span class='ocrx_word' id='word_1_137' title='bbox 850 1767 914 1836; x_wconf 83' lang='grc' dir='ltr'><strong><em>δύο</em></strong></span> <span class='ocrx_word' id='word_1_138' title='bbox 938 1768 975 1837; x_wconf 76' lang='grc' dir='ltr'><strong><em>δέ</em></strong></span> <span class='ocrx_word' id='word_1_139' title='bbox 998 1775 1122 1855; x_wconf 86' lang='grc' dir='ltr'><strong><em>γωνίας</em></strong></span> 
     </span>
     <span class='ocr_line' id='line_1_17' title="bbox 107 1873 1121 1964; baseline 0.001 -22"><span class='ocrx_word' id='word_1_140' title='bbox 107 1874 170 1961; x_wconf 79' lang='grc' dir='ltr'><strong><em>τήν</em></strong></span> <span class='ocrx_word' id='word_1_141' title='bbox 205 1901 240 1945; x_wconf 91' lang='grc' dir='ltr'><strong><em>τε</em></strong></span> <span class='ocrx_word' id='word_1_142' title='bbox 276 1878 339 1944; x_wconf 78' lang='grc' dir='ltr'><strong><em>τοῦ</em></strong></span> <span class='ocrx_word' id='word_1_143' title='bbox 373 1877 542 1964; x_wconf 77' lang='grc' dir='ltr'><strong><em>τριγώνου</em></strong></span> <span class='ocrx_word' id='word_1_144' title='bbox 578 1877 640 1961; x_wconf 85' lang='grc' dir='ltr'><strong><em>τὴν</em></strong></span> <span class='ocrx_word' id='word_1_145' title='bbox 676 1875 915 1960; x_wconf 82' lang='grc' dir='ltr'><strong><em>περιεχομένην</em></strong></span> <span class='ocrx_word' id='word_1_146' title='bbox 951 1873 1016 1943; x_wconf 81' lang='grc' dir='ltr'><strong><em>ὑπὸ</em></strong></span> <span class='ocrx_word' id='word_1_147' title='bbox 1053 1880 1121 1943; x_wconf 85' lang='grc' dir='ltr'><strong><em>τῶν</em></strong></span> 
     </span>
     <span class='ocr_line' id='line_1_18' title="bbox 107 1977 1123 2068; baseline -0.001 -20"><span class='ocrx_word' id='word_1_148' title='bbox 107 1977 1123 2068; x_wconf 45' lang='grc' dir='ltr'><strong><em>Μώώψῶψωψωψωωα</em></strong></span> 
     </span>
     <span class='ocr_line' id='line_1_19' title="bbox 108 2082 1122 2172; baseline 0.002 -18"><span class='ocrx_word' id='word_1_149' title='bbox 108 2091 169 2153; x_wconf 86' lang='grc' dir='ltr'><strong><em>τοῦ</em></strong></span> <span class='ocrx_word' id='word_1_150' title='bbox 192 2084 320 2172; x_wconf 88' lang='grc' dir='ltr'><strong><em>κῶνον,</em></strong></span> <span class='ocrx_word' id='word_1_151' title='bbox 344 2086 583 2172; x_wconf 79' lang='grc' dir='ltr'><strong><em>περιεχομένην</em></strong></span> <span class='ocrx_word' id='word_1_152' title='bbox 606 2082 638 2150; x_wconf 92' lang='grc' dir='ltr'><strong><em>δ’</em></strong></span> <span class='ocrx_word' id='word_1_153' title='bbox 665 2084 823 2170; x_wconf 83' lang='grc' dir='ltr'><strong><em>ἑκατέραν</em></strong></span> <span class='ocrx_word' id='word_1_154' title='bbox 845 2082 912 2153; x_wconf 83' lang='grc' dir='ltr'><strong><em>ὑπὸ</em></strong></span> <span class='ocrx_word' id='word_1_155' title='bbox 935 2091 1003 2154; x_wconf 88' lang='grc' dir='ltr'><strong><em>τῶν</em></strong></span> <span class='ocrx_word' id='word_1_156' title='bbox 1028 2093 1122 2156; x_wconf 78' lang='grc' dir='ltr'><strong><em>δυεῖν</em></strong></span> 
     </span>
     <span class='ocr_line' id='line_1_20' title="bbox 109 2187 1124 2280; baseline 0.002 -22"><span class='ocrx_word' id='word_1_157' title='bbox 109 2194 282 2278; x_wconf 77' lang='grc' dir='ltr'><strong><em>γραμμῶν.</em></strong></span> <span class='ocrx_word' id='word_1_158' title='bbox 316 2187 378 2258; x_wconf 82' lang='grc' dir='ltr'><strong><em>οὐκ</em></strong></span> <span class='ocrx_word' id='word_1_159' title='bbox 397 2187 464 2276; x_wconf 76' lang='grc' dir='ltr'><strong><em>ἄρα</em></strong></span> <span class='ocrx_word' id='word_1_160' title='bbox 482 2187 502 2274; x_wconf 81' lang='grc' dir='ltr'><em>ἡ</em></span> <span class='ocrx_word' id='word_1_161' title='bbox 523 2187 654 2256; x_wconf 84' lang='grc' dir='ltr'><strong><em>τούτων</em></strong></span> <span class='ocrx_word' id='word_1_162' title='bbox 668 2189 778 2274; x_wconf 86' lang='grc' dir='ltr'><strong><em>σχέσις</em></strong></span> <span class='ocrx_word' id='word_1_163' title='bbox 792 2191 896 2260; x_wconf 82' lang='grc' dir='ltr'><strong><em>ἐποίει</em></strong></span> <span class='ocrx_word' id='word_1_164' title='bbox 909 2191 972 2279; x_wconf 82' lang='grc' dir='ltr'><strong><em>τὴν</em></strong></span> <span class='ocrx_word' id='word_1_165' title='bbox 985 2199 1124 2280; x_wconf 90' lang='grc' dir='ltr'><strong><em>γωνίαν.</em></strong></span> 
     </span>
     <span class='ocr_line' id='line_1_21' title="bbox 56 2290 1123 2384; baseline 0.005 -22"><span class='ocrx_word' id='word_1_166' title='bbox 56 2323 92 2375; x_wconf 81' lang='lat'><strong><em>20</em></strong></span> <span class='ocrx_word' id='word_1_167' title='bbox 110 2294 194 2363; x_wconf 83' lang='grc' dir='ltr'><strong><em>ἀλλὰ</em></strong></span> <span class='ocrx_word' id='word_1_168' title='bbox 219 2298 287 2381; x_wconf 83' lang='grc' dir='ltr'><strong><em>μὴν</em></strong></span> <span class='ocrx_word' id='word_1_169' title='bbox 310 2291 493 2381; x_wconf 77' lang='grc' dir='ltr'><strong><em>ἀναγκαῖον</em></strong></span> <span class='ocrx_word' id='word_1_170' title='bbox 515 2290 676 2379; x_wconf 91' lang='grc' dir='ltr'><strong><em>ποιότητα</em></strong></span> <span class='ocrx_word' id='word_1_171' title='bbox 700 2295 810 2381; x_wconf 81' lang='grc' dir='ltr'><strong><em>λέγειν</em></strong></span> <span class='ocrx_word' id='word_1_172' title='bbox 839 2294 943 2384; x_wconf 80' lang='grc' dir='ltr'><strong><em>αὐτὴν</em></strong></span> <span class='ocrx_word' id='word_1_173' title='bbox 971 2295 992 2384; x_wconf 80' lang='grc' dir='ltr'><em>ἢ</em></span> <span class='ocrx_word' id='word_1_174' title='bbox 1015 2303 1123 2367; x_wconf 86' lang='grc' dir='ltr'><strong><em>ποσὸν</em></strong></span> 
     </span>
     <span class='ocr_line' id='line_1_22' title="bbox 110 2397 1123 2491; baseline 0.006 -24"><span class='ocrx_word' id='word_1_175' title='bbox 110 2397 131 2488; x_wconf 76' lang='grc' dir='ltr'><em>ἢ</em></span> <span class='ocrx_word' id='word_1_176' title='bbox 156 2399 239 2489; x_wconf 91' lang='grc' dir='ltr'><strong><em>πρός</em></strong></span> <span class='ocrx_word' id='word_1_177' title='bbox 261 2422 304 2467; x_wconf 92' lang='grc' dir='ltr'><strong><em>τι·</em></strong></span> <span class='ocrx_word' id='word_1_178' title='bbox 335 2399 444 2467; x_wconf 76' lang='grc' dir='ltr'><strong><em>πάντα</em></strong></span> <span class='ocrx_word' id='word_1_179' title='bbox 467 2402 531 2486; x_wconf 82' lang='grc' dir='ltr'><strong><em>γὰρ</em></strong></span> <span class='ocrx_word' id='word_1_180' title='bbox 554 2401 594 2468; x_wconf 83' lang='grc' dir='ltr'><strong><em>τὰ</em></strong></span> <span class='ocrx_word' id='word_1_181' title='bbox 618 2404 677 2486; x_wconf 80' lang='grc' dir='ltr'><strong><em>τῆς</em></strong></span> <span class='ocrx_word' id='word_1_182' title='bbox 698 2408 899 2491; x_wconf 86' lang='grc' dir='ltr'><strong><em>γεωμετρίας</em></strong></span> <span class='ocrx_word' id='word_1_183' title='bbox 920 2402 1123 2491; x_wconf 87' lang='grc' dir='ltr'><strong><em>ὑποκείμενα</em></strong></span> 
     </span>
     <span class='ocr_line' id='line_1_23' title="bbox 110 2504 1123 2595; baseline 0.003 -20"><span class='ocrx_word' id='word_1_184' title='bbox 110 2505 177 2575; x_wconf 78' lang='grc' dir='ltr'><strong><em>ὑπὸ</em></strong></span> <span class='ocrx_word' id='word_1_185' title='bbox 201 2512 282 2594; x_wconf 92' lang='grc' dir='ltr'><strong><em>μίαν</em></strong></span> <span class='ocrx_word' id='word_1_186' title='bbox 304 2505 433 2574; x_wconf 83' lang='grc' dir='ltr'><strong><em>τούτων</em></strong></span> <span class='ocrx_word' id='word_1_187' title='bbox 460 2504 631 2592; x_wconf 81' lang='grc' dir='ltr'><strong><em>ἀνοίγεται·</em></strong></span> <span class='ocrx_word' id='word_1_188' title='bbox 667 2504 708 2575; x_wconf 83' lang='grc' dir='ltr'><strong><em>τὰ</em></strong></span> <span class='ocrx_word' id='word_1_189' title='bbox 736 2506 889 2595; x_wconf 75' lang='grc' dir='ltr'><strong><em>μέν’γδιρ</em></strong></span> <span class='ocrx_word' id='word_1_190' title='bbox 918 2511 1043 2595; x_wconf 74' lang='grc' dir='ltr'><strong><em>μεγέθη</em></strong></span> <span class='ocrx_word' id='word_1_191' title='bbox 1067 2537 1123 2580; x_wconf 90' lang='grc' dir='ltr'><strong><em>πο-</em></strong></span> 
     </span>
     <span class='ocr_line' id='line_1_24' title="bbox 111 2610 1123 2702; baseline 0.004 -22"><span class='ocrx_word' id='word_1_192' title='bbox 111 2611 251 2699; x_wconf 89' lang='grc' dir='ltr'><strong><em>σότητός</em></strong></span> <span class='ocrx_word' id='word_1_193' title='bbox 274 2616 359 2699; x_wconf 81' lang='grc' dir='ltr'><strong><em>ἐστι,</em></strong></span> <span class='ocrx_word' id='word_1_194' title='bbox 386 2610 427 2680; x_wconf 84' lang='grc' dir='ltr'><strong><em>τὰ</em></strong></span> <span class='ocrx_word' id='word_1_195' title='bbox 450 2611 488 2680; x_wconf 73' lang='grc' dir='ltr'><strong><em>δὲ</em></strong></span> <span class='ocrx_word' id='word_1_196' title='bbox 506 2611 658 2700; x_wconf 81' lang='grc' dir='ltr'><strong><em>σχήματα</em></strong></span> <span class='ocrx_word' id='word_1_197' title='bbox 680 2613 870 2699; x_wconf 90' lang='grc' dir='ltr'><strong><em>ποιότητος,</em></strong></span> <span class='ocrx_word' id='word_1_198' title='bbox 901 2617 936 2681; x_wconf 86' lang='grc' dir='ltr'><strong><em>οί</em></strong></span> <span class='ocrx_word' id='word_1_199' title='bbox 962 2613 999 2682; x_wconf 71' lang='grc' dir='ltr'><strong><em>δέ</em></strong></span> <span class='ocrx_word' id='word_1_200' title='bbox 1026 2614 1123 2702; x_wconf 93' lang='grc' dir='ltr'><strong><em>λόγοι</em></strong></span> 
     </span>
     <span class='ocr_line' id='line_1_25' title="bbox 111 2715 1124 2808; baseline 0.003 -20"><span class='ocrx_word' id='word_1_201' title='bbox 111 2718 193 2808; x_wconf 89' lang='grc' dir='ltr'><strong><em>πρὸς</em></strong></span> <span class='ocrx_word' id='word_1_202' title='bbox 211 2718 339 2805; x_wconf 85' lang='grc' dir='ltr'><strong><em>όίλληλα</em></strong></span> <span class='ocrx_word' id='word_1_203' title='bbox 352 2716 483 2787; x_wconf 80' lang='grc' dir='ltr'><strong><em>τούτων</em></strong></span> <span class='ocrx_word' id='word_1_204' title='bbox 496 2730 565 2787; x_wconf 83' lang='grc' dir='ltr'><strong><em>τῶν</em></strong></span> <span class='ocrx_word' id='word_1_205' title='bbox 579 2718 663 2806; x_wconf 89' lang='grc' dir='ltr'><strong><em>πρός</em></strong></span> <span class='ocrx_word' id='word_1_206' title='bbox 675 2744 715 2786; x_wconf 90' lang='grc' dir='ltr'><strong><em>τι.</em></strong></span> <span class='ocrx_word' id='word_1_207' title='bbox 747 2715 831 2784; x_wconf 85' lang='grc' dir='ltr'><strong><em>ῶστε</em></strong></span> <span class='ocrx_word' id='word_1_208' title='bbox 844 2717 901 2784; x_wconf 82' lang='grc' dir='ltr'><strong><em>καί</em></strong></span> <span class='ocrx_word' id='word_1_209' title='bbox 914 2715 977 2804; x_wconf 79' lang='grc' dir='ltr'><strong><em>τὴν</em></strong></span> <span class='ocrx_word' id='word_1_210' title='bbox 994 2727 1124 2805; x_wconf 86' lang='grc' dir='ltr'><strong><em>γωνίαν</em></strong></span> 
     </span>
     <span class='ocr_line' id='line_1_26' title="bbox 58 2821 1123 2915; baseline 0.004 -21"><span class='ocrx_word' id='word_1_211' title='bbox 58 2852 93 2906; x_wconf 75' lang='lat'><strong><em>25</em></strong></span> <span class='ocrx_word' id='word_1_212' title='bbox 111 2823 172 2913; x_wconf 81' lang='grc' dir='ltr'><strong><em>ὑφ’</em></strong></span> <span class='ocrx_word' id='word_1_213' title='bbox 198 2830 235 2894; x_wconf 73' lang='grc' dir='ltr'><strong><em>ἓν</em></strong></span> <span class='ocrx_word' id='word_1_214' title='bbox 262 2825 392 2894; x_wconf 86' lang='grc' dir='ltr'><strong><em>τούτων</em></strong></span> <span class='ocrx_word' id='word_1_215' title='bbox 420 2821 598 2911; x_wconf 76' lang='grc' dir='ltr'><strong><em>ἀνάξομεν.</em></strong></span> <span class='ocrx_word' id='word_1_216' title='bbox 642 2822 805 2891; x_wconf 84' lang='grc' dir='ltr'><strong><em>τοιούτων</em></strong></span> <span class='ocrx_word' id='word_1_217' title='bbox 834 2822 871 2891; x_wconf 72' lang='grc' dir='ltr'><strong><em>δὲ</em></strong></span> <span class='ocrx_word' id='word_1_218' title='bbox 894 2828 962 2893; x_wconf 87' lang='grc' dir='ltr'><strong><em>τῶν</em></strong></span> <span class='ocrx_word' id='word_1_219' title='bbox 985 2824 1123 2915; x_wconf 79' lang='grc' dir='ltr'><strong><em>ἀπόρων</em></strong></span> 
     </span>
     <span class='ocr_line' id='line_1_27' title="bbox 104 2927 1123 3019; baseline 0.008 -24"><span class='ocrx_word' id='word_1_220' title='bbox 104 2931 222 3001; x_wconf 84' lang='grc' dir='ltr'><strong><em>,ὄντων</em></strong></span> <span class='ocrx_word' id='word_1_221' title='bbox 240 2935 302 3019; x_wconf 80' lang='grc' dir='ltr'><strong><em>τὴν</em></strong></span> <span class='ocrx_word' id='word_1_222' title='bbox 320 2937 449 3018; x_wconf 87' lang='grc' dir='ltr'><strong><em>γωνίαν</em></strong></span> <span class='ocrx_word' id='word_1_223' title='bbox 468 2931 574 3017; x_wconf 75' lang='grc' dir='ltr'><strong><em>αὐτὴν</em></strong></span> <span class='ocrx_word' id='word_1_224' title='bbox 593 2929 655 3016; x_wconf 75' lang='grc' dir='ltr'><strong><em>μὲν</em></strong></span> <span class='ocrx_word' id='word_1_225' title='bbox 672 2927 752 2996; x_wconf 79' lang='grc' dir='ltr'><strong><em>καθ’</em></strong></span> <span class='ocrx_word' id='word_1_226' title='bbox 770 2928 893 3016; x_wconf 75' lang='grc' dir='ltr'><strong><em>ἑαυτὴν</em></strong></span> <span class='ocrx_word' id='word_1_227' title='bbox 911 2932 1017 3018; x_wconf 73' lang='grc' dir='ltr'><strong><em>μηδὲν</em></strong></span> <span class='ocrx_word' id='word_1_228' title='bbox 1036 2933 1123 3002; x_wconf 78' lang='grc' dir='ltr'><strong><em>εἶναι</em></strong></span> 
     </span>
     <span class='ocr_line' id='line_1_28' title="bbox 112 3035 1124 3128; baseline 0.003 -23"><span class='ocrx_word' id='word_1_229' title='bbox 112 3044 181 3107; x_wconf 93' lang='grc' dir='ltr'><strong><em>τῶν</em></strong></span> <span class='ocrx_word' id='word_1_230' title='bbox 200 3040 397 3128; x_wconf 79' lang='grc' dir='ltr'><strong><em>εἰρημένων,</em></strong></span> <span class='ocrx_word' id='word_1_231' title='bbox 421 3035 477 3104; x_wconf 80' lang='grc' dir='ltr'><strong><em>διὰ</em></strong></span> <span class='ocrx_word' id='word_1_232' title='bbox 496 3036 533 3104; x_wconf 73' lang='grc' dir='ltr'><strong><em>δέ</em></strong></span> <span class='ocrx_word' id='word_1_233' title='bbox 551 3039 610 3122; x_wconf 79' lang='grc' dir='ltr'><strong><em>τῆς</em></strong></span> <span class='ocrx_word' id='word_1_234' title='bbox 627 3037 764 3104; x_wconf 81' lang='grc' dir='ltr'><strong><em>πάντων</em></strong></span> <span class='ocrx_word' id='word_1_235' title='bbox 782 3035 910 3106; x_wconf 84' lang='grc' dir='ltr'><strong><em>τούτων</em></strong></span> <span class='ocrx_word' id='word_1_236' title='bbox 931 3043 1124 3128; x_wconf 81' lang='grc' dir='ltr'><strong><em>συνδρομῆς</em></strong></span> 
     </span>
     <span class='ocr_line' id='line_1_29' title="bbox 114 3139 1123 3231; baseline 0.002 -19"><span class='ocrx_word' id='word_1_237' title='bbox 114 3151 201 3231; x_wconf 79' lang='grc' dir='ltr'><strong><em>ἔχειν</em></strong></span> <span class='ocrx_word' id='word_1_238' title='bbox 223 3145 285 3231; x_wconf 77' lang='grc' dir='ltr'><strong><em>τὴν</em></strong></span> <span class='ocrx_word' id='word_1_239' title='bbox 307 3142 501 3213; x_wconf 84' lang='grc' dir='ltr'><strong><em>ὑπόστασιν.</em></strong></span> <span class='ocrx_word' id='word_1_240' title='bbox 539 3146 608 3210; x_wconf 80' lang='grc' dir='ltr'><strong><em>ἔστι</em></strong></span> <span class='ocrx_word' id='word_1_241' title='bbox 632 3140 669 3209; x_wconf 76' lang='grc' dir='ltr'><strong><em>δέ</em></strong></span> <span class='ocrx_word' id='word_1_242' title='bbox 688 3139 750 3229; x_wconf 85' lang='grc' dir='ltr'><strong><em>οὐχ</em></strong></span> <span class='ocrx_word' id='word_1_243' title='bbox 768 3139 788 3229; x_wconf 77' lang='grc' dir='ltr'><em>ἡ</em></span> <span class='ocrx_word' id='word_1_244' title='bbox 807 3149 914 3230; x_wconf 88' lang='grc' dir='ltr'><strong><em>γωνία</em></strong></span> <span class='ocrx_word' id='word_1_245' title='bbox 932 3146 1040 3231; x_wconf 92' lang='grc' dir='ltr'><strong><em>μόνον</em></strong></span> <span class='ocrx_word' id='word_1_246' title='bbox 1058 3173 1123 3214; x_wconf 87' lang='grc' dir='ltr'><strong><em>τοι·</em></strong></span> 
     </span>
     <span class='ocr_line' id='line_1_30' title="bbox 114 3247 1120 3340; baseline 0.005 -24"><span class='ocrx_word' id='word_1_247' title='bbox 114 3254 232 3334; x_wconf 82' lang='grc' dir='ltr'><strong><em>οὖτον,</em></strong></span> <span class='ocrx_word' id='word_1_248' title='bbox 261 3248 344 3318; x_wconf 77' lang='grc' dir='ltr'><strong><em>ἀλλὰ</em></strong></span> <span class='ocrx_word' id='word_1_249' title='bbox 368 3249 424 3317; x_wconf 78' lang='grc' dir='ltr'><strong><em>καὶ</em></strong></span> <span class='ocrx_word' id='word_1_250' title='bbox 446 3247 483 3316; x_wconf 90' lang='grc' dir='ltr'><strong><em>τδ</em></strong></span> <span class='ocrx_word' id='word_1_251' title='bbox 507 3253 690 3335; x_wconf 79' lang='grc' dir='ltr'><strong><em>τρίγωνον,</em></strong></span> <span class='ocrx_word' id='word_1_252' title='bbox 718 3248 774 3315; x_wconf 82' lang='grc' dir='ltr'><strong><em>καὶ</em></strong></span> <span class='ocrx_word' id='word_1_253' title='bbox 802 3257 879 3317; x_wconf 83' lang='grc' dir='ltr'><strong><em>ίσον</em></strong></span> <span class='ocrx_word' id='word_1_254' title='bbox 904 3252 1033 3336; x_wconf 80' lang='grc' dir='ltr'><strong><em>λέγεται</em></strong></span> <span class='ocrx_word' id='word_1_255' title='bbox 1056 3260 1120 3340; x_wconf 85' lang='grc' dir='ltr'><strong><em>τρί</em></strong></span> 
     </span>
    </p>
   </div>
   <div class='ocr_carea' id='block_1_3' title="bbox 187 3405 1123 3482">
    <p class='ocr_par' dir='ltr' id='par_1_3' title="bbox 187 3371 1123 3482">
     <span class='ocr_line' id='line_1_31' title="bbox 187 3405 1123 3482; baseline 0.005 -20"><span class='ocrx_word' id='word_1_256' title='bbox 187 3415 211 3464; x_wconf 93' lang='grc'><strong><em>1.</em></strong></span> <span class='ocrx_word' id='word_1_257' title='bbox 231 3408 271 3480; x_wconf 84' lang='grc' dir='ltr'><strong><em>εἰ]</em></strong></span> <span class='ocrx_word' id='word_1_258' title='bbox 291 3405 317 3478; x_wconf 84' lang='grc' dir='ltr'><em>ἡ</em></span> <span class='ocrx_word' id='word_1_259' title='bbox 391 3415 415 3465; x_wconf 85' lang='grc'><strong><em>6.</em></strong></span> <span class='ocrx_word' id='word_1_260' title='bbox 434 3406 558 3478; x_wconf 84' lang='grc' dir='ltr'><strong><em>γωνίαν]</em></strong></span> <span class='ocrx_word' id='word_1_261' title='bbox 589 3408 650 3478; x_wconf 77' lang='lat' dir='ltr'>alt.)</span> <span class='ocrx_word' id='word_1_262' title='bbox 670 3409 780 3477; x_wconf 86' lang='grc' dir='ltr'><strong><em>γωνίαις.</em></strong></span> <span class='ocrx_word' id='word_1_263' title='bbox 854 3413 879 3464; x_wconf 86' lang='grc'><strong><em>8.</em></strong></span> <span class='ocrx_word' id='word_1_264' title='bbox 904 3407 945 3481; x_wconf 88' lang='grc' dir='ltr'><strong><em>εί]</em></strong></span> <span class='ocrx_word' id='word_1_265' title='bbox 965 3427 1033 3467; x_wconf 83' lang='lat' dir='ltr'>corr.</span> <span class='ocrx_word' id='word_1_266' title='bbox 1054 3410 1123 3482; x_wconf 73' lang='grc' dir='ltr'><strong><em>ετὴ</em></strong></span> 
     </span>
    </p>
   </div>
   <div class='ocr_carea' id='block_1_4' title="bbox 44 3409 900 3590">
    <p class='ocr_par' dir='ltr' id='par_1_4' title="bbox 44 3409 900 3590">
     <span class='ocr_line' id='line_1_32' title="bbox 44 3409 900 3590; baseline 0.006 -56"><span class='ocrx_word' id='word_1_267' title='bbox 44 3558 70 3590; x_wconf 56' lang='lat' dir='ltr'>n</span> <span class='ocrx_word' id='word_1_268' title='bbox 113 3497 151 3534; x_wconf 89' lang='lat' dir='ltr'><strong><em>m.</em></strong></span> <span class='ocrx_word' id='word_1_269' title='bbox 171 3487 196 3538; x_wconf 86' lang='lat'><strong><em>1.</em></strong></span> <span class='ocrx_word' id='word_1_270' title='bbox 268 3485 309 3534; x_wconf 77' lang='lat'><strong><em>24.</em></strong></span> <span class='ocrx_word' id='word_1_271' title='bbox 329 3481 398 3552; x_wconf 82' lang='grc' dir='ltr'><strong><em>τῶν]</em></strong></span> <span class='ocrx_word' id='word_1_272' title='bbox 419 3497 485 3548; x_wconf 82' lang='lat' dir='ltr'><strong>om.;</strong></span> <span class='ocrx_word' id='word_1_273' title='bbox 505 3478 555 3535; x_wconf 79' lang='lat' dir='ltr'><strong>cfr.</strong></span> <span class='ocrx_word' id='word_1_274' title='bbox 574 3409 689 3536; x_wconf 64' lang='grc' dir='ltr'><strong><em>δεοολαε</em></strong></span> <span class='ocrx_word' id='word_1_275' title='bbox 708 3497 735 3549; x_wconf 84' lang='lat' dir='ltr'><strong><em>p.</em></strong></span> <span class='ocrx_word' id='word_1_276' title='bbox 756 3484 815 3546; x_wconf 77' lang='lat'>123,</span> <span class='ocrx_word' id='word_1_277' title='bbox 836 3485 900 3539; x_wconf 88' lang='lat'>11..</span> 
     </span>
    </p>
   </div>
   <div class='ocr_carea' id='block_1_5' title="bbox 0 0 1190 3796">
    <p class='ocr_par' dir='ltr' id='par_1_5' title="bbox 0 0 1190 3796">
     <span class='ocr_line' id='line_1_33' title="bbox 0 0 1190 3796; baseline 0 0"><span class='ocrx_word' id='word_1_278' title='bbox 0 0 1190 3796; x_wconf 95' lang='lat' dir='ltr'><strong><em> </em></strong></span> 
     </span>
    </p>
   </div>
  </div>
 </body>
</html>
