2362 3796
241 152 398 204 scflom
415 153 454 204 m
471 151 746 205 RLEMENTORUM
763 153 902 204 mmm
915 152 947 206 V.
999 219 1003 226 ,
1033 147 1097 213 297

10 310 14 315 '
84 306 156 373 τοῖς
174 300 214 378 Ε,
230 299 267 360 Z.
299 291 508 361 ὁσαπλάσιον
533 287 652 359 οὖντὸ
672 295 709 359 ἓν
727 295 787 359 τοῦ
807 291 894 377 ἑνός,
916 291 972 359 καί
990 286 1099 358 πάντα

83 399 231 468 πάντων.
277 402 383 484 δῆλον
407 398 522 466 δὲκαὶ
546 401 582 465 ἐκ
603 400 662 485 τῆς
685 398 858 484 ἐναργείας
881 395 991 483 αὐτῆς.

469 596 526 660 Ad
548 616 653 680 prop.
676 594 719 659 II.

154 720 207 784 40.
224 713 333 783 Ἔστω
352 720 486 801 πρῶτον
504 711 598 797 vste
620 716 676 783 καί
696 715 854 802 δεύτερον
873 716 914 784 τὰ
933 707 965 802 β,
988 723 1101 803 τρίτον

86 849 128 892 τα
148 815 248 890 θκαί
266 823 424 907 τέταρτον
442 819 483 888 τά
502 826 532 906 γ.
563 818 601 889 τὸ
623 813 686 889 οὖν
704 825 839 909 πρῶτον
857 822 912 888 καί
931 822 967 890 τὸ
987 827 1101 910 τρίτον
1138 839 1155 889 5

87 928 197 1008 ἰσάκις
214 926 452 996 πολλαπλάσιά
468 932 533 995 εἰσι
551 931 613 995 τοῦ
632 929 667 1013 β’
685 928 741 995 καί
758 932 820 995 τοῦ
838 928 1012 1016 τετάρτου·
1035 954 1103 1012 τρι-

87 1036 212 1103 πλάσια
234 1033 299 1121 γάρ
323 1031 497 1120 άμφότερα
519 1021 744 1120 ἀμφοτέρων(
774 1039 858 1101 ἔστω
881 1035 936 1101 καὶ
954 1037 1104 1121 πέμπτον

87 1133 178 1227 τάῖβ
197 1139 376 1222 ἕξαπλάσια
394 1149 456 1208 τοῦ
475 1139 645 1225 δευτέρου,
669 1138 777 1226 ἤγουν
796 1144 864 1208 τῶν
882 1133 914 1227 β,
934 1143 988 1209 καὶ
1008 1143 1104 1208 ἕκτον

88 1247 130 1316 τά
148 1252 185 1335 ἦ
204 1247 326 1334 ὁμοίως
344 1245 524 1327 ἑξαπλάσια
547 1249 609 1314 τοῦ
627 1245 796 1332 τετάρτου,
820 1249 969 1316 τουτέστι
987 1251 1056 1315 τῶν
1074 1252 1104 1333 γ.

88 1355 145 1424 καί
168 1354 305 1441 μιγέντα
328 1351 393 1439 άρα
421 1351 459 1420 τὸ
487 1351 549 1438 μὲν
576 1352 726 1437 πέμπτον
753 1357 799 1444 τῷ
826 1353 962 1446 πρώτω,
994 1352 1032 1422 τὸ
1066 1352 1103 1421 δὲ
1122 1371 1156 1421 10

90 1462 187 1529 ἕκτον
209 1463 258 1552 τῷ
282 1464 382 1550 τρίτῳ
407 1458 569 1538 ἰσάκιςί
538 1459 602 1526 εἰσί
631 1458 863 1527 πολλαπλάσια
891 1464 953 1528 τοῦ
975 1486 1010 1528 τε
1034 1463 1105 1527 δευ

89 1567 190 1652 τέρον
203 1528 260 1632 κάὶ
275 1569 337 1633 τοῦ
350 1564 524 1650 τετάρτου·
548 1584 567 1635 ς
581 1591 645 1650 γαρ
659 1566 715 1631 καί
730 1571 814 1650 ιβ
779 1593 812 1652 ιη
827 1566 882 1632 καί
896 1575 923 1633 θ
941 1567 1046 1633 nal*
1012 1594 1044 1652 ιη
1059 1572 1104 1646 κζ

89 1676 230 1741 καίείσι
182 1669 356 1739 καί
320 1698 361 1739 τα
381 1698 415 1757 ιη
439 1669 485 1750 ὡς
502 1670 587 1758 πρὸς
604 1664 686 1756 τάβ
710 1669 932 1739 ννεαπλασια
946 1671 1050 1738 καὶ
1015 1698 1056 1738 τα
1070 1678 1107 1753 κζ

38 1826 42 1831 -
90 1777 136 1860 ὥς
158 1776 242 1863 πρὸς
264 1776 304 1845 τὰ
326 1783 402 1864 τρία
426 1777 550 1864 ὁμοίως
573 1777 805 1845 έννεαπλάσια.

158 1890 211 1954 41.
247 1886 316 1951 Διὰ
339 1887 400 1951 τοῦ
424 1881 488 1969 πρὸ
513 1884 619 1951 αὐτοῦ
642 1883 872 1970 θεωρήματος·
894 1884 1021 1969 ’μεγέθη
1041 1882 1105 1968 γάρ
1126 1899 1159 1949 15

90 2019 132 2061 τα
154 1998 236 2076 ΑΒ,
259 1997 333 2058 ΒΗ
355 1993 510 2077 μεγεθῶν
536 2000 605 2058 τῶν
635 1996 666 2057 Γ
689 1991 744 2056 καὶ
773 1995 816 2056 Γ·
853 1991 890 2057 τό
919 1989 984 2073 γὰρ
1015 1992 1052 2057 ’ἐν
1080 1996 1112 2057 Γ

92 2098 145 2177 δὶς
168 2095 382 2183 λαμβάνεται
413 2099 498 2184 πρὸς
530 2095 688 2182 ἑκάτερον
720 2099 788 2173 τῶν
816 2102 898 2179 ΑΒ,
926 2101 999 2162 ΒΗ
1032 2115 1107 2181 συγ-

91 2201 308 2288 κρινόμενον·
346 2201 453 2281 ἰσάκις
484 2202 549 2269 εἰσὶ
580 2201 822 2270 πολλαπλάσια.
867 2201 1025 2281 ὡσαύτως
1052 2205 1107 2270 καί

94 2308 220 2394 μεγέθη
244 2305 284 2373 τά
308 2315 392 2393 ΔΕ,
414 2315 477 2375 ΕΘ
505 2310 670 2394 μεγέθους
691 2311 753 2375 τοῦ
777 2315 804 2374 Ζ
833 2307 885 2386 θὶς
908 2308 965 2375 καὶ
986 2307 1118 2390 τούτουΙ

95 2415 352 2500 λαμβανομένου
366 2413 474 2494 ἰσάκις
483 2415 548 2482 εἰσί
561 2413 793 2483 πολλαπλάσια
807 2416 947 2483 ἕκαστον
958 2414 1108 2503 ἑκάστου,
1125 2429 1161 2480 20

98 2517 144 2597 ὡς
164 2517 202 2587 τὸ
226 2528 292 2587 ΑΒ
314 2519 399 2604 πρὸς
421 2521 457 2586 τὸ
483 2525 515 2586 Γ
532 2521 588 2588 καὶ
611 2519 648 2588 τὸ
674 2528 745 2587 ΛΕ
765 2522 847 2607 πρὸς
869 2520 906 2588 τὸ
932 2529 974 2606 Ζ,
1004 2520 1109 2601 οὕτως

96 2625 153 2691 καί
175 2623 214 2692 τά
237 2633 319 2713 ΑΗ,
339 2632 408 2693 ΔΘ
430 2623 514 2713 πρὸς
536 2626 576 2693 τά
602 2632 640 2712 Γ,
660 2635 703 2694 Ζ·
732 2625 813 2713 ὅπερ
837 2631 905 2695 ἔδει
929 2630 1042 2708 δεῖξαι.

469 2821 525 2886 Ad
547 2845 654 2908 prop.
677 2823 735 2890 ΙΙΙ.

164 2947 217 3010 42.
249 2941 357 3009 Ἔστω
384 2940 449 3028 γάρ
477 2947 610 3029 πρῶτον
637 2941 677 3009 τά
701 2948 720 3014 ξ
747 2944 803 3010 καί
827 2942 985 3030 δεύτερον
1013 2942 1052 3009 τά
1076 2948 1108 3028 γ,

97 3053 212 3135 τρίτον
234 3046 274 3115 τά
298 3045 383 3114 ὀκτὼ
407 3049 463 3116 καί
486 3046 520 3115 δ’
543 3048 584 3116 τά
609 3042 637 3117 ὅ.
675 3048 836 3116 διπλάσιά
860 3054 924 3116 εἰσι
942 3047 980 3117 τὸ
1001 3046 1035 3115 α’
1054 3048 1109 3114 καί
1128 3059 1163 3110 25

168 3212 211 3261 40.
231 3207 280 3261 Ab
295 3204 409 3276 (Coisl.).
482 3213 525 3262 41.
544 3207 689 3278 A(Coisl.,
707 3208 759 3276 οὓ).
832 3213 876 3261 42.
894 3208 944 3262 Ab
959 3207 1026 3277 (13³).

170 3350 270 3405 8.τῶν
289 3341 318 3421 β]
337 3350 388 3404 τοῦ
408 3345 461 3404 δύο
479 3347 512 3404 A.
576 3355 616 3405 9.
620 3349 784 3422 y]sustulit
801 3349 911 3403 macula
928 3349 1003 3404 inb.
1039 3348 1140 3594 l!

97 3419 164 3505 μέν]
188 3438 241 3477 om.
261 3421 313 3488 A.
386 3439 418 3474 το
438 3417 488 3492 δε]
513 3419 563 3474 καί
580 3422 670 3474 τωΑ
762 3426 803 3473 11.
827 3439 878 3474 τον
897 3420 946 3491 τε]
969 3418 1020 3474 τοῦ

96 3492 200 3546 τοῦΑ.
274 3497 315 3545 13.
336 3486 384 3564 ὡς]
402 3492 498 3546 καίο.
571 3475 616 3547 24.
635 3488 782 3565 γάρλοω.
802 3490 837 3547 A
