2362 3796
237 136 396 190 scflom
413 139 453 190 m
470 137 750 190 ELEMENTORUM
768 136 910 189 οιοειῑιω
922 139 943 189 1.
1040 135 1108 198 161

72 283 114 347 αί
137 277 201 347 δύο
230 277 362 346 εὐθεῖαι
392 276 570 357 ἐλάσσονες
597 281 657 364 τῆς
688 281 781 363 μιᾶς,
814 280 1002 345 διίστανται
1036 275 1096 346 ἀπ’

71 384 232 472 άλλήλων
256 388 291 452 ολ
310 383 440 468 κύκλοι,
462 385 519 451 καὶ
538 381 616 452 οὐδ’
636 381 741 464 οὕτως
760 389 959 453 συνίσταται
977 384 1016 452 τὸ
1036 392 1107 470 τρί.

71 519 198 578 γωνον,
223 485 298 559 οἷον
322 491 375 559 ἐπὶ
398 493 466 559 τῶν
489 488 719 577 ὑποκειμένων
741 489 876 557 κύκλων
898 487 920 576 ή
944 491 1007 577 μέν
1037 499 1068 557 Λ
1080 498 1108 558 Ζ

72 597 195 667 εὐθεῖα
218 605 274 684 ίση
298 599 390 666 ἐστὶν
411 601 451 686 τῇ
473 605 545 681 ΖΗ,
569 594 589 683 ἡ
615 596 653 664 δὲ
671 603 740 666 ΗΘ
764 605 819 682 λση
838 599 878 684 τῇ
899 603 980 664 HK.
1016 595 1110 672 ὥστε

74 711 198 793 μείζων
215 702 236 790 ή
258 711 331 772 ΖΗ
348 707 417 772 τῶν
436 710 509 788 ΖΕ,
523 710 592 771 ΗΘ
614 707 654 791 τῇ
674 710 750 772 ΕΚ.
788 701 908 770 λοιπὸν
928 702 996 789 άρα
1014 695 1102 770 κατά

43 794 46 801 ¹
73 809 139 897 τήν
163 815 299 878 ἔκθεσιν
320 815 384 878 τοῦ
407 813 621 897 στοιχειωτοῦ
646 814 795 877 ἔστωσαν
815 812 853 877 αί
870 809 934 877 δύο
955 814 1110 895 μείζονες

74 921 134 1004 τῆς
162 921 297 1003 λοιπῆς,
325 920 383 984 ίνα
411 918 444 998 έξ
472 914 621 1003 ἀνάγκης
648 915 705 983 καὶ
734 920 770 983 οί
794 915 912 984 κύκλοι
936 917 1112 1003 τέμνωσιν

71 1020 243 1110 ἀλλήλους
260 1025 316 1091 καὶ
334 1022 373 1091 τὸ
392 1028 559 1109 τρίγωνον
578 1027 740 1112 ουσταθή.
779 1029 892 1109 μεῖζον
912 1024 950 1092 δὲ
969 1021 1113 1109 ὀφείλει·

72 1128 269 1216 γράφεσθαι
291 1128 329 1196 τὸ
356 1134 429 1194 ΖΗ
447 1129 614 1214 διάστημα
637 1132 698 1195 τοῦ
723 1137 800 1213 ΔΖ,
824 1127 862 1196 τὸ
889 1127 927 1196 δὲ
948 1135 1019 1195 ΗΘ
1042 1154 1080 1196 το
1104 1157 1126 1197 v

75 1242 150 1303 ΖΗ
168 1237 224 1303 καὶ
248 1231 266 1302 ὁ
291 1241 396 1302 ΚΛΘ
418 1233 540 1312 κύκλος
563 1240 683 1320 μείζων
705 1238 767 1303 τοῦ
792 1242 910 1304 ΚΑΛ.

145 1346 197 1410 86.
236 1337 309 1408 Ἐπὶ
340 1341 381 1408 τδι
418 1340 639 1427 προβλήματα
674 1340 777 1409 πάλιν
814 1342 1048 1430 μετελήλυθεν

73 1445 303 1535 στοιχειωτής,
333 1451 402 1514 ἔστι
430 1447 468 1514 δὲ
495 1446 532 1514 τὸ
557 1450 733 1535 πρόβλημα
759 1452 826 1517 τῶν
851 1451 1108 1540 διωρισμένων,

76 1551 153 1621 ἀλλ’
179 1551 221 1621 οὐ
243 1556 311 1621 των
334 1550 546 1640 άδιορίστων.
584 1554 644 1621 καὶ
667 1553 732 1640 γάρ
757 1554 814 1621 καὶ
834 1556 888 1620 ἐπὶ
911 1554 1047 1622 τούτων
1071 1558 1111 1621 τὰ

76 1659 142 1746 μέν
166 1661 233 1728 ἐστι
257 1660 474 1746 διωρισμένα,
497 1661 537 1726 τὰ
563 1660 600 1726 δέ
624 1659 817 1745 άδιόριστα.

147 1769 199 1834 87.
226 1764 306 1834 Ἐάν
329 1764 395 1852 γάρ
419 1765 463 1852 μή
489 1758 573 1834 οἷσιν
597 1769 635 1832 αί
656 1763 721 1832 δύο
745 1766 889 1851 πλευραὶ
912 1770 975 1851 τῆς
996 1774 1116 1852 λοιπῆς
1135 1795 1162 1842 ιι

72 1876 223 1960 μείζονες
244 1873 354 1961 πάντη
379 1871 724 1958 μεταλαμβανόμεναι,
749 1869 895 1937 άστατον
921 1876 1028 1939 ἔσται·
1064 1863 1112 1940 οὐ

73 1978 141 2068 γάρ
165 1980 414 2064 συσταθήσεται
437 1978 475 2045 τὸ
499 1983 668 2065 τρίγωνον
688 1979 721 2057 ἐξ
741 1975 889 2045 εὐθειῶν
909 1979 1107 2064 διδομένων

75 2086 177 2154 πέντε
200 2085 257 2151 καὶ
280 2085 377 2152 πέντε
399 2085 456 2152 καί
481 2086 562 2152 δέκα
586 2083 735 2171 πήχεων.

435 2281 492 2346 Ad
515 2304 622 2366 prop.
644 2282 765 2349 XXIII.

158 2403 210 2468 88.
248 2396 327 2469 Ἐάν
359 2405 399 2491 τῇ
433 2401 498 2490 πρὸ
532 2402 655 2490 ταύτης
687 2405 891 2492 χρησαίμεθα
925 2412 1112 2495 κατασκευῇ
1132 2436 1162 2485 2(

82 2503 385 2594 άπαραφυλάκτως,
412 2505 632 2595 εὑρεθήσεται
654 2510 717 2598 μὲν
740 2519 796 2598 ίση
821 2517 943 2598 γωνία,
968 2510 1010 2581 οὐ
1030 2511 1114 2600 πρὸς

81 2616 129 2703 τῷ
149 2614 287 2681 δοθέντι
306 2613 344 2681 δὲ
364 2619 499 2707 σημείῳ,
525 2612 598 2683 ἀλλ’
616 2615 690 2702 ήτοι
709 2616 793 2702 πρὸς
806 2623 852 2709 τῷ
869 2620 974 2710 ἑτέρῳ
996 2621 1113 2704 πέρατι

80 2715 104 2805 ἢ
128 2717 211 2804 πρὸς
232 2722 272 2806 τῇ
296 2724 393 2810 κοινή
417 2724 485 2789 τῶν
510 2723 645 2790 κύκλων
668 2728 762 2810 τομή.
800 2721 846 2790 ἵν’
866 2716 928 2790 οὖν
949 2720 993 2808 μή
1012 2726 1113 2790 τοῦτο

80 2823 256 2912 πάθωμεν,
281 2828 348 2895 αίεδ
369 2825 435 2914 τήν
461 2830 654 2916 ἐκκειμένην
673 2825 813 2894 εὐθεῖαν
831 2833 913 2914 μίαν
931 2831 1002 2896 τῶν
1018 2850 1114 2916 ’περι-

80 2936 230 3018 εχονσῶν
259 2934 432 3019 ποιητέον,
465 2934 527 3021 τήν
556 2933 590 3000 δ’
617 2934 734 3021 ἑτέραν
766 2937 835 3000 τάν
867 2938 1113 3036 περιεχουσῶν,
1131 2960 1162 3012 25

75 3037 165 3122 πρὸς
188 3033 239 3118 οἷς
263 3040 377 3127 μέρεσι
399 3053 504 3108 κεῖται
527 3040 566 3108 τὸ
591 3039 699 3107 δοθὲν
720 3052 877 3126 σημεῖον.
915 3035 933 3106 ὁ
953 3036 1114 3128 Εὔδημος

155 3203 197 3251 86.
217 3197 248 3250 Ρ.
324 3205 366 3252 8⁷.
387 3197 418 3252 B.
494 3204 537 3255 88.
562 3199 647 3254 PVat
674 3199 723 3270 (B,
748 3199 797 3255 sed
817 3200 925 3269 euan.);
954 3195 1052 3271 σχόλια
1076 3199 1118 3260 εἰς

78 3264 118 3321 τά
133 3263 295 3322 Εὐκλείδου
315 3274 441 3336 στοιχεῖα
461 3270 532 3340 βιβλ.
549 3268 582 3323 α’
601 3270 665 3326 Vat.

161 3415 187 3463 3.
206 3411 239 3464 ln
257 3409 349 3491 figura
368 3408 464 3464 Ptocli
480 3429 510 3481 p.
528 3417 582 3465 332
601 3429 653 3501 ppo
673 3432 698 3502 η,
716 3433 736 3482 μ
753 3413 900 3502 ponendae
918 3415 989 3471 aunt
1005 3416 1112 3501 ιριμέ

89 3497 156 3535 eum
176 3479 284 3534 schoho
304 3481 449 3548 congruat.
524 3488 569 3539 23.
594 3483 621 3540 ἵν
657 3504 711 3544 ουν
734 3484 794 3561 pss
810 3486 918 3546 (md.
1052 3510 1112 3601 i

953 3582 999 3633 XX

144 3576 296 3629 Euclides,
315 3579 366 3620 εσσ.
381 3579 489 3634 liesbern
504 3589 528 3630 et
541 3587 638 3644 Mmge.
662 3591 694 3636 V.
