2362 3796
314 124 496 224 fflizmx
515 171 751 222 οοιιοιιοιιοιι
768 172 804 222 11.
1004 166 1069 232 705

54 316 215 400 σμικροῦ,
248 309 332 380 άλλά
361 311 416 379 καὶ
443 314 505 378 τοῦ
534 311 653 397 μέσον,
686 307 770 395 πρὸς
803 307 820 376 ὃ
854 308 891 376 δὲ
918 307 955 377 τὸ
987 306 1071 376 αὐτὸ

54 424 190 505 μείζονα
205 418 309 504 λόγον
327 422 403 505 ἔχει,
422 414 454 484 τί
480 415 702 503 σμικρότατον
718 417 816 501 λέγον
831 415 974 500 μέγεθος
987 413 1071 501 πρὸς

55 526 93 595 τὸ
118 528 237 612 μέσον,
261 527 370 592 έκεῖνο
395 521 532 590 ἔλαττόν
557 523 640 608 έστι,
669 522 818 589 τουτέστι
841 519 878 588 τὸ
903 521 1016 607 μέσον,
1041 525 1072 587 εί

56 633 112 701 καὶ
135 631 174 719 μά
202 624 286 721 ᾖ...
306 632 396 699 έστιν
421 634 487 715 έγει
510 626 575 716 γὰρ
598 626 636 694 τὸ
660 634 681 713 β
704 652 788 715 προς
810 625 847 693 τὸ
872 653 893 712 γ
915 625 975 694 τὸν
998 624 1070 713 ἡμι-

56 740 164 824 όλιον,
187 736 290 824 τυχὸν
315 736 352 805 δὲ
375 735 431 802 καὶ
453 733 514 802 τὸν
538 738 738 802 διπλασίονα
761 732 880 820 λόγον·
911 729 984 800 ἀλλ’
1007 724 1071 799 οὖν
1109 759 1125 806 5

55 842 141 928 πρὸς
162 843 200 911 τὸ
224 848 292 910 τῶν
315 841 428 911 άλλων
451 846 609 930 μέγιστον
632 840 706 927 λ’,τοι
729 843 813 927 πρὸς
831 839 868 907 τὸ
889 867 909 906 α
928 839 1071 924 μέγεθος

56 949 203 1018 ἔλασσόν
227 951 295 1016 ἐστι
317 948 355 1016 τὸ
381 951 493 1037 μέσον.

128 1058 177 1122 12.
215 1051 354 1140 Ἰστέον,
388 1053 440 1123 ὅτι
468 1056 504 1124 τὸ
534 1055 591 1123 καὶ
618 1053 719 1122 άνισα
742 1051 885 1119 δύναται
908 1061 1071 1138 συναριθ-

57 1169 197 1247 μεῖσθαι
212 1160 247 1226 έν
262 1164 306 1252 τῷ
321 1162 461 1252 κειμένῳ
476 1163 532 1229 καί
546 1160 605 1249 μή·
623 1161 679 1228 καλ
694 1159 758 1247 γάρ
774 1156 811 1226 τὸ
827 1159 864 1226 έν
878 1161 1071 1226 διπλασίονι

56 1265 149 1356 λόγῳ
178 1265 318 1333 δύναται
346 1264 386 1334 οὐ
415 1267 522 1354 μόνον
551 1266 604 1336 ἐπὶ
630 1270 698 1334 τῶν
723 1262 870 1350 άνίσων,
903 1260 988 1331 άλλα
1016 1265 1071 1331 καλ
1092 1288 1125 1337 10

57 1371 113 1440 ἐπὶ
136 1374 204 1438 τῶν
229 1379 311 1439 ίσων
333 1373 537 1460 λαμβάνεται
560 1373 821 1460 λαμβανομένου
844 1368 919 1438 τότε
940 1374 1002 1438 τοῦ
1024 1374 1073 1439 θι-

56 1482 240 1556 πλασίονος
262 1475 304 1545 οὐ
325 1479 408 1546 κατὰ
432 1479 493 1547 τίν
516 1480 698 1568 ὑπεροχήν,
723 1477 807 1548 άλλά
827 1508 911 1549 κατα
929 1479 967 1548 τὸ
986 1490 1072 1549 θεω-

56 1592 191 1670 ρεῖσθαι
211 1581 320 1669 μόνον
338 1587 383 1672 τῷ
403 1583 525 1670 μεταξύ
538 1612 570 1652 τι
589 1587 704 1672 ἕτερον
724 1595 800 1655 ίσον
822 1588 972 1672 ἐκείνοις,
997 1581 1072 1655 οἷον

55 1686 99 1757 άν
122 1693 226 1775 τριῶν
250 1693 406 1776 μεγεθῶν
434 1697 519 1758 ίσων
542 1688 699 1777 άλλήλοις
726 1691 809 1779 πρὸς
837 1692 965 1780 άλληλα
987 1703 1073 1762 θεω-

56 1798 235 1885 ροομένων
272 1798 389 1882 φῶμεν
425 1792 462 1863 τὸ
495 1799 631 1883 πρῶτον
667 1795 750 1886 πρὸς
782 1798 820 1867 τὸ
854 1804 993 1888 ἔσχατον
1027 1804 1073 1868 ιλι-
1094 1822 1126 1870 15

55 1908 224 1970 πλασίονα
252 1900 356 1987 λόγον
384 1904 486 1988 ἔχειν,
513 1898 596 1969 κατὰ
624 1900 684 1989 τὴν
710 1903 810 1971 θέσιν
833 1904 941 1993 μόνον
965 1904 1001 1973 τὸ
1027 1910 1073 1974 ιλι-

54 2007 201 2077 πλάσιον
229 2008 380 2094 λέγομεν.
431 2005 554 2095 ὁμοίως
582 2008 620 2076 δὲ
647 2004 710 2078 κάν
738 2016 840 2078 πλείω
873 2013 998 2098 μεγέθη
1033 2012 1074 2079 τὰ

56 2116 280 2201 θεωρούμενα
308 2113 391 2200 πρὸς
417 2112 546 2202 άλληλα
573 2108 672 2201 ὦσιν,
703 2118 742 2183 τὸ
771 2115 969 2203 τριπλάσιον
991 2112 1012 2204 ἢ
1035 2103 1073 2184 τὸ

57 2219 309 2288 πολλαπλάσιον
332 2224 480 2307 νοοῦμεν
503 2223 585 2289 κατά
608 2219 717 2308 μόνην
736 2221 797 2309 τὴν
816 2224 923 2290 θέσιν.
961 2220 1017 2290 ὅτε
1036 2225 1076 2291 δέ

58 2329 146 2393 είσιν
169 2327 209 2393 τά
232 2324 453 2413 θεωρούμενα
476 2327 589 2411 άνισα,
612 2327 688 2394 τότε
711 2324 752 2395 οὐ
775 2326 883 2414 μόνον
905 2326 989 2396 κατὰ
1011 2329 1074 2416 τὴν
1093 2353 1127 2402 20

58 2433 169 2516 θέσιν,
189 2428 274 2499 ἀλλὰ
292 2433 347 2499 καλ
365 2429 447 2499 κατὰ
465 2430 526 2519 τὴν
545 2431 714 2520 ὑπεροχὴν
732 2431 769 2501 τὸ
791 2433 970 2504 διπλάσιον
988 2446 1073 2505 θεω-

59 2550 174 2624 ρεῖται.
210 2537 251 2605 τά
274 2536 359 2607 αὐτὰ
384 2540 425 2607 δέ
444 2565 555 2626 φαμεν
577 2540 634 2608 καὶ
652 2541 710 2607 ’ἐπὶ
732 2544 801 2608 των
823 2542 998 2627 τριγώνων
1017 2544 1073 2610 καὶ

58 2642 112 2710 ἐπὶ
135 2646 203 2711 τῶν
226 2643 351 2714 άλλων·
376 2643 460 2713 ὥστε
482 2645 566 2713 κατὰ
590 2645 651 2732 μὲν
673 2646 714 2713 τά
737 2645 901 2733 πρότερον
925 2649 1073 2735 ρηθέντα

59 2748 113 2815 έπλ
145 2752 213 2816 τῶν
245 2759 328 2819 λσων
362 2750 504 2819 δύναται
536 2750 637 2838 χωρὶς
668 2755 730 2818 τοῦ
763 2749 865 2819 άνισα
897 2752 934 2821 τὸ
963 2753 1073 2838 παρὸν

58 2853 222 2942 θεώρημα
235 2867 380 2942 κεῖσθαι,
394 2854 477 2924 κατά
494 2855 530 2924 δέ
544 2854 604 2925 τὸν
619 2859 653 2942 β’
666 2856 770 2943 λόγον
786 2863 839 2925 δεῖ
849 2869 1073 2946 προσκεῖσθαι
1092 2881 1128 2932 26

58 2958 97 3027 τὸ
121 2962 176 3028 καὶ
201 2959 311 3029 άνισα.

142 3216 184 3264 12.
203 3228 217 3262 r
235 3209 282 3278 (ad
301 3209 349 3278 VI,
369 3213 422 3279 19).

132 3446 174 3495 11.
193 3435 383 3514 λαμβάνεται]
401 3416 455 3498 τοι.
474 3438 712 3518 λαμβάνεσθαι.
792 3449 845 3499 ss.
863 3439 990 3513 ρειὶθϊι
1009 3464 1042 3474 ··
1062 3437 1118 3478 st·

56 3509 177 3580 άλλγλα]
193 3529 277 3580 supra
295 3529 347 3569 εει.
368 3514 430 3572 ead.
450 3532 548 3574 manu.

94 3606 248 3661 Eucliden,
269 3612 321 3656 edd.
337 3616 451 3672 Heiberg
465 3623 491 3664 et
506 3623 609 3677 Menae.
631 3624 666 3668 V·
944 3599 984 3646 ᾖ
