2362 3796
124 133 188 197 152
274 132 430 186 scnom
448 133 487 184 m
504 106 779 183 στωιωατοοου
796 128 936 180 mmmm
949 128 971 182 1.

121 287 213 341 κεῖνο
239 271 423 357 δεικνύναι,
448 269 499 339 ὅτι
523 269 673 338 ἀπὸτοῦ
698 266 803 336 αὐτοῦ
823 270 963 353 σημείου
983 265 1038 334 ὀπὶ
1057 267 1137 352 μίαν

122 379 263 448 εὐθεῖαν
287 377 350 446 δύο
377 376 516 445 κάθετοι
545 374 607 445 οὐκ
634 373 852 462 άχθήσονται.
897 377 1050 440 ἔστωσαν
1070 369 1137 457 γάρ

123 484 190 554 άπὸ
217 487 278 552 τοῦ
306 494 338 552 Λ
366 490 506 571 σημείου
533 482 586 551 ἐπὶ
613 481 676 567 τήν
699 487 766 549 ΒΓ

124 593 186 660 δύο
211 590 349 658 κάθετοι
375 595 413 658 αί
434 597 514 676 ΑΒ,
538 595 611 656 ΑΓ.
657 585 760 674 ὀρθαί

88 696 189 785 σάρα
226 698 312 766 εἰσὶν
349 701 386 764 αί
419 694 485 765 ὑπὸ
515 700 629 780 ΑΒΓ,
663 701 761 762 ΑΓΒ
793 629 861 998 Α

122 810 252 891 γωνίαι.
297 800 369 871 ἀλλ’
396 803 466 872 ἐπεὶ
493 801 662 889 τρίγωνόν
691 803 761 869 ἐστι
862 618 1003 998 h

122 908 160 976 τό
189 916 303 995 ΑΒΓ,
336 907 399 976 δύο
433 906 610 976 ὁποιαιοῦν
641 914 761 993 γωνίαι
1095 958 1131 1016 Γ

124 1013 188 1082 ὀόο
203 1014 321 1104 ὀρθῶν
337 1014 514 1092 ἐλάσσονές
528 1018 623 1081 εἰσιν.
646 1017 684 1081 αί
696 1014 762 1102 ὀίρα

125 1118 190 1189 ὑπὸ
205 1127 315 1205 ΑΒΓ,
330 1126 428 1186 ΑΓΒ
446 1119 501 1186 καί
519 1125 640 1205 γωνίαι
659 1119 722 1188 δύο
743 1120 806 1190 δύο
827 1119 943 1209 ὀρθῶν
958 1119 1139 1202 ἐλάσσονές

73 1251 105 1299 10
125 1232 220 1295 εἰσιν.
258 1223 341 1292 om&
364 1225 419 1292 καὶ
443 1233 513 1291 ίσαι
537 1226 636 1293 δυσίν
660 1224 782 1314 ὀρθαῖς
804 1230 861 1297 διὰ
882 1227 942 1308 τὰς
959 1228 1138 1306 καθάτους·

125 1333 206 1421 ὅπερ
229 1329 409 1399 ὀόάνατον.
446 1327 508 1398 οὐκ
530 1329 595 1418 άρα
619 1330 683 1400 ἆπό
707 1338 768 1401 τοῦ
787 1331 893 1403 αὐτοῦ
913 1339 1049 1421 σημείου
1066 1329 1132 1398 δύο

124 1437 264 1506 κάθετοι
295 1435 505 1524 άχθήσονται
537 1438 590 1504 ἐπὶ
621 1437 684 1525 τήν
717 1437 822 1526 αότήν
852 1437 1003 1508 εὐθεῖαν.
1053 1435 1137 1525 ὅπερ

125 1548 193 1612 ἔδει
217 1546 330 1625 δεῖξαι.

193 1655 243 1719 72.
280 1649 349 1737 Τήν
372 1653 482 1717 αἰτίαν
505 1653 567 1718 τοῦ
589 1651 812 1737 προκειμένου
833 1652 1052 1740 θεωρήματος
1080 1653 1140 1718 (Iv-

72 1781 105 1828 15
125 1756 229 1826 νατόν
252 1761 350 1841 ίόεῑν,
374 1764 465 1844 είπερ
488 1760 535 1835 είς
556 1754 619 1840 τήν
636 1756 768 1841 γένεσιν
788 1754 966 1844 άπίδοιμεν
982 1759 1055 1825 τῶν
1072 1782 1141 1843 τρι·

124 1863 254 1950 γῶνων.
300 1866 331 1930 εί
352 1863 417 1947 γάρ
441 1858 561 1950 εὐθείᾳ
582 1861 650 1927 τινὶ
674 1861 737 1930 δύο
761 1860 892 1931 εόθείαι
918 1860 1003 1946 πρὸς
1030 1859 1142 1949 ὀρθῶς

124 1967 374 2053 άνασταθῶσιν,
398 1971 429 2034 εί
446 1970 500 2033 δεῖ
515 1966 675 2051 γενέσθαι
693 1973 870 2054 τρίγωνον,
890 1972 945 2036 ὀεϊ
956 1976 1142 2036 συννεῦσαι

123 2074 182 2156 τὰς
205 2072 354 2157 εὐθείας,
384 2076 414 2138 εί
438 2071 475 2138 δὲ
503 2071 727 2158 σνννεύσωσι,
755 2073 888 2154 πάντως
915 2072 1141 2142 ἐλαττῶσουσι

123 2178 182 2259 τὰς
205 2178 268 2246 δύο
293 2176 407 2266 ὀρθάς.
906 2178 911 2187 ’

69 2310 106 2358 20
192 2281 249 2351 ὀιόι
268 2285 391 2351 τούτου
408 2286 470 2350 τοῦ
488 2283 705 2370 θεωρήματος
726 2289 906 2372 δείκνυται,
926 2283 977 2354 ὅτι
991 2281 1058 2353 ἀπὸ
1079 2288 1141 2353 τοῦ

124 2388 230 2459 αὐτοῦ
254 2394 392 2475 σημείου
414 2392 453 2477 τή
477 2385 560 2477 αὐτῇ
585 2386 703 2481 εὐθείᾳ
733 2393 795 2459 δύο
822 2390 961 2460 κάθετοι
989 2388 1142 2479 άχθήναι

124 2493 166 2565 οὐ
189 2497 360 2562 δύνανται,

466 2656 521 2721 Ad
544 2679 649 2742 prop.
673 2657 794 2723 XVIII.

193 2782 243 2846 73.
277 2775 345 2845 Διά
373 2777 435 2864 μὲν
463 2769 526 2844 οὖν
553 2782 615 2845 τοῦ
638 2780 667 2845 ἐ’
689 2778 744 2845 καί
771 2782 833 2847 τοῦ
862 2776 1141 2867 ς’,θεωρήμοιτος

70 2908 104 2956 25
124 2883 374 2972 μεμαθήκαμεν,
399 2879 443 2963 ῶς
466 2880 486 2969 ή
509 2887 578 2951 τῶν
601 2888 755 2970 πλευρῶν
780 2882 893 2970 ίσότης
916 2882 969 2970 ἐφ’
996 2882 1142 2955 ἑκάστου

123 2995 190 3059 τῶν
218 2988 392 3077 τριγῶνων
421 2998 495 3067 ίσας
524 2986 678 3058 ἀποτελεῖ
706 2988 765 3070 τὰς
796 2987 862 3058 ὑπὸ
894 2989 1026 3059 τούτων
1058 2993 1141 3061 ὑπο·

123 3098 316 3181 τεινομέυας
333 3100 468 3181 γωνίας,
492 3095 547 3161 καὶ
566 3092 586 3181 ή
606 3100 674 3163 τῶν
692 3100 827 3182 γωνιῶν
846 3095 959 3183 ίσότης
978 3093 1141 3179 ῶσαάτως

122 3199 181 3279 τάς
203 3199 446 3279 ὑποτειυοάσας
470 3198 573 3280 αὐτάς
595 3200 740 3289 πλευρὰς
764 3210 837 3281 ίσας
856 3198 1048 3290 ἀποφαίνει.
1088 3204 1140 3273 ὅτι

195 3349 236 3396 τε,
257 3344 286 3396 Β.
361 3347 403 3396 τε.
422 3342 534 3411 τινος).

122 3435 336 3445 -ψ--ι

192 3471 235 3519 24.
256 3455 321 3536 οὖν]
341 3483 367 3535 q,
388 3483 441 3522 om.
461 3466 494 3523 V.
