2362 3796
98 157 164 222 586
251 158 408 212 ΒΟΗΟΙΚΔ
424 160 463 210 IN
481 158 756 212 ELEMENTORUM
773 158 912 211 LIBRUM
925 159 961 209 X.

165 303 241 368 464.
278 304 349 367 Καί
365 301 455 368 ἐστιν
474 295 520 378 ὡς
532 297 571 367 τὸ
587 296 652 367 ιἰτιό
670 301 792 385 p.358‚
810 301 866 382 14]
887 300 1030 385 ἐδείχθη
1045 297 1123 386 γάρ,

100 403 145 484 ὥς
167 402 188 492 ή
207 410 271 472 ΓΔ
292 403 377 491 πρὸς
396 412 474 490 ΔΒ,
498 402 643 492 οὕτωςή
665 411 732 472 ΖΚ
752 402 835 492 πρὸς
854 410 932 489 ΚΕ,
955 400 1048 472 ἀλλὰ
1066 405 1124 472 καί

100 508 145 591 ὡς
172 511 193 598 ή
218 516 281 579 ΓΔ
308 509 392 598 πρὸς
414 518 497 595 ΔΒ,
530 508 677 598 οὕτωςή
706 517 774 578 ΘΚ
799 508 882 599 πρὸς
905 517 983 579 ΚΕ.
1033 524 1124 599 τρεῖς

102 609 165 685 οὖν
180 614 318 685 εὐθεῖαί
333 621 419 684 εἰσιν
432 613 615 702 ἀνάλογον,
633 615 747 702 πρώτη
767 614 828 702 μὲυ
843 613 863 702 ή
878 621 956 701 ΘΚ,
976 618 1123 704 δευτέρα

66 721 138 800 ςδὲ
165 722 186 810 ή
211 729 292 809 ΚΖ,
324 729 418 812 τρίτη
446 722 467 810 ή
493 729 569 790 ΚΕ.
615 727 706 790 ἔστιν
734 713 799 790 οὖν
827 721 873 801 ὡς
898 722 937 790 τὸ
964 717 1036 790 ἀπὸ
1064 727 1125 809 τής

99 827 232 915 πρώτης
262 831 347 914 τιρδς
376 827 415 897 τὸ
445 828 509 896 ἀπὸ
537 831 596 914 τῆς
623 829 780 915 δευτέρας
812 823 916 913 εἶδος,
954 825 1069 909 οὕτως
1101 830 1122 917 ή

99 933 212 1020 τριίτη
231 932 315 1020 πρὸς
332 933 395 1021 τήν
412 940 540 1023 τρίτην,
557 935 729 1003 τουτέστιν
749 934 794 1013 ὡς
810 931 849 1002 τὸ
868 931 934 1002 ἆτὸ
949 939 1022 1001 ΘΚ
1037 934 1124 1024 πρὸς

99 1037 138 1107 τὸ
161 1037 226 1108 ἄιτὸ
250 1046 327 1126 ΚΖ,
351 1038 457 1120 οὕτως
479 1040 500 1127 ἡ
525 1047 594 1109 ΘΚ
614 1039 699 1129 πρὸς
721 1047 797 1109 ΚΕ.

166 1150 241 1215 465.
270 1144 370 1215 Ὥστε
383 1144 474 1233 καίή
491 1154 557 1214 ΘΕ
568 1174 599 1234 p.
615 1150 690 1233 358,
706 1151 761 1230 17]
778 1148 900 1232 ίστέου,
914 1142 966 1214 ὅτι
980 1151 1124 1235 πρῶτον

49 1278 81 1328 10
100 1251 243 1338 μέγεθός
266 1255 332 1321 ἐστι
357 1253 395 1320 τὸ
415 1258 492 1338 ΘΚ,
516 1252 675 1339 δεύτερον
698 1252 736 1320 τὸ
757 1259 834 1337 ΖΚ,
857 1256 971 1339 τρίτον
995 1251 1036 1320 τὸ
1057 1261 1126 1322 ΘΕ

99 1357 155 1425 καὶ
173 1359 331 1444 τέταρτον
349 1357 386 1426 τὸ
401 1366 479 1426 ΕΚ.
516 1361 651 1446 ἐδείχθη
676 1356 713 1425 δὲ
733 1360 770 1425 ἐν
788 1360 833 1450 τῷ
854 1355 902 1425 ια’
920 1357 1124 1446 θεωρήματι

99 1466 161 1531 τοῦ
179 1469 314 1549 βιβλίου
332 1462 466 1550 τούτου,
489 1462 554 1551 ὅτι,
573 1460 617 1532 διυ
635 1466 779 1553 τέσσαρα
798 1463 924 1550 μεγέθη
943 1460 1124 1551 ἀνάλογον

98 1560 136 1656 ή,
170 1566 207 1636 τὸ
237 1568 274 1637 δὲ
301 1579 436 1656 πρῶτον
463 1574 509 1663 τῷ
538 1572 683 1659 δευτέρῳ
712 1568 903 1657 σύμμετρον
926 1560 963 1658 ᾖ,
998 1570 1059 1637 καὶ
1084 1571 1123 1640 τὸ

99 1681 213 1762 τρίτου
235 1679 280 1767 τῷ
304 1674 448 1767 τετάρτῳ
472 1675 662 1765 σύμμετρον
686 1680 787 1743 ἔσται.
832 1671 916 1743 ὥστε
942 1675 963 1761 ή
990 1683 1062 1744 ΘΕ
1084 1677 1123 1746 τὸ

48 1807 81 1858 15
99 1788 214 1869 τρίτου
237 1784 382 1869 μέγεθος
404 1782 595 1870 σύμμετρόν
619 1785 687 1850 ἐστι
709 1791 756 1874 τῷ
779 1787 848 1848 ΕΚ
868 1791 914 1870 τῷ
936 1781 1104 1875 τετάρτῳ.

165 1892 240 1956 466.
272 1888 368 1976 Ῥητή
390 1887 455 1975 ἄρα
474 1888 544 1956 ἐστὶ
562 1888 617 1955 καί
636 1887 657 1974 ἡ
678 1892 745 1954 ΖΚ
765 1913 795 1974 p.
810 1890 885 1972 360,
900 1889 933 1970 2]
959 1888 1031 1955 ἐπεὶ
1053 1891 1123 1979 γάρ

100 1997 201 2080 ἐστιν,
225 1995 270 2074 ὡς
288 1995 309 2082 ή
325 2001 386 2062 ΓΛ
404 1994 488 2082 πρὸς
506 2002 584 2079 ΔΒ,
605 1992 711 2072 οὕτως
729 1993 750 2080 ή
771 1999 839 2060 ΖΚ
858 1989 940 2081 πρὸς
957 1991 1024 2078 τήν
1038 2001 1123 2082 ΚΕ,

100 2099 240 2181 ἐναλλὰξ
263 2100 343 2187 ἄρα,
367 2100 455 2188 ὡςή
482 2106 549 2167 ΖΚ
570 2097 653 2185 πρὸς
676 2097 738 2185 τήν
761 2104 840 2183 ΓΔ,
869 2095 975 2177 οὕτως
998 2099 1020 2185 ή
1051 2107 1124 2170 ΚΕ

98 2206 183 2294 πρὸς
205 2206 267 2293 τήν
287 2215 364 2275 ΔΒ.
400 2207 483 2294 ῥητή
506 2205 544 2273 δὲ
566 2203 588 2292 ή
610 2207 679 2273 ΚΕ
699 2205 755 2272 καὶ
778 2204 964 2305 σύμμετρος
986 2216 1027 2294 τῇ
1050 2215 1124 2278 ΒΔ

46 2337 81 2388 20
100 2311 208 2398 μήκει·
246 2311 328 2399 ῥητή
358 2309 424 2399 ἄρα
450 2311 506 2379 καὶ
535 2308 556 2397 ή
584 2317 650 2378 ΚΖ
680 2311 736 2377 καὶ
764 2309 951 2398 σύμμετρος
978 2316 1019 2400 τῇ
1051 2320 1125 2384 ΓΔ

99 2445 204 2505 μηκει.

165 2528 240 2591 467.
274 2520 363 2591 Ἐπεὶ
391 2523 456 2611 γὰρ
483 2521 531 2603 ὥς
558 2521 579 2610 ἡ
603 2529 665 2591 ΓΛ
691 2522 775 2613 πρὸς
801 2522 863 2610 τήν
885 2530 969 2608 ΔΒ,
1003 2522 1024 2611 ή
1052 2535 1126 2597 ΖΚ

98 2629 181 2717 πρὸς
202 2627 264 2716 τήν
287 2635 369 2715 ΚΕ,
392 2628 448 2697 τιυὶ
472 2627 612 2711 ἐναλλὰξ
635 2628 680 2709 ὡς
702 2628 723 2717 ἡ
746 2637 815 2698 ΒΔ
837 2629 921 2715 πρὸς
941 2627 1005 2717 τήν
1029 2639 1118 2723 ΚΕ,

99 2733 206 2816 οὕτως
229 2733 249 2822 ἡ
274 2742 337 2803 ΓΛ
359 2735 443 2821 πρὸς
465 2735 528 2821 τήν
551 2745 632 2823 ΚΖ,
661 2734 681 2823 ή
712 2735 749 2804 δὲ
772 2743 840 2804 ΒΔ
861 2739 902 2824 τή
925 2740 996 2803 ΚΕ
1016 2739 1124 2826 μήκει

45 2866 80 2916 25
99 2841 297 2931 σύμμετρος,
319 2843 375 2911 καὶ
398 2839 419 2929 ἡ
444 2848 515 2910 ΔΓ
533 2842 599 2931 ἄρα
620 2847 661 2932 τή
685 2848 751 2909 ΚΖ
773 2840 870 2929 μήκει
893 2840 1100 2933 σύμμετρος.

170 3041 230 3090 464.
250 3035 297 3105 Bq
316 3036 369 3106 (1³²,
388 3037 410 3092 Ε
430 3039 530 3106 eum).
610 3041 671 3091 466.
689 3035 754 3105 V⁸q
768 3035 833 3107 (1³²).
916 3041 978 3090 466.
999 3055 1026 3107 q.

100 3110 161 3160 467.
179 3106 219 3160 V¹
237 3107 348 3175 (eodem
367 3108 498 3178 pertinet,
519 3123 574 3177 quo
594 3126 634 3165 nr.
654 3109 726 3177 466).

98 3226 312 3236 -ῇ

173 3291 196 3337 1.
216 3282 282 3356 γάρ]
304 3285 362 3352 BF,
381 3300 435 3339 om.
456 3304 482 3354 q.
555 3290 580 3338 2.
599 3280 651 3353 τήν
671 3289 723 3338 ΔΒ
743 3301 769 3352 q.
843 3276 1026 3346 οὕτως-6.
1049 3295 1106 3345 ΔΒ

98 3371 153 3413 om⁴
173 3373 200 3426 q.
288 3362 312 3409 3.
332 3354 411 3484 KB,
426 3352 478 3423 τὴν
496 3359 548 3408 ΚΖ
567 3373 593 3424 q.
680 3362 703 3411 6.
724 3353 769 3426 δέ]
790 3371 844 3410 om.
864 3373 890 3424 q.
977 3361 1003 3412 6.
1024 3354 1106 3424 εἶδος

91 3446 147 3486 om,
169 3449 196 3502 q.
286 3434 310 3487 7.
329 3447 397 3486 τυυτ
414 3422 569 3502 ττιυήῆτυι
586 3444 614 3495 q.
691 3424 812 3496 10'10111.
832 3443 860 3493 q.
941 3425 991 3495 τῆς
1011 3429 1075 3484 ΘΚ
1092 3451 1119 3502 q,

122 3509 146 3561 8.
169 3507 224 3580 τῆς
243 3509 303 3563 ΚΖ
323 3524 352 3578 q.
428 3498 482 3574 τὴν
503 3501 561 3557 ΚΕ
578 3517 607 3568 q.
674 3495 925 3563 &Q‘LKYOEQ
