<?xml version="1.0" encoding="UTF-8"?>
<!DOCTYPE html PUBLIC "-//W3C//DTD XHTML 1.0 Transitional//EN"
    "http://www.w3.org/TR/xhtml1/DTD/xhtml1-transitional.dtd">
<html xmlns="http://www.w3.org/1999/xhtml" xml:lang="en" lang="en">
 <head>
  <title>
</title>
<meta http-equiv="Content-Type" content="text/html;charset=utf-8" />
  <meta name='ocr-system' content='tesseract 3.04.00' />
  <meta name='ocr-capabilities' content='ocr_page ocr_carea ocr_par ocr_line ocrx_word'/>
</head>
<body>
  <div class='ocr_page' id='page_1' title='image "./euclidisoperaom02unkngoog_0335.png"; bbox 0 0 2362 3796; ppageno 0'>
   <div class='ocr_carea' id='block_1_1' title="bbox 89 139 941 205">
    <p class='ocr_par' dir='ltr' id='par_1_1' title="bbox 89 139 941 205">
     <span class='ocr_line' id='line_1_1' title="bbox 89 139 941 205; baseline -0.001 -10"><span class='ocrx_word' id='word_1_1' title='bbox 89 139 154 205; x_wconf 79' lang='grc'><strong><em>218</em></strong></span> <span class='ocrx_word' id='word_1_2' title='bbox 238 140 397 193; x_wconf 81' lang='lat' dir='ltr'>SGHOLIA</span> <span class='ocrx_word' id='word_1_3' title='bbox 414 141 453 191; x_wconf 87' lang='lat' dir='ltr'><strong><em>IN</em></strong></span> <span class='ocrx_word' id='word_1_4' title='bbox 471 141 745 192; x_wconf 80' lang='lat' dir='ltr'><strong>ELEMENTORUM</strong></span> <span class='ocrx_word' id='word_1_5' title='bbox 765 142 906 194; x_wconf 83' lang='lat' dir='ltr'><strong>LIBRUM</strong></span> <span class='ocrx_word' id='word_1_6' title='bbox 918 144 941 194; x_wconf 92' lang='lat'><strong><em>1.</em></strong></span> 
     </span>
    </p>
   </div>
   <div class='ocr_carea' id='block_1_2' title="bbox 41 278 1108 1753">
    <p class='ocr_par' dir='ltr' id='par_1_2' title="bbox 89 278 1106 689">
     <span class='ocr_line' id='line_1_2' title="bbox 89 278 1091 369; baseline 0.002 -21"><span class='ocrx_word' id='word_1_7' title='bbox 89 280 265 368; x_wconf 80' lang='grc' dir='ltr'><strong><em>γράμματι.</em></strong></span> <span class='ocrx_word' id='word_1_8' title='bbox 328 280 536 366; x_wconf 78' lang='grc' dir='ltr'><strong><em>Πυθαγόρας</em></strong></span> <span class='ocrx_word' id='word_1_9' title='bbox 574 278 641 349; x_wconf 82' lang='grc' dir='ltr'><strong><em>άπὸ</em></strong></span> <span class='ocrx_word' id='word_1_10' title='bbox 677 285 745 349; x_wconf 89' lang='grc' dir='ltr'><strong><em>τῶν</em></strong></span> <span class='ocrx_word' id='word_1_11' title='bbox 783 285 952 369; x_wconf 74' lang='grc' dir='ltr'><strong><em>περισσῶν</em></strong></span> <span class='ocrx_word' id='word_1_12' title='bbox 983 280 1091 363; x_wconf 88' lang='grc' dir='ltr'><strong><em>οὸτως</em></strong></span> 
     </span>
     <span class='ocr_line' id='line_1_3' title="bbox 90 385 1104 477; baseline 0.002 -23"><span class='ocrx_word' id='word_1_13' title='bbox 90 387 346 468; x_wconf 84' lang='grc' dir='ltr'><strong><em>πολυπλασιάζει</em></strong></span> <span class='ocrx_word' id='word_1_14' title='bbox 365 391 498 474; x_wconf 89' lang='grc' dir='ltr'><strong><em>πρῶτον</em></strong></span> <span class='ocrx_word' id='word_1_15' title='bbox 518 385 600 456; x_wconf 93' lang='grc' dir='ltr'><strong><em>ὅλον</em></strong></span> <span class='ocrx_word' id='word_1_16' title='bbox 618 387 679 456; x_wconf 90' lang='grc' dir='ltr'><strong><em>τὸν</em></strong></span> <span class='ocrx_word' id='word_1_17' title='bbox 696 393 917 476; x_wconf 86' lang='grc' dir='ltr'><strong><em>προκείμενον</em></strong></span> <span class='ocrx_word' id='word_1_18' title='bbox 937 387 1104 477; x_wconf 80' lang='grc' dir='ltr'><strong><em>ἀριθμόν,</em></strong></span> 
     </span>
     <span class='ocr_line' id='line_1_4' title="bbox 90 491 1104 582; baseline 0.002 -22"><span class='ocrx_word' id='word_1_19' title='bbox 90 495 146 561; x_wconf 80' lang='grc' dir='ltr'><strong><em>καὶ</em></strong></span> <span class='ocrx_word' id='word_1_20' title='bbox 169 491 360 580; x_wconf 78' lang='grc' dir='ltr'><strong><em>ἀφαιρεῖται</em></strong></span> <span class='ocrx_word' id='word_1_21' title='bbox 386 494 510 563; x_wconf 82' lang='grc' dir='ltr'><strong><em>τούτου</em></strong></span> <span class='ocrx_word' id='word_1_22' title='bbox 538 494 685 581; x_wconf 93' lang='grc' dir='ltr'><strong><em>μονάδα,</em></strong></span> <span class='ocrx_word' id='word_1_23' title='bbox 716 495 772 562; x_wconf 80' lang='grc' dir='ltr'><strong><em>καὶ</em></strong></span> <span class='ocrx_word' id='word_1_24' title='bbox 798 493 836 563; x_wconf 88' lang='grc' dir='ltr'><strong><em>τὸ</em></strong></span> <span class='ocrx_word' id='word_1_25' title='bbox 863 498 925 562; x_wconf 85' lang='grc' dir='ltr'><strong><em>τοὺ</em></strong></span> <span class='ocrx_word' id='word_1_26' title='bbox 952 492 1104 582; x_wconf 86' lang='grc' dir='ltr'><strong><em>άριθμοὺ</em></strong></span> 
     </span>
     <span class='ocr_line' id='line_1_5' title="bbox 90 598 1106 689; baseline 0.002 -23"><span class='ocrx_word' id='word_1_27' title='bbox 90 599 212 668; x_wconf 82' lang='grc' dir='ltr'><strong><em>τούτου</em></strong></span> <span class='ocrx_word' id='word_1_28' title='bbox 248 598 353 686; x_wconf 79' lang='grc' dir='ltr'><strong><em>ἥμισύ</em></strong></span> <span class='ocrx_word' id='word_1_29' title='bbox 388 602 478 669; x_wconf 77' lang='grc' dir='ltr'><strong><em>ἐστιν</em></strong></span> <span class='ocrx_word' id='word_1_30' title='bbox 515 598 538 681; x_wconf 74' lang='grc' dir='ltr'><strong><em>ὑ</em></strong></span> <span class='ocrx_word' id='word_1_31' title='bbox 573 601 667 689; x_wconf 81' lang='grc' dir='ltr'><strong><em>ἑτέρα</em></strong></span> <span class='ocrx_word' id='word_1_32' title='bbox 704 601 839 689; x_wconf 87' lang='grc' dir='ltr'><strong><em>πλευρά.</em></strong></span> <span class='ocrx_word' id='word_1_33' title='bbox 898 599 969 670; x_wconf 79' lang='grc' dir='ltr'><strong><em>εἶτα</em></strong></span> <span class='ocrx_word' id='word_1_34' title='bbox 1003 620 1106 688; x_wconf 87' lang='grc' dir='ltr'><strong><em>προσ-</em></strong></span> 
     </span>
    </p>

    <p class='ocr_par' dir='ltr' id='par_1_3' title="bbox 56 704 1107 1220">
     <span class='ocr_line' id='line_1_6' title="bbox 56 704 1106 796; baseline -0.003 -18"><span class='ocrx_word' id='word_1_35' title='bbox 56 711 204 792; x_wconf 76' lang='grc' dir='ltr'><strong><em>δτίθησι</em></strong></span> <span class='ocrx_word' id='word_1_36' title='bbox 229 709 273 796; x_wconf 78' lang='grc' dir='ltr'><strong><em>τῷ</em></strong></span> <span class='ocrx_word' id='word_1_37' title='bbox 302 704 412 792; x_wconf 80' lang='grc' dir='ltr'><strong><em>ἡμίσει</em></strong></span> <span class='ocrx_word' id='word_1_38' title='bbox 440 708 587 794; x_wconf 90' lang='grc' dir='ltr'><strong><em>μονάδα,</em></strong></span> <span class='ocrx_word' id='word_1_39' title='bbox 618 712 678 775; x_wconf 92' lang='grc' dir='ltr'><strong><em>καί</em></strong></span> <span class='ocrx_word' id='word_1_40' title='bbox 705 710 796 775; x_wconf 83' lang='grc' dir='ltr'><strong><em>ἐστιν</em></strong></span> <span class='ocrx_word' id='word_1_41' title='bbox 822 704 844 793; x_wconf 79' lang='grc' dir='ltr'><em>ἡ</em></span> <span class='ocrx_word' id='word_1_42' title='bbox 871 706 1106 776; x_wconf 79' lang='grc' dir='ltr'><strong><em>ὑποτείνουσα</em></strong></span> 
     </span>
     <span class='ocr_line' id='line_1_7' title="bbox 92 811 1106 901; baseline 0.001 -22"><span class='ocrx_word' id='word_1_43' title='bbox 92 817 174 880; x_wconf 83' lang='grc' dir='ltr'><strong><em>ἔστω</em></strong></span> <span class='ocrx_word' id='word_1_44' title='bbox 202 811 267 898; x_wconf 87' lang='grc' dir='ltr'><strong><em>γάρ</em></strong></span> <span class='ocrx_word' id='word_1_45' title='bbox 295 819 462 900; x_wconf 90' lang='grc' dir='ltr'><strong><em>τρίγωνον</em></strong></span> <span class='ocrx_word' id='word_1_46' title='bbox 490 813 701 894; x_wconf 69' lang='grc' dir='ltr'><strong><em>άνισοσκελὲς</em></strong></span> <span class='ocrx_word' id='word_1_47' title='bbox 733 818 810 900; x_wconf 84' lang='grc' dir='ltr'><strong><em>ἔχον</em></strong></span> <span class='ocrx_word' id='word_1_48' title='bbox 842 814 904 901; x_wconf 82' lang='grc' dir='ltr'><strong><em>τὴν</em></strong></span> <span class='ocrx_word' id='word_1_49' title='bbox 931 818 1013 899; x_wconf 90' lang='grc' dir='ltr'><strong><em>μίαν</em></strong></span> <span class='ocrx_word' id='word_1_50' title='bbox 1037 817 1106 881; x_wconf 87' lang='grc' dir='ltr'><strong><em>τῶν</em></strong></span> 
     </span>
     <span class='ocr_line' id='line_1_8' title="bbox 91 913 1107 1008; baseline 0.001 -23"><span class='ocrx_word' id='word_1_51' title='bbox 91 923 245 1006; x_wconf 89' lang='grc' dir='ltr'><strong><em>πλευρῶν</em></strong></span> <span class='ocrx_word' id='word_1_52' title='bbox 267 923 297 1005; x_wconf 81' lang='grc' dir='ltr'><strong><em>γ.</em></strong></span> <span class='ocrx_word' id='word_1_53' title='bbox 340 925 479 1006; x_wconf 78' lang='grc' dir='ltr'><strong><em>ζητεῖται</em></strong></span> <span class='ocrx_word' id='word_1_54' title='bbox 504 913 567 988; x_wconf 83' lang='grc' dir='ltr'><strong><em>οὖν</em></strong></span> <span class='ocrx_word' id='word_1_55' title='bbox 590 917 611 1005; x_wconf 80' lang='grc' dir='ltr'><em>ἡ</em></span> <span class='ocrx_word' id='word_1_56' title='bbox 636 921 730 1008; x_wconf 83' lang='grc' dir='ltr'><strong><em>ἑτέρα</em></strong></span> <span class='ocrx_word' id='word_1_57' title='bbox 752 918 879 1008; x_wconf 83' lang='grc' dir='ltr'><strong><em>πλευρά</em></strong></span> <span class='ocrx_word' id='word_1_58' title='bbox 901 919 958 987; x_wconf 80' lang='grc' dir='ltr'><strong><em>καὶ</em></strong></span> <span class='ocrx_word' id='word_1_59' title='bbox 979 917 1000 1005; x_wconf 79' lang='grc' dir='ltr'><em>ἡ</em></span> <span class='ocrx_word' id='word_1_60' title='bbox 1025 917 1107 986; x_wconf 88' lang='grc' dir='ltr'><strong><em>ὑπο-</em></strong></span> 
     </span>
     <span class='ocr_line' id='line_1_9' title="bbox 91 1023 1107 1116; baseline 0 -24"><span class='ocrx_word' id='word_1_61' title='bbox 91 1030 262 1111; x_wconf 83' lang='grc' dir='ltr'><strong><em>τείνουσα,</em></strong></span> <span class='ocrx_word' id='word_1_62' title='bbox 295 1027 351 1093; x_wconf 80' lang='grc' dir='ltr'><strong><em>καὶ</em></strong></span> <span class='ocrx_word' id='word_1_63' title='bbox 378 1024 523 1111; x_wconf 82' lang='grc' dir='ltr'><strong><em>εὑρίσκει</em></strong></span> <span class='ocrx_word' id='word_1_64' title='bbox 551 1023 657 1112; x_wconf 78' lang='grc' dir='ltr'><strong><em>αὑτὴν</em></strong></span> <span class='ocrx_word' id='word_1_65' title='bbox 689 1024 807 1116; x_wconf 84' lang='grc' dir='ltr'><strong><em>οὑτως·</em></strong></span> <span class='ocrx_word' id='word_1_66' title='bbox 849 1024 1107 1106; x_wconf 82' lang='grc' dir='ltr'><strong><em>πολυπλασιάζει</em></strong></span> 
     </span>
     <span class='ocr_line' id='line_1_10' title="bbox 92 1123 1106 1220; baseline 0.001 -22"><span class='ocrx_word' id='word_1_67' title='bbox 92 1130 153 1198; x_wconf 87' lang='grc' dir='ltr'><strong><em>τὸν</em></strong></span> <span class='ocrx_word' id='word_1_68' title='bbox 176 1131 327 1219; x_wconf 87' lang='grc' dir='ltr'><strong><em>άριθμδν</em></strong></span> <span class='ocrx_word' id='word_1_69' title='bbox 350 1130 432 1201; x_wconf 92' lang='grc' dir='ltr'><strong><em>ὅλον</em></strong></span> <span class='ocrx_word' id='word_1_70' title='bbox 455 1131 508 1220; x_wconf 80' lang='grc' dir='ltr'><strong><em>ἐφ’</em></strong></span> <span class='ocrx_word' id='word_1_71' title='bbox 531 1133 653 1201; x_wconf 82' lang='grc' dir='ltr'><strong><em>ἑαυτὸν</em></strong></span> <span class='ocrx_word' id='word_1_72' title='bbox 673 1133 791 1214; x_wconf 87' lang='grc' dir='ltr'><strong><em>οὑτως·</em></strong></span> <span class='ocrx_word' id='word_1_73' title='bbox 814 1133 885 1220; x_wconf 81' lang='grc' dir='ltr'><strong><em>τρίς</em></strong></span> <span class='ocrx_word' id='word_1_74' title='bbox 907 1130 948 1200; x_wconf 86' lang='grc' dir='ltr'><strong><em>τά</em></strong></span> <span class='ocrx_word' id='word_1_75' title='bbox 971 1137 1048 1220; x_wconf 91' lang='grc' dir='ltr'><strong><em>τρία</em></strong></span> <span class='ocrx_word' id='word_1_76' title='bbox 1068 1123 1106 1199; x_wconf 72' lang='grc' dir='ltr'><strong><em>θ·</em></strong></span> 
     </span>
    </p>

    <p class='ocr_par' dir='ltr' id='par_1_4' title="bbox 41 1233 1108 1753">
     <span class='ocr_line' id='line_1_11' title="bbox 41 1233 1108 1327; baseline 0.003 -25"><span class='ocrx_word' id='word_1_77' title='bbox 41 1254 74 1303; x_wconf 85' lang='grc'><strong><em>10</em></strong></span> <span class='ocrx_word' id='word_1_78' title='bbox 93 1233 163 1304; x_wconf 84' lang='grc' dir='ltr'><strong><em>εἶτα</em></strong></span> <span class='ocrx_word' id='word_1_79' title='bbox 181 1233 422 1324; x_wconf 79' lang='grc' dir='ltr'><strong><em>ἀφαιρεθείσης</em></strong></span> <span class='ocrx_word' id='word_1_80' title='bbox 439 1239 589 1326; x_wconf 77' lang='grc' dir='ltr'><strong><em>μονάδος</em></strong></span> <span class='ocrx_word' id='word_1_81' title='bbox 607 1242 831 1327; x_wconf 79' lang='grc' dir='ltr'><strong><em>έναπελείφθη</em></strong></span> <span class='ocrx_word' id='word_1_82' title='bbox 855 1236 874 1307; x_wconf 87' lang='grc' dir='ltr'><strong><em>ὅ</em></strong></span> <span class='ocrx_word' id='word_1_83' title='bbox 898 1235 984 1306; x_wconf 88' lang='grc' dir='ltr'><strong><em>ὅκτῶ</em></strong></span> <span class='ocrx_word' id='word_1_84' title='bbox 1009 1236 1108 1326; x_wconf 82' lang='grc' dir='ltr'><strong><em>άριθ-</em></strong></span> 
     </span>
     <span class='ocr_line' id='line_1_12' title="bbox 93 1341 1104 1433; baseline 0.002 -24"><span class='ocrx_word' id='word_1_85' title='bbox 93 1341 170 1428; x_wconf 87' lang='grc' dir='ltr'><strong><em>μός,</em></strong></span> <span class='ocrx_word' id='word_1_86' title='bbox 210 1343 265 1410; x_wconf 83' lang='grc' dir='ltr'><strong><em>καὶ</em></strong></span> <span class='ocrx_word' id='word_1_87' title='bbox 301 1344 425 1412; x_wconf 79' lang='grc' dir='ltr'><strong><em>τούτου</em></strong></span> <span class='ocrx_word' id='word_1_88' title='bbox 452 1343 490 1412; x_wconf 89' lang='grc' dir='ltr'><strong><em>τὸ</em></strong></span> <span class='ocrx_word' id='word_1_89' title='bbox 526 1343 630 1432; x_wconf 81' lang='grc' dir='ltr'><strong><em>ἥμισύ</em></strong></span> <span class='ocrx_word' id='word_1_90' title='bbox 663 1349 753 1414; x_wconf 80' lang='grc' dir='ltr'><strong><em>ἐστιν</em></strong></span> <span class='ocrx_word' id='word_1_91' title='bbox 789 1344 809 1433; x_wconf 81' lang='grc' dir='ltr'><em>ἡ</em></span> <span class='ocrx_word' id='word_1_92' title='bbox 844 1346 939 1432; x_wconf 81' lang='grc' dir='ltr'><strong><em>ἑτέρα</em></strong></span> <span class='ocrx_word' id='word_1_93' title='bbox 971 1342 1104 1430; x_wconf 87' lang='grc' dir='ltr'><strong><em>πλευρά,</em></strong></span> 
     </span>
     <span class='ocr_line' id='line_1_13' title="bbox 93 1447 1103 1543; baseline 0.002 -28"><span class='ocrx_word' id='word_1_94' title='bbox 93 1454 295 1536; x_wconf 89' lang='grc' dir='ltr'><strong><em>προστίθησι</em></strong></span> <span class='ocrx_word' id='word_1_95' title='bbox 319 1449 357 1516; x_wconf 77' lang='grc' dir='ltr'><strong><em>δὲ</em></strong></span> <span class='ocrx_word' id='word_1_96' title='bbox 374 1450 430 1516; x_wconf 83' lang='grc' dir='ltr'><strong><em>καὶ</em></strong></span> <span class='ocrx_word' id='word_1_97' title='bbox 447 1453 492 1542; x_wconf 75' lang='grc' dir='ltr'><strong><em>τῷ</em></strong></span> <span class='ocrx_word' id='word_1_98' title='bbox 512 1448 622 1536; x_wconf 77' lang='grc' dir='ltr'><strong><em>ἡμίσει</em></strong></span> <span class='ocrx_word' id='word_1_99' title='bbox 640 1451 747 1543; x_wconf 77' lang='grc' dir='ltr'><strong><em>τούτῳ</em></strong></span> <span class='ocrx_word' id='word_1_100' title='bbox 767 1450 909 1538; x_wconf 90' lang='grc' dir='ltr'><strong><em>μονάδα,</em></strong></span> <span class='ocrx_word' id='word_1_101' title='bbox 931 1452 988 1520; x_wconf 82' lang='grc' dir='ltr'><strong><em>καὶ</em></strong></span> <span class='ocrx_word' id='word_1_102' title='bbox 1004 1447 1103 1517; x_wconf 84' lang='grc' dir='ltr'><strong><em>τοῦτό</em></strong></span> 
     </span>
     <span class='ocr_line' id='line_1_14' title="bbox 94 1551 1108 1645; baseline -0.002 -21"><span class='ocrx_word' id='word_1_103' title='bbox 94 1558 184 1624; x_wconf 78' lang='grc' dir='ltr'><strong><em>ἐστιν</em></strong></span> <span class='ocrx_word' id='word_1_104' title='bbox 212 1552 232 1641; x_wconf 81' lang='grc' dir='ltr'><em>ἡ</em></span> <span class='ocrx_word' id='word_1_105' title='bbox 261 1551 484 1624; x_wconf 78' lang='grc' dir='ltr'><strong><em>ὑποτείνουσα</em></strong></span> <span class='ocrx_word' id='word_1_106' title='bbox 510 1555 585 1643; x_wconf 75' lang='grc' dir='ltr'><strong><em>ἤτοι</em></strong></span> <span class='ocrx_word' id='word_1_107' title='bbox 610 1569 637 1624; x_wconf 74' lang='grc' dir='ltr'><strong><em>ἓ.</em></strong></span> <span class='ocrx_word' id='word_1_108' title='bbox 687 1562 855 1626; x_wconf 87' lang='grc' dir='ltr'><strong><em>δείκνυται</em></strong></span> <span class='ocrx_word' id='word_1_109' title='bbox 882 1559 920 1626; x_wconf 86' lang='grc' dir='ltr'><strong><em>τὸ</em></strong></span> <span class='ocrx_word' id='word_1_110' title='bbox 946 1555 1108 1645; x_wconf 80' lang='grc' dir='ltr'><strong><em>θεῶρημα</em></strong></span> 
     </span>
     <span class='ocr_line' id='line_1_15' title="bbox 95 1659 652 1753; baseline 0.005 -24"><span class='ocrx_word' id='word_1_111' title='bbox 95 1659 200 1741; x_wconf 82' lang='grc' dir='ltr'><strong><em>οὑτως</em></strong></span> <span class='ocrx_word' id='word_1_112' title='bbox 223 1659 267 1742; x_wconf 83' lang='grc' dir='ltr'><strong><em>ῶς</em></strong></span> <span class='ocrx_word' id='word_1_113' title='bbox 290 1663 326 1729; x_wconf 83' lang='grc' dir='ltr'><strong><em>έν</em></strong></span> <span class='ocrx_word' id='word_1_114' title='bbox 349 1665 395 1753; x_wconf 79' lang='grc' dir='ltr'><strong><em>τῶ</em></strong></span> <span class='ocrx_word' id='word_1_115' title='bbox 419 1663 652 1750; x_wconf 89' lang='grc' dir='ltr'><strong><em>διαγράμματι.</em></strong></span> 
     </span>
    </p>
   </div>
   <div class='ocr_carea' id='block_1_3' title="bbox 43 1842 1114 3427">
    <p class='ocr_par' dir='ltr' id='par_1_5' title="bbox 43 1842 779 1937">
     <span class='ocr_line' id='line_1_16' title="bbox 43 1842 779 1937; baseline 0.004 -31"><span class='ocrx_word' id='word_1_116' title='bbox 43 1889 76 1937; x_wconf 68' lang='lat'><strong><em>15</em></strong></span> <span class='ocrx_word' id='word_1_117' title='bbox 422 1843 478 1907; x_wconf 88' lang='lat' dir='ltr'><strong><em>Ad</em></strong></span> <span class='ocrx_word' id='word_1_118' title='bbox 500 1865 606 1928; x_wconf 87' lang='lat' dir='ltr'><strong>prop.</strong></span> <span class='ocrx_word' id='word_1_119' title='bbox 629 1842 779 1909; x_wconf 83' lang='lat' dir='ltr'>XLVIII.</span> 
     </span>
    </p>

    <p class='ocr_par' dir='ltr' id='par_1_6' title="bbox 95 1961 1110 2369">
     <span class='ocr_line' id='line_1_17' title="bbox 163 1961 1110 2055; baseline 0.003 -26"><span class='ocrx_word' id='word_1_120' title='bbox 163 1966 236 2032; x_wconf 80' lang='lat'>157.</span> <span class='ocrx_word' id='word_1_121' title='bbox 273 1962 317 2031; x_wconf 89' lang='grc' dir='ltr'><strong><em>Τδ</em></strong></span> <span class='ocrx_word' id='word_1_122' title='bbox 342 1961 400 2049; x_wconf 88' lang='grc' dir='ltr'><strong><em>μη’</em></strong></span> <span class='ocrx_word' id='word_1_123' title='bbox 424 1962 585 2050; x_wconf 80' lang='grc' dir='ltr'><strong><em>θεώρημα</em></strong></span> <span class='ocrx_word' id='word_1_124' title='bbox 609 1961 820 2050; x_wconf 81' lang='grc' dir='ltr'><strong><em>ἀντιστρέφει</em></strong></span> <span class='ocrx_word' id='word_1_125' title='bbox 843 1968 889 2055; x_wconf 78' lang='grc' dir='ltr'><strong><em>τῷ</em></strong></span> <span class='ocrx_word' id='word_1_126' title='bbox 912 1962 977 2051; x_wconf 90' lang='grc' dir='ltr'><strong><em>πρὸ</em></strong></span> <span class='ocrx_word' id='word_1_127' title='bbox 1002 1961 1110 2032; x_wconf 82' lang='grc' dir='ltr'><strong><em>αὑτοῦ</em></strong></span> 
     </span>
     <span class='ocr_line' id='line_1_18' title="bbox 97 2066 1110 2157; baseline 0.002 -22"><span class='ocrx_word' id='word_1_128' title='bbox 97 2068 177 2136; x_wconf 92' lang='grc' dir='ltr'><strong><em>ὅλον</em></strong></span> <span class='ocrx_word' id='word_1_129' title='bbox 195 2066 277 2156; x_wconf 86' lang='grc' dir='ltr'><strong><em>πρὸς</em></strong></span> <span class='ocrx_word' id='word_1_130' title='bbox 297 2067 387 2136; x_wconf 92' lang='grc' dir='ltr'><strong><em>ὅλον.</em></strong></span> <span class='ocrx_word' id='word_1_131' title='bbox 421 2073 451 2136; x_wconf 86' lang='grc' dir='ltr'><strong><em>εί</em></strong></span> <span class='ocrx_word' id='word_1_132' title='bbox 468 2068 532 2155; x_wconf 86' lang='grc' dir='ltr'><strong><em>γάρ</em></strong></span> <span class='ocrx_word' id='word_1_133' title='bbox 552 2069 767 2157; x_wconf 86' lang='grc' dir='ltr'><strong><em>ὀρθογῶνιόν</em></strong></span> <span class='ocrx_word' id='word_1_134' title='bbox 785 2072 854 2137; x_wconf 81' lang='grc' dir='ltr'><strong><em>ἐστι</em></strong></span> <span class='ocrx_word' id='word_1_135' title='bbox 872 2068 910 2138; x_wconf 86' lang='grc' dir='ltr'><strong><em>τὸ</em></strong></span> <span class='ocrx_word' id='word_1_136' title='bbox 929 2075 1110 2156; x_wconf 90' lang='grc' dir='ltr'><strong><em>τρίγωνον,</em></strong></span> 
     </span>
     <span class='ocr_line' id='line_1_19' title="bbox 95 2164 1110 2263; baseline 0.003 -24"><span class='ocrx_word' id='word_1_137' title='bbox 95 2172 132 2240; x_wconf 88' lang='grc' dir='ltr'><strong><em>τὸ</em></strong></span> <span class='ocrx_word' id='word_1_138' title='bbox 162 2170 227 2240; x_wconf 87' lang='grc' dir='ltr'><strong><em>άπὸ</em></strong></span> <span class='ocrx_word' id='word_1_139' title='bbox 255 2178 314 2257; x_wconf 81' lang='grc' dir='ltr'><strong><em>της</em></strong></span> <span class='ocrx_word' id='word_1_140' title='bbox 340 2164 582 2261; x_wconf 81' lang='grc' dir='ltr'><strong><em>ὑποτεινούσης</em></strong></span> <span class='ocrx_word' id='word_1_141' title='bbox 608 2179 753 2263; x_wconf 86' lang='grc' dir='ltr'><strong><em>πλευράς</em></strong></span> <span class='ocrx_word' id='word_1_142' title='bbox 780 2175 992 2263; x_wconf 88' lang='grc' dir='ltr'><strong><em>τετράγωνον</em></strong></span> <span class='ocrx_word' id='word_1_143' title='bbox 1018 2177 1110 2261; x_wconf 90' lang='grc' dir='ltr'><strong><em>γινό-</em></strong></span> 
     </span>
     <span class='ocr_line' id='line_1_20' title="bbox 96 2279 1110 2369; baseline 0.003 -24"><span class='ocrx_word' id='word_1_144' title='bbox 96 2305 200 2364; x_wconf 88' lang='grc' dir='ltr'><strong><em>μενον</em></strong></span> <span class='ocrx_word' id='word_1_145' title='bbox 224 2287 299 2346; x_wconf 86' lang='grc' dir='ltr'><strong><em>ίσον</em></strong></span> <span class='ocrx_word' id='word_1_146' title='bbox 323 2279 392 2346; x_wconf 85' lang='grc' dir='ltr'><strong><em>ἐστὶ</em></strong></span> <span class='ocrx_word' id='word_1_147' title='bbox 414 2293 484 2358; x_wconf 77' lang='grc' dir='ltr'><strong><em>τοῖς</em></strong></span> <span class='ocrx_word' id='word_1_148' title='bbox 506 2279 571 2347; x_wconf 88' lang='grc' dir='ltr'><strong><em>άπὸ</em></strong></span> <span class='ocrx_word' id='word_1_149' title='bbox 595 2285 664 2349; x_wconf 91' lang='grc' dir='ltr'><strong><em>τῶν</em></strong></span> <span class='ocrx_word' id='word_1_150' title='bbox 686 2284 814 2350; x_wconf 90' lang='grc' dir='ltr'><strong><em>λοιπῶν</em></strong></span> <span class='ocrx_word' id='word_1_151' title='bbox 837 2284 992 2369; x_wconf 89' lang='grc' dir='ltr'><strong><em>πλευρῶν</em></strong></span> <span class='ocrx_word' id='word_1_152' title='bbox 1018 2307 1110 2367; x_wconf 92' lang='grc' dir='ltr'><strong><em>γινο-</em></strong></span> 
     </span>
    </p>

    <p class='ocr_par' dir='ltr' id='par_1_7' title="bbox 43 2383 1111 2897">
     <span class='ocr_line' id='line_1_21' title="bbox 43 2383 1110 2474; baseline 0.004 -24"><span class='ocrx_word' id='word_1_153' title='bbox 43 2416 79 2465; x_wconf 76' lang='lat'><strong><em>20</em></strong></span> <span class='ocrx_word' id='word_1_154' title='bbox 98 2385 211 2470; x_wconf 81' lang='grc' dir='ltr'><strong><em>μένοις</em></strong></span> <span class='ocrx_word' id='word_1_155' title='bbox 232 2384 453 2469; x_wconf 77' lang='grc' dir='ltr'><strong><em>τετραγώνοις</em></strong></span> <span class='ocrx_word' id='word_1_156' title='bbox 470 2400 540 2466; x_wconf 81' lang='grc' dir='ltr'><strong><em>τοῖς</em></strong></span> <span class='ocrx_word' id='word_1_157' title='bbox 559 2388 637 2454; x_wconf 81' lang='grc' dir='ltr'><strong><em>δυσὶ</em></strong></span> <span class='ocrx_word' id='word_1_158' title='bbox 654 2386 691 2456; x_wconf 87' lang='grc' dir='ltr'><strong><em>τὸ</em></strong></span> <span class='ocrx_word' id='word_1_159' title='bbox 712 2389 760 2474; x_wconf 85' lang='grc' dir='ltr'><strong><em>έν,</em></strong></span> <span class='ocrx_word' id='word_1_160' title='bbox 784 2388 840 2456; x_wconf 79' lang='grc' dir='ltr'><strong><em>καὶ</em></strong></span> <span class='ocrx_word' id='word_1_161' title='bbox 860 2392 890 2456; x_wconf 89' lang='grc' dir='ltr'><strong><em>εί</em></strong></span> <span class='ocrx_word' id='word_1_162' title='bbox 907 2386 946 2456; x_wconf 90' lang='grc' dir='ltr'><strong><em>τὸ</em></strong></span> <span class='ocrx_word' id='word_1_163' title='bbox 966 2383 1032 2455; x_wconf 86' lang='grc' dir='ltr'><strong><em>άπὸ</em></strong></span> <span class='ocrx_word' id='word_1_164' title='bbox 1051 2390 1110 2472; x_wconf 80' lang='grc' dir='ltr'><strong><em>τῆς</em></strong></span> 
     </span>
     <span class='ocr_line' id='line_1_22' title="bbox 96 2487 1110 2581; baseline 0.003 -26"><span class='ocrx_word' id='word_1_165' title='bbox 96 2487 338 2576; x_wconf 81' lang='grc' dir='ltr'><strong><em>ὑποτεινούσης</em></strong></span> <span class='ocrx_word' id='word_1_166' title='bbox 355 2496 501 2579; x_wconf 86' lang='grc' dir='ltr'><strong><em>πλευράς</em></strong></span> <span class='ocrx_word' id='word_1_167' title='bbox 518 2493 701 2580; x_wconf 88' lang='grc' dir='ltr'><strong><em>γινόμενον</em></strong></span> <span class='ocrx_word' id='word_1_168' title='bbox 719 2492 930 2581; x_wconf 88' lang='grc' dir='ltr'><strong><em>τετράγωνον</em></strong></span> <span class='ocrx_word' id='word_1_169' title='bbox 949 2500 1026 2560; x_wconf 89' lang='grc' dir='ltr'><strong><em>ίσον</em></strong></span> <span class='ocrx_word' id='word_1_170' title='bbox 1041 2492 1110 2561; x_wconf 79' lang='grc' dir='ltr'><strong><em>ἐστὶ</em></strong></span> 
     </span>
     <span class='ocr_line' id='line_1_23' title="bbox 97 2592 1111 2687; baseline 0.002 -25"><span class='ocrx_word' id='word_1_171' title='bbox 97 2609 168 2674; x_wconf 83' lang='grc' dir='ltr'><strong><em>τοῖς</em></strong></span> <span class='ocrx_word' id='word_1_172' title='bbox 193 2592 258 2663; x_wconf 87' lang='grc' dir='ltr'><strong><em>άπὸ</em></strong></span> <span class='ocrx_word' id='word_1_173' title='bbox 286 2600 353 2666; x_wconf 88' lang='grc' dir='ltr'><strong><em>τῶν</em></strong></span> <span class='ocrx_word' id='word_1_174' title='bbox 381 2602 510 2666; x_wconf 89' lang='grc' dir='ltr'><strong><em>λοιπῶν</em></strong></span> <span class='ocrx_word' id='word_1_175' title='bbox 538 2599 601 2667; x_wconf 88' lang='grc' dir='ltr'><strong><em>δάο</em></strong></span> <span class='ocrx_word' id='word_1_176' title='bbox 628 2604 784 2687; x_wconf 90' lang='grc' dir='ltr'><strong><em>πλευρῶν</em></strong></span> <span class='ocrx_word' id='word_1_177' title='bbox 812 2599 1004 2687; x_wconf 82' lang='grc' dir='ltr'><strong><em>γινομένοις</em></strong></span> <span class='ocrx_word' id='word_1_178' title='bbox 1031 2596 1111 2665; x_wconf 79' lang='grc' dir='ltr'><strong><em>δυσὶ</em></strong></span> 
     </span>
     <span class='ocr_line' id='line_1_24' title="bbox 97 2700 1111 2793; baseline 0.002 -25"><span class='ocrx_word' id='word_1_179' title='bbox 97 2700 327 2790; x_wconf 78' lang='grc' dir='ltr'><strong><em>τετραγώνοις,</em></strong></span> <span class='ocrx_word' id='word_1_180' title='bbox 346 2701 560 2790; x_wconf 85' lang='grc' dir='ltr'><strong><em>ὀρθογῶυιόν</em></strong></span> <span class='ocrx_word' id='word_1_181' title='bbox 580 2704 703 2773; x_wconf 73' lang='grc' dir='ltr'><strong><em>ἔστιτὸ</em></strong></span> <span class='ocrx_word' id='word_1_182' title='bbox 723 2710 889 2793; x_wconf 91' lang='grc' dir='ltr'><strong><em>τρίγωνον</em></strong></span> <span class='ocrx_word' id='word_1_183' title='bbox 903 2703 1015 2793; x_wconf 78' lang='grc' dir='ltr'><strong><em>ὀρθὴν</em></strong></span> <span class='ocrx_word' id='word_1_184' title='bbox 1034 2707 1111 2790; x_wconf 78' lang='grc' dir='ltr'><strong><em>ἔχου</em></strong></span> 
     </span>
     <span class='ocr_line' id='line_1_25' title="bbox 97 2805 1111 2897; baseline 0.003 -24"><span class='ocrx_word' id='word_1_185' title='bbox 97 2805 159 2894; x_wconf 76' lang='grc' dir='ltr'><strong><em>τὴν</em></strong></span> <span class='ocrx_word' id='word_1_186' title='bbox 182 2806 247 2876; x_wconf 86' lang='grc' dir='ltr'><strong><em>ὑπὸ</em></strong></span> <span class='ocrx_word' id='word_1_187' title='bbox 271 2814 339 2878; x_wconf 92' lang='grc' dir='ltr'><strong><em>τῶν</em></strong></span> <span class='ocrx_word' id='word_1_188' title='bbox 367 2814 495 2879; x_wconf 89' lang='grc' dir='ltr'><strong><em>λοιπῶν</em></strong></span> <span class='ocrx_word' id='word_1_189' title='bbox 522 2812 769 2897; x_wconf 81' lang='grc' dir='ltr'><strong><em>περιεχομένην.</em></strong></span> <span class='ocrx_word' id='word_1_190' title='bbox 815 2809 893 2897; x_wconf 82' lang='grc' dir='ltr'><strong><em>άχρι</em></strong></span> <span class='ocrx_word' id='word_1_191' title='bbox 923 2810 961 2879; x_wconf 70' lang='grc' dir='ltr'><strong><em>δὲ</em></strong></span> <span class='ocrx_word' id='word_1_192' title='bbox 987 2807 1111 2878; x_wconf 83' lang='grc' dir='ltr'><strong><em>τούτου</em></strong></span> 
     </span>
    </p>

    <p class='ocr_par' dir='ltr' id='par_1_8' title="bbox 46 2911 1114 3427">
     <span class='ocr_line' id='line_1_26' title="bbox 46 2911 1111 3004; baseline 0.003 -24"><span class='ocrx_word' id='word_1_193' title='bbox 46 2945 79 2994; x_wconf 77' lang='lat'><strong><em>26</em></strong></span> <span class='ocrx_word' id='word_1_194' title='bbox 97 2911 134 2981; x_wconf 89' lang='grc' dir='ltr'><strong><em>τὸ</em></strong></span> <span class='ocrx_word' id='word_1_195' title='bbox 159 2917 292 3001; x_wconf 91' lang='grc' dir='ltr'><strong><em>πρῶτον</em></strong></span> <span class='ocrx_word' id='word_1_196' title='bbox 315 2921 447 3002; x_wconf 82' lang='grc' dir='ltr'><strong><em>βιβλίον</em></strong></span> <span class='ocrx_word' id='word_1_197' title='bbox 472 2913 490 2984; x_wconf 87' lang='grc' dir='ltr'><strong><em>ὅ</em></strong></span> <span class='ocrx_word' id='word_1_198' title='bbox 515 2914 725 3003; x_wconf 81' lang='grc' dir='ltr'><strong><em>στοιχειωτὴς</em></strong></span> <span class='ocrx_word' id='word_1_199' title='bbox 749 2915 985 3004; x_wconf 79' lang='grc' dir='ltr'><strong><em>συνεπλήρωσε</em></strong></span> <span class='ocrx_word' id='word_1_200' title='bbox 1004 2914 1111 2984; x_wconf 78' lang='grc' dir='ltr'><strong><em>πολλά</em></strong></span> 
     </span>
     <span class='ocr_line' id='line_1_27' title="bbox 99 3019 1112 3110; baseline 0.002 -24"><span class='ocrx_word' id='word_1_201' title='bbox 99 3023 171 3106; x_wconf 89' lang='grc' dir='ltr'><strong><em>είδη</em></strong></span> <span class='ocrx_word' id='word_1_202' title='bbox 191 3019 425 3108; x_wconf 84' lang='grc' dir='ltr'><strong><em>άντιστροφῶν</em></strong></span> <span class='ocrx_word' id='word_1_203' title='bbox 444 3020 616 3107; x_wconf 83' lang='grc' dir='ltr'><strong><em>παραδοὺς</em></strong></span> <span class='ocrx_word' id='word_1_204' title='bbox 634 3019 728 3109; x_wconf 76' lang='grc' dir='ltr'><strong><em>ἡμῖν·</em></strong></span> <span class='ocrx_word' id='word_1_205' title='bbox 752 3020 953 3110; x_wconf 75' lang='grc' dir='ltr'><strong><em>άντέστρεψε</em></strong></span> <span class='ocrx_word' id='word_1_206' title='bbox 970 3021 1037 3110; x_wconf 83' lang='grc' dir='ltr'><strong><em>γάρ</em></strong></span> <span class='ocrx_word' id='word_1_207' title='bbox 1056 3021 1112 3089; x_wconf 77' lang='grc' dir='ltr'><strong><em>καὶ</em></strong></span> 
     </span>
     <span class='ocr_line' id='line_1_28' title="bbox 100 3121 1111 3217; baseline 0.005 -26"><span class='ocrx_word' id='word_1_208' title='bbox 100 3121 161 3192; x_wconf 91' lang='grc' dir='ltr'><strong><em>ὅλα</em></strong></span> <span class='ocrx_word' id='word_1_209' title='bbox 184 3123 266 3213; x_wconf 88' lang='grc' dir='ltr'><strong><em>πρὸς</em></strong></span> <span class='ocrx_word' id='word_1_210' title='bbox 290 3125 352 3195; x_wconf 93' lang='grc' dir='ltr'><strong><em>ὅλα</em></strong></span> <span class='ocrx_word' id='word_1_211' title='bbox 375 3129 431 3195; x_wconf 83' lang='grc' dir='ltr'><strong><em>καὶ</em></strong></span> <span class='ocrx_word' id='word_1_212' title='bbox 454 3126 516 3196; x_wconf 91' lang='grc' dir='ltr'><strong><em>ὅλα</em></strong></span> <span class='ocrx_word' id='word_1_213' title='bbox 538 3127 622 3215; x_wconf 87' lang='grc' dir='ltr'><strong><em>πρὸς</em></strong></span> <span class='ocrx_word' id='word_1_214' title='bbox 644 3130 726 3216; x_wconf 87' lang='grc' dir='ltr'><strong><em>μέρη</em></strong></span> <span class='ocrx_word' id='word_1_215' title='bbox 750 3130 806 3196; x_wconf 79' lang='grc' dir='ltr'><strong><em>καί</em></strong></span> <span class='ocrx_word' id='word_1_216' title='bbox 825 3130 908 3217; x_wconf 87' lang='grc' dir='ltr'><strong><em>μέρη</em></strong></span> <span class='ocrx_word' id='word_1_217' title='bbox 927 3126 1011 3216; x_wconf 87' lang='grc' dir='ltr'><strong><em>πρὸς</em></strong></span> <span class='ocrx_word' id='word_1_218' title='bbox 1029 3128 1111 3215; x_wconf 86' lang='grc' dir='ltr'><strong><em>μέρη</em></strong></span> 
     </span>
     <span class='ocr_line' id='line_1_29' title="bbox 98 3231 1113 3322; baseline 0.005 -26"><span class='ocrx_word' id='word_1_219' title='bbox 98 3231 340 3317; x_wconf 71' lang='grc' dir='ltr'><strong><em>θεωρημάτων·</em></strong></span> <span class='ocrx_word' id='word_1_220' title='bbox 373 3234 501 3320; x_wconf 82' lang='grc' dir='ltr'><strong><em>πολλήν</em></strong></span> <span class='ocrx_word' id='word_1_221' title='bbox 525 3259 560 3301; x_wconf 88' lang='grc' dir='ltr'><strong><em>τε</em></strong></span> <span class='ocrx_word' id='word_1_222' title='bbox 582 3239 751 3302; x_wconf 86' lang='grc' dir='ltr'><strong><em>ποικιλίαν</em></strong></span> <span class='ocrx_word' id='word_1_223' title='bbox 774 3235 1019 3322; x_wconf 84' lang='grc' dir='ltr'><strong><em>προβλημάτων</em></strong></span> <span class='ocrx_word' id='word_1_224' title='bbox 1044 3236 1113 3302; x_wconf 82' lang='grc' dir='ltr'><strong><em>ἐπι-</em></strong></span> 
     </span>
     <span class='ocr_line' id='line_1_30' title="bbox 99 3334 1114 3427; baseline 0.005 -26"><span class='ocrx_word' id='word_1_225' title='bbox 99 3334 236 3420; x_wconf 83' lang='grc' dir='ltr'><strong><em>νοήσας·</em></strong></span> <span class='ocrx_word' id='word_1_226' title='bbox 259 3337 397 3425; x_wconf 80' lang='grc' dir='ltr'><strong><em>καὶγὰρ</em></strong></span> <span class='ocrx_word' id='word_1_227' title='bbox 416 3337 562 3406; x_wconf 86' lang='grc' dir='ltr'><strong><em>εὐθειῶν</em></strong></span> <span class='ocrx_word' id='word_1_228' title='bbox 580 3338 682 3426; x_wconf 84' lang='grc' dir='ltr'><strong><em>τομάς</em></strong></span> <span class='ocrx_word' id='word_1_229' title='bbox 702 3341 758 3407; x_wconf 80' lang='grc' dir='ltr'><strong><em>καὶ</em></strong></span> <span class='ocrx_word' id='word_1_230' title='bbox 777 3350 912 3427; x_wconf 84' lang='grc' dir='ltr'><strong><em>γωνιῶν</em></strong></span> <span class='ocrx_word' id='word_1_231' title='bbox 930 3340 986 3407; x_wconf 80' lang='grc' dir='ltr'><strong><em>καὶ</em></strong></span> <span class='ocrx_word' id='word_1_232' title='bbox 1000 3340 1114 3418; x_wconf 85' lang='grc' dir='ltr'><strong><em>θέσεις</em></strong></span> 
     </span>
    </p>
   </div>
   <div class='ocr_carea' id='block_1_4' title="bbox 100 3442 313 3453">
    <p class='ocr_par' dir='ltr' id='par_1_9' title="bbox 100 3442 313 3453">
     <span class='ocr_line' id='line_1_31' title="bbox 100 3442 313 3453; baseline 0.009 -2"><span class='ocrx_word' id='word_1_233' title='bbox 100 3442 313 3453; x_wconf 77' lang='grc' dir='ltr'><strong><em>-ι---..</em></strong></span> 
     </span>
    </p>
   </div>
   <div class='ocr_carea' id='block_1_5' title="bbox 165 3475 362 3550">
    <p class='ocr_par' dir='ltr' id='par_1_10' title="bbox 165 3475 362 3550">
     <span class='ocr_line' id='line_1_32' title="bbox 165 3475 362 3550; baseline 0.046 -24"><span class='ocrx_word' id='word_1_234' title='bbox 165 3479 226 3531; x_wconf 79' lang='grc'><strong><em>167.</em></strong></span> <span class='ocrx_word' id='word_1_235' title='bbox 250 3475 362 3550; x_wconf 74' lang='lat' dir='ltr'><strong><em>V³(fq).</em></strong></span> 
     </span>
    </p>
   </div>
   <div class='ocr_carea' id='block_1_6' title="bbox 64 3552 87 3582">
    <p class='ocr_par' dir='ltr' id='par_1_11' title="bbox 64 3552 87 3582">
     <span class='ocr_line' id='line_1_33' title="bbox 64 3552 87 3582; baseline 0 0"><span class='ocrx_word' id='word_1_236' title='bbox 64 3552 87 3582; x_wconf 65' lang='lat' dir='ltr'>h</span> 
     </span>
    </p>
   </div>
   <div class='ocr_carea' id='block_1_7' title="bbox 0 0 1197 3796">
    <p class='ocr_par' dir='ltr' id='par_1_12' title="bbox 0 0 1197 3796">
     <span class='ocr_line' id='line_1_34' title="bbox 0 0 1197 3796; baseline 0 0"><span class='ocrx_word' id='word_1_237' title='bbox 0 0 1197 3796; x_wconf 95' lang='lat' dir='ltr'><strong><em> </em></strong></span> 
     </span>
    </p>
   </div>
  </div>
 </body>
</html>
