2362 3796
119 148 186 214 432
272 148 429 201 scflom
446 149 486 201 m
503 147 776 202 ELEMENTORUM
793 146 933 199 mmm
946 146 985 203 X.

120 289 262 377 δυνάμει
289 289 398 376 μόνον
417 315 468 357 :ev
491 288 573 375 μέση
602 289 730 374 λέγεται
758 284 876 356 εὔθετα
903 285 925 374 ἡ
960 290 1138 376 δυναμένη

120 403 245 484 χωρίον
269 395 485 484 ὀρδοχῶνιον
509 393 748 482 περιεχόμενον
770 390 837 462 ὑπὸ
854 388 1007 463 εὐθειῶν
1027 396 1140 484 ῥητῶν

121 503 263 590 δυνάμει
286 501 395 589 μόνον
414 500 624 588 συμμέτρων·
647 500 703 568 καὶ
722 498 849 586 ἄλοχόν
867 501 948 569 ἐστι.
985 509 1092 571 ιιαλετ
1107 503 1140 572 δέ

118 608 180 697 τὴν
194 608 389 695 δυναμένην
406 605 445 676 τὸ
463 606 703 694 περιεχόμενον
721 604 788 676 ὑπὸ
805 601 974 676 τοιούτων
989 604 1140 679 εὐθειῶν

83 744 100 793 15
119 718 224 802 μέσην
249 714 305 782 διὰ
328 714 366 783 τὸ
390 712 428 783 τὸ
452 709 510 780 ἄπ’
532 710 634 800 αὐτῆς
651 712 865 801 τετράγωνον
884 720 964 782 ἴσον
983 710 1082 783 εἶναι
1099 719 1139 810 τῷ

118 823 341 911 περιεχομένῳ
355 817 421 888 ὑπὸ
441 824 509 888 τῶν
529 820 593 887 δύο
612 818 758 888 εὐθειῶν
772 819 828 888 καὶ
842 820 950 906 μέσην
964 820 1140 909 άνάλοχον

120 925 226 1014 αὐτὴν
240 932 397 1013 γίνεσθαι
411 929 479 994 τῶν
495 924 558 994 δύο
573 924 727 995 εὐθειῶν.
760 952 812 994 :ev
826 925 941 994 ἐκδύο
957 924 1140 1016 ὀνομάτων

119 1034 237 1102 εὐθεῖα
259 1035 399 1118 λέγεται,
425 1031 496 1118 ἣτις
513 1031 569 1099 καὶ
587 1029 710 1118 άλοχός
733 1033 813 1118 ἐστι,
835 1029 856 1118 ἡ
877 1035 1090 1124 συγκειμένη
1109 1038 1139 1106 έν

120 1143 182 1207 δύο
207 1134 353 1207 εὐθειῶν
375 1139 486 1224 ῥητῶν
511 1136 652 1224 δυνάμει
670 1137 779 1225 μόνον
797 1137 1012 1226 συμμέτρων.
1051 1150 1141 1211 καλεῖ

67 1272 101 1322 10
120 1245 157 1312 δέ
181 1246 216 1312 ἐκ
240 1244 303 1313 δύο
327 1240 504 1330 ὀνομάτων
527 1242 584 1311 διὰ
607 1242 646 1312 τὸ
665 1245 701 1312 ἐκ
722 1241 785 1312 δύο
804 1245 914 1332 ῥητῶν
933 1257 1137 1332 συγκεῖσθαι

120 1349 262 1436 δυνάμει
281 1349 399 1437 μόνον,
419 1346 464 1430 ῶς
482 1357 619 1436 εἴρηται,
638 1350 847 1437 συμμέτρων,
866 1354 938 1418 ἔστι
960 1350 1003 1421 δὲ
1022 1353 1135 1443 κύριον

120 1453 226 1542 ὄνομα
249 1456 287 1524 τὸ
312 1456 415 1544 ῥητὸν
437 1453 525 1524 καθὸ
549 1455 694 1543 ῥητόνὲ)

523 1723 580 1788 Ad
603 1723 673 1789 def.
699 1727 727 1789 l.

190 1849 239 1915 10.
265 1839 348 1914 Οἷον
363 1847 417 1914 ἐπὶ
431 1843 676 1932 ὑποδείγματος
690 1848 721 1913 εἰ
734 1841 902 1931 εὖρεδῶσι
915 1846 982 1916 δύο
998 1852 1139 1938 μεγέθη,

69 1978 102 2028 15
120 1955 177 2020 ἵνα
199 1951 237 2019 τὸ
263 1951 325 2039 μέν
348 1957 406 2040 ἔχη
426 1949 596 2039 σπιθαμὰς
613 1955 655 2037 ιἐ,
678 1949 717 2020 τὸ
738 1951 775 2019 δὲ
792 1955 824 2036 ιἰ,
847 1950 1027 2043 σύμμετρα
1053 1962 1138 2027 ἔσται

119 2058 160 2126 τά
183 2059 324 2146 μεγέθη·
348 2054 522 2147 άμφότερα
543 2056 609 2144 γάρ
632 2067 678 2148 τῷ
700 2068 719 2126 ε
740 2058 847 2147 μέτρῳ
871 2063 1093 2148 μετροῦνται.

190 2169 239 2232 11.
278 2157 362 2231 Οἷον
388 2160 633 2251 ὑποδείμματος
659 2163 759 2252 χάριν
786 2163 845 2231 ἐὰν
872 2159 1050 2250 εὑρεθῶσι
1081 2168 1137 2239 δύο

120 2271 257 2356 μεγέθη,
280 2269 336 2335 καὶ
359 2267 396 2336 τὸ
421 2269 483 2356 μέν
506 2276 557 2355 εἴη
581 2273 762 2357 σπιθαμῶν
787 2270 865 2337 δέκα
887 2269 944 2337 καὶ
964 2273 1082 2363 πέντε,
1104 2273 1137 2343 τὸ

120 2374 158 2443 δὲ
182 2382 286 2442 εἴκοσι
310 2373 348 2460 ἥ,
381 2378 412 2443 εἰ
437 2375 568 2461 βούλει,
602 2384 706 2444 εἴκοσι
733 2378 789 2445 καὶ
815 2377 928 2464 πέντε,
963 2379 1137 2471 σύμμετρα

193 2574 218 2637 1)
233 2568 264 2622 In
275 2576 306 2638 q⁰
321 2568 447 2637 sequitur
455 2586 535 2638 prop.
545 2568 658 2624 LXXIII
667 2571 723 2662 upl.
735 2570 774 2626 111
783 2590 810 2641 p.
821 2574 882 2640 224,
893 2575 963 2626 6-8
975 2574 1137 2645 (καλεῖται),

119 2639 1138 2794 {ffkffissffklssssssf242..300<;‘.“²533“?.13.⁹33&{15333’33221

120 2801 199 2851 χεται
224 2779 261 2845 ῶς
284 2778 466 2864 άντιιιειμένη
489 2784 523 2852 τῇ
548 2783 663 2853 μείζονι.
700 2787 761 2839 tum
781 2782 838 2838 aha
856 2782 981 2854 scholm,
1005 2804 1036 2843 u.
1056 2787 1138 2845 infra.

120 2854 193 2907 Ante
211 2857 339 2908 nostrum
358 2855 496 2909 schohum
515 2871 557 2907 nr.
577 2859 593 2909 9
611 2853 699 2910 habet
718 2860 749 2922 q⁰
768 2853 831 2910 deff.
844 2858 914 2908 1-3
933 2871 1000 2910 cum
1022 2860 1138 2916 seholiis

120 2943 161 2978 nr.
182 2930 213 2978 11
225 2941 265 2992 sq.
285 2924 344 2993 (ubi
361 2923 439 2994 uid.).

193 3108 235 3156 10.
255 3100 367 3172 Vssvq(
392 3104 411 3171 ).
486 3107 526 3155 11.
547 3107 585 3170 ηε.

191 3286 216 3333 3.
241 3275 335 3348 μόνων
354 3296 380 3346 q.
460 3285 484 3334 ὅ.
508 3275 540 3332 τὸ
559 3275 605 3349 τό]
623 3275 655 3333 τό
675 3295 701 3346 q.
784 3284 826 3334 14.
850 3277 891 3350 εἰ]
912 3295 967 3334 om.
987 3299 1021 3351 q,
1049 3280 1091 3350 &e
1109 3282 1141 3343 ἐν

120 3345 260 3404 ὑποδέσει
278 3348 311 3403 V.
386 3353 428 3405 15.
450 3353 471 3402 ιῖ
489 3347 645 3420 σύμμετρα]
665 3348 702 3417 A,
721 3354 778 3403 W
795 3368 870 3421 μετρ.
884 3368 936 3420 vq,
956 3349 1062 3425 ἕτερον
1081 3376 1141 3414 οτα-

117 3416 217 3489 δαμάς
235 3423 253 3472 Ξ
272 3417 416 3490 σύμμετρα
433 3419 467 3474 V.
552 3417 642 3490 ἔσται]
662 3437 715 3475 om.
735 3421 768 3477 V.
847 3428 888 3476 16.
907 3422 945 3495 τῷ
966 3425 1097 3494 μεγέθει
1115 3446 1140 3498 q.

62 3498 70 3581 χ
146 3490 224 3549 κατά
242 3489 275 3550 τὸ
298 3491 436 3566 ἑμέτρον
457 3491 491 3549 V.
