2362 3796
238 138 394 192 seflom
412 141 451 193 IN
469 141 743 192 ELEMENTORUM
761 143 900 194 LIBRUM
912 143 935 195 I.
1022 140 1086 205 207

142 281 217 347 140.
241 275 341 347 Ὀταν
359 278 421 366 μὲν
440 277 575 358 εὐθείας
590 281 776 366 ἐκκειμένης
789 277 827 349 τὸ
843 281 948 350 δοθὲν
962 288 1088 370 χωρίον

75 381 164 474 πάση
178 393 220 473 τῇ
234 381 352 475 εὐθείᾳ
365 390 644 474 συμπαρατείνης,
658 384 732 453 τότε
742 385 968 472 παραβάλλειν
979 390 1086 458 ἐκεῖνο

74 491 110 559 τύ
132 494 259 579 χωρίον
286 496 408 579 φασίν,
438 489 519 559 ὅταν
547 490 585 559 δέ
612 497 725 578 μεῖζον
751 490 892 580 ποιήσῃς
918 491 956 562 τὸ
985 497 1087 580 μῆκος

73 600 275 686 τοῦχωρίου
287 606 347 684 τῆς
365 594 512 682 εὐθείας,
530 594 764 686 ὑπερβάλλειν,
784 595 865 666 ὅταν
884 598 923 667 δέ
941 603 1087 685 ἔλαττον,

74 703 253 787 ἐλλείπειν,
275 701 332 769 καὶ
354 704 423 770 τών
445 708 646 770 τελευταίων
667 702 798 772 τούτων
821 704 858 772 ἐν
880 707 926 794 τῷ
951 702 983 775 ς’
1007 729 1087 790 μνη-
1124 723 1140 771 ο

74 805 210 897 μονεύει
219 812 350 899 βιβλίῳ,
364 804 552 896 ὑπερβολῆς
565 809 621 877 καὶ
635 811 819 892 ἐλλείψεως.
837 814 1087 897 Πυθαγορείων

74 912 111 983 δέ
133 916 239 983 ταῦτα
261 913 483 1002 ἐφευρήματα.

430 1111 487 1175 Ad
510 1133 613 1196 prop.
636 1111 734 1178 XLV.

167 1235 240 1299 141.
280 1231 325 1300 Τὸ
349 1231 403 1319 με’
425 1230 603 1318 πρόβλημα
628 1232 899 1319 καθολικώτερον
927 1236 995 1303 ἐστι
1017 1238 1086 1304 τών

74 1335 137 1406 δύο
170 1336 432 1424 προβλημάτων,
465 1340 502 1405 ἐν
530 1330 581 1416 οἷς
608 1334 805 1425 εὑρίσκομεν
833 1337 894 1423 τήν
924 1339 1086 1408 σύστασιν
1107 1358 1139 1406 10

73 1442 132 1511 καὶ
158 1438 220 1528 τήν
247 1440 443 1528 παραβολήν
471 1446 540 1510 τών
571 1451 654 1511 ἴσων
683 1447 730 1534 τῷ
763 1447 901 1513 δοθέντι
933 1445 1086 1536 τριγώνῳ

72 1548 440 1636 παραλληλογράμμων.
463 1558 528 1617 εἴτε
542 1547 605 1634 γάρ
620 1555 787 1637 τρίγωνον
801 1557 866 1619 εἴτε
875 1551 1087 1637 τετράγωνον

70 1649 95 1742 ή
123 1652 210 1733 ὅλως
235 1652 480 1742 τετράπλευρον
508 1662 573 1721 εἴτε
600 1651 681 1721 ύλλο
710 1682 742 1721 τι
769 1655 1004 1742 πολύπλευρον
1035 1664 1085 1739 εἴη

72 1760 276 1847 δεδομένον,
309 1758 366 1827 διὰ
397 1760 520 1829 τούτου
546 1765 609 1829 τοῦ
636 1760 870 1848 προβλήματος
897 1769 973 1828 ίσον
996 1762 1085 1852 αὐτῷ

71 1865 426 1954 παραλληλόγραμμον
440 1865 657 1953 συστήσομεν.
680 1870 748 1935 πᾶν
762 1865 827 1953 γάρ
842 1865 1085 1954 εὐθύγραμμον
1106 1882 1139 1932 15

71 1970 155 2043 καθ’
180 1970 262 2042 αὐτὸ
291 1977 339 2051 είς
365 1979 512 2059 τρίγωνα
541 1971 720 2039 διαλύεται.
767 1969 996 2051 άναλύσαντες
1023 1965 1085 2040 οὐν

73 2078 113 2150 τὸ
133 2077 239 2149 δοθὲν
258 2076 500 2166 εὐθύγραμμον
520 2083 567 2156 είς
584 2083 731 2165 τρίγωνα
749 2078 805 2145 καλ
825 2078 875 2147 ἑνὶ
894 2076 956 2164 μὲν
974 2076 1086 2148 αὐτῶν

75 2195 152 2255 ίσον
173 2184 524 2273 παραλληλόγραμμον
547 2185 781 2271 συστήσαντες,
803 2198 873 2265 τοῖς
897 2184 935 2253 δέ
957 2193 1087 2266 λοιποῖς

71 2291 164 2381 παρὰ
195 2290 258 2377 τήν
290 2296 453 2359 δοθεῖσαν
489 2290 629 2359 εὐθεῖαν
666 2299 722 2358 ίσα
758 2290 1087 2379 παραλληλόγραμμα

73 2396 313 2483 λαμβάνοντες,
337 2394 415 2484 παρ’
436 2393 479 2483 ήν
502 2397 557 2464 καλ
575 2395 638 2482 τήν
660 2397 855 2484 παραβολήν
875 2397 1086 2486 ἐποιήσαμεν,
1105 2414 1140 2462 20

76 2503 196 2589 ἕξομεν
221 2498 258 2569 τὸ
287 2505 322 2571 ἐκ
349 2501 481 2570 τούτων
502 2502 851 2590 παραλληλόγραμμον
879 2513 955 2572 ἴσον
977 2509 1024 2597 τῷ
1052 2508 1085 2585 ἐξ

76 2610 215 2677 ἐκείνων
236 2612 305 2676 τών
327 2608 501 2696 τριγώνων
524 2620 592 2676 τῶν
614 2607 873 2697 εὐθυγράμμων.
909 2607 974 2678 κάν
994 2610 1086 2678 δεκά-

73 2720 222 2801 πλευρον
244 2708 266 2800 ή
289 2711 327 2781 τὸ
352 2710 610 2802 εὐθύγραμμον,
638 2718 686 2792 είς
713 2712 798 2781 ὀκτώ
829 2720 976 2801 τρίγωνα
1003 2712 1085 2782 αὐτὸ

73 2816 303 2906 άναλύσομεν,
341 2819 391 2887 ἑνί
425 2819 461 2887 δὲ
493 2818 622 2886 τούτων
656 2827 730 2886 ἴσον
764 2817 973 2905 συστήσομεν
1005 2841 1086 2904 παρ-

73 2923 373 3012 αλληλόγραμμον,
413 2924 468 2992 καλ
506 2924 585 2992 ἑπτὰ
618 2921 888 3010 παραβάλλοντες
925 2931 980 2991 ίσα
1015 2937 1087 3003 τοϊς
1105 2944 1140 2993 25

148 3107 208 3155 140.
228 3100 391 3168 PBFVat.;
412 3099 452 3164 εἰς
469 3099 502 3156 τὸ
521 3097 571 3170 μεθ’
590 3099 680 3154 Fvat.
755 3105 814 3154 141.
833 3100 863 3154 Ρ.

147 3267 173 3315 2.
192 3261 427 3383 ουμῃαραῦείνεις
445 3260 476 3314 Ρ.
549 3266 573 3314 ὅ.
594 3254 733 3350 ἐκλείπειν
754 3259 810 3384 ΒέΡ.
869 3257 1035 3348 ’τελευτέων
1055 3259 1085 3313 Ρ.

111 3332 966 3474 ίίίύἷῖιζᾞῖίιι’ουἷι.Πυθῗίῗῖἷλῖἶοηύγρίίίὲίμίῗῗ]
987 3330 1088 3471 οἴαξι

71 3492 100 3543 q,
120 3488 175 3526 om.
194 3471 228 3527 V.
