<?xml version="1.0" encoding="UTF-8"?>
<!DOCTYPE html PUBLIC "-//W3C//DTD XHTML 1.0 Transitional//EN"
    "http://www.w3.org/TR/xhtml1/DTD/xhtml1-transitional.dtd">
<html xmlns="http://www.w3.org/1999/xhtml" xml:lang="en" lang="en">
 <head>
  <title>
</title>
<meta http-equiv="Content-Type" content="text/html;charset=utf-8" />
  <meta name='ocr-system' content='tesseract 3.04.00' />
  <meta name='ocr-capabilities' content='ocr_page ocr_carea ocr_par ocr_line ocrx_word'/>
</head>
<body>
  <div class='ocr_page' id='page_1' title='image "./euclidisoperaom02unkngoog_0338.png"; bbox 0 0 2362 3796; ppageno 0'>
   <div class='ocr_carea' id='block_1_1' title="bbox 438 989 721 1062">
    <p class='ocr_par' dir='ltr' id='par_1_1' title="bbox 438 989 721 1062">
     <span class='ocr_line' id='line_1_1' title="bbox 438 989 721 1062; baseline 0.004 -1"><span class='ocrx_word' id='word_1_1' title='bbox 438 990 483 1061; x_wconf 90' lang='lat' dir='ltr'><strong><em>In</em></strong></span> <span class='ocrx_word' id='word_1_2' title='bbox 509 989 649 1061; x_wconf 89' lang='lat' dir='ltr'>librum</span> <span class='ocrx_word' id='word_1_3' title='bbox 675 989 721 1062; x_wconf 89' lang='grc' dir='ltr'><strong><em>Π.</em></strong></span> 
     </span>
    </p>
   </div>
   <div class='ocr_carea' id='block_1_2' title="bbox 72 1138 1086 1338">
    <p class='ocr_par' dir='ltr' id='par_1_2' title="bbox 72 1138 1086 1338">
     <span class='ocr_line' id='line_1_2' title="bbox 144 1138 1085 1232; baseline -0.003 -20"><span class='ocrx_word' id='word_1_4' title='bbox 144 1151 172 1212; x_wconf 92' lang='grc'><strong><em>1.</em></strong></span> <span class='ocrx_word' id='word_1_5' title='bbox 207 1141 254 1211; x_wconf 87' lang='grc' dir='ltr'><strong><em>Τὸ</em></strong></span> <span class='ocrx_word' id='word_1_6' title='bbox 278 1150 412 1231; x_wconf 75' lang='grc' dir='ltr'><strong><em>βιβλίον</em></strong></span> <span class='ocrx_word' id='word_1_7' title='bbox 429 1147 530 1212; x_wconf 83' lang='grc' dir='ltr'><strong><em>τοῦτο</em></strong></span> <span class='ocrx_word' id='word_1_8' title='bbox 549 1142 713 1232; x_wconf 81' lang='grc' dir='ltr'><strong><em>χρήσιμον</em></strong></span> <span class='ocrx_word' id='word_1_9' title='bbox 733 1146 780 1222; x_wconf 80' lang='grc' dir='ltr'><strong><em>είς</em></strong></span> <span class='ocrx_word' id='word_1_10' title='bbox 797 1143 913 1210; x_wconf 85' lang='grc' dir='ltr'><strong><em>πολλοί.</em></strong></span> <span class='ocrx_word' id='word_1_11' title='bbox 947 1138 1085 1229; x_wconf 80' lang='grc' dir='ltr'><strong><em>καὶγὰρ</em></strong></span> 
     </span>
     <span class='ocr_line' id='line_1_3' title="bbox 72 1246 1086 1338; baseline -0.004 -19"><span class='ocrx_word' id='word_1_12' title='bbox 72 1248 158 1338; x_wconf 86' lang='grc' dir='ltr'><strong><em>πρὸς</em></strong></span> <span class='ocrx_word' id='word_1_13' title='bbox 176 1255 436 1337; x_wconf 85' lang='grc' dir='ltr'><strong><em>στερεωμετρίαν</em></strong></span> <span class='ocrx_word' id='word_1_14' title='bbox 454 1250 510 1316; x_wconf 82' lang='grc' dir='ltr'><strong><em>καὶ</em></strong></span> <span class='ocrx_word' id='word_1_15' title='bbox 523 1246 586 1334; x_wconf 80' lang='grc' dir='ltr'><strong><em>τὴν</em></strong></span> <span class='ocrx_word' id='word_1_16' title='bbox 599 1253 667 1317; x_wconf 79' lang='grc' dir='ltr'><strong><em>τῶν</em></strong></span> <span class='ocrx_word' id='word_1_17' title='bbox 682 1249 848 1316; x_wconf 75' lang='grc' dir='ltr'><strong><em>ἐπιπέδων</em></strong></span> <span class='ocrx_word' id='word_1_18' title='bbox 863 1246 1086 1334; x_wconf 80' lang='grc' dir='ltr'><strong><em>συμβάλλεται</em></strong></span> 
     </span>
    </p>
   </div>
   <div class='ocr_carea' id='block_1_3' title="bbox 72 1457 1122 1972">
    <p class='ocr_par' dir='ltr' id='par_1_3' title="bbox 72 1457 1122 1972">
     <span class='ocr_line' id='line_1_4' title="bbox 72 1457 1085 1551; baseline -0.006 -19"><span class='ocrx_word' id='word_1_19' title='bbox 72 1472 124 1542; x_wconf 78' lang='grc' dir='ltr'><strong><em>είς</em></strong></span> <span class='ocrx_word' id='word_1_20' title='bbox 136 1488 172 1529; x_wconf 92' lang='grc' dir='ltr'><strong><em>τε</em></strong></span> <span class='ocrx_word' id='word_1_21' title='bbox 185 1460 252 1550; x_wconf 80' lang='grc' dir='ltr'><strong><em>μὴν</em></strong></span> <span class='ocrx_word' id='word_1_22' title='bbox 264 1460 492 1551; x_wconf 78' lang='grc' dir='ltr'><strong><em>ἀστρονομίαν</em></strong></span> <span class='ocrx_word' id='word_1_23' title='bbox 506 1461 568 1530; x_wconf 83' lang='grc' dir='ltr'><strong><em>οὐκ</em></strong></span> <span class='ocrx_word' id='word_1_24' title='bbox 587 1460 684 1546; x_wconf 88' lang='grc' dir='ltr'><strong><em>ὀλίγα</em></strong></span> <span class='ocrx_word' id='word_1_25' title='bbox 700 1459 934 1546; x_wconf 81' lang='grc' dir='ltr'><strong><em>συμβάλλεται·</em></strong></span> <span class='ocrx_word' id='word_1_26' title='bbox 959 1457 1085 1526; x_wconf 87' lang='grc' dir='ltr'><strong><em>σκοπὸν</em></strong></span> 
     </span>
     <span class='ocr_line' id='line_1_5' title="bbox 74 1564 1122 1654; baseline -0.003 -18"><span class='ocrx_word' id='word_1_27' title='bbox 74 1567 115 1636; x_wconf 71' lang='grc' dir='ltr'><strong><em>δὲ</em></strong></span> <span class='ocrx_word' id='word_1_28' title='bbox 133 1572 199 1654; x_wconf 77' lang='grc' dir='ltr'><strong><em>ἔχει</em></strong></span> <span class='ocrx_word' id='word_1_29' title='bbox 216 1565 362 1637; x_wconf 73' lang='grc' dir='ltr'><strong><em>εὐθειῶν</em></strong></span> <span class='ocrx_word' id='word_1_30' title='bbox 376 1564 574 1654; x_wconf 78' lang='grc' dir='ltr'><strong><em>ἀναγραφὰς</em></strong></span> <span class='ocrx_word' id='word_1_31' title='bbox 586 1567 642 1633; x_wconf 80' lang='grc' dir='ltr'><strong><em>καὶ</em></strong></span> <span class='ocrx_word' id='word_1_32' title='bbox 655 1575 724 1634; x_wconf 77' lang='grc' dir='ltr'><strong><em>τῶν</em></strong></span> <span class='ocrx_word' id='word_1_33' title='bbox 738 1569 850 1652; x_wconf 67' lang='grc' dir='ltr'><strong><em>μεροῖν</em></strong></span> <span class='ocrx_word' id='word_1_34' title='bbox 863 1567 1086 1652; x_wconf 77' lang='grc' dir='ltr'><strong><em>παραδοῦναι,</em></strong></span> <span class='ocrx_word' id='word_1_35' title='bbox 1106 1584 1122 1633; x_wconf 82' lang='lat'><strong>5</strong></span> 
     </span>
     <span class='ocr_line' id='line_1_6' title="bbox 73 1665 1086 1762; baseline -0.007 -19"><span class='ocrx_word' id='word_1_36' title='bbox 73 1671 137 1762; x_wconf 80' lang='grc' dir='ltr'><strong><em>ἀφ’</em></strong></span> <span class='ocrx_word' id='word_1_37' title='bbox 163 1665 212 1743; x_wconf 76' lang='grc' dir='ltr'><strong><em>ὦν</em></strong></span> <span class='ocrx_word' id='word_1_38' title='bbox 239 1672 357 1759; x_wconf 79' lang='grc' dir='ltr'><strong><em>ἄλογοι</em></strong></span> <span class='ocrx_word' id='word_1_39' title='bbox 384 1674 483 1761; x_wconf 80' lang='grc' dir='ltr'><strong><em>τομαὶ</em></strong></span> <span class='ocrx_word' id='word_1_40' title='bbox 508 1670 718 1759; x_wconf 79' lang='grc' dir='ltr'><strong><em>φανήσονται</em></strong></span> <span class='ocrx_word' id='word_1_41' title='bbox 742 1669 895 1739; x_wconf 80' lang='grc' dir='ltr'><strong><em>εὐθειῶν.</em></strong></span> <span class='ocrx_word' id='word_1_42' title='bbox 941 1667 1086 1755; x_wconf 82' lang='grc' dir='ltr'><strong><em>εὑρίσκει</em></strong></span> 
     </span>
     <span class='ocr_line' id='line_1_7' title="bbox 74 1774 1086 1866; baseline -0.008 -17"><span class='ocrx_word' id='word_1_43' title='bbox 74 1781 114 1850; x_wconf 75' lang='grc' dir='ltr'><strong><em>δὲ</em></strong></span> <span class='ocrx_word' id='word_1_44' title='bbox 126 1781 185 1849; x_wconf 78' lang='grc' dir='ltr'><strong><em>καὶ</em></strong></span> <span class='ocrx_word' id='word_1_45' title='bbox 197 1782 256 1860; x_wconf 79' lang='grc' dir='ltr'><strong><em>τὰς</em></strong></span> <span class='ocrx_word' id='word_1_46' title='bbox 271 1780 334 1847; x_wconf 82' lang='grc' dir='ltr'><strong><em>δύο</em></strong></span> <span class='ocrx_word' id='word_1_47' title='bbox 347 1781 529 1866; x_wconf 83' lang='grc' dir='ltr'><strong><em>μεσότητας</em></strong></span> <span class='ocrx_word' id='word_1_48' title='bbox 542 1774 769 1866; x_wconf 79' lang='grc' dir='ltr'><strong><em>ἀριθμητικὴν</em></strong></span> <span class='ocrx_word' id='word_1_49' title='bbox 780 1777 836 1844; x_wconf 85' lang='grc' dir='ltr'><strong><em>καλ</em></strong></span> <span class='ocrx_word' id='word_1_50' title='bbox 849 1774 1086 1862; x_wconf 78' lang='grc' dir='ltr'><strong><em>γεωμετρικήν·</em></strong></span> 
     </span>
     <span class='ocr_line' id='line_1_8' title="bbox 76 1882 1087 1972; baseline -0.01 -16"><span class='ocrx_word' id='word_1_51' title='bbox 76 1884 120 1956; x_wconf 70' lang='grc' dir='ltr'><strong><em>οὗ</em></strong></span> <span class='ocrx_word' id='word_1_52' title='bbox 139 1891 244 1955; x_wconf 76' lang='grc' dir='ltr'><strong><em>δεῖται</em></strong></span> <span class='ocrx_word' id='word_1_53' title='bbox 264 1884 301 1952; x_wconf 73' lang='grc' dir='ltr'><strong><em>δὲ</em></strong></span> <span class='ocrx_word' id='word_1_54' title='bbox 323 1884 493 1972; x_wconf 82' lang='grc' dir='ltr'><strong><em>λήμματος</em></strong></span> <span class='ocrx_word' id='word_1_55' title='bbox 512 1882 592 1953; x_wconf 73' lang='grc' dir='ltr'><strong><em>οὐδὲ</em></strong></span> <span class='ocrx_word' id='word_1_56' title='bbox 610 1888 675 1971; x_wconf 80' lang='grc' dir='ltr'><strong><em>ἔχει</em></strong></span> <span class='ocrx_word' id='word_1_57' title='bbox 695 1882 779 1971; x_wconf 84' lang='grc' dir='ltr'><strong><em>πρὸς</em></strong></span> <span class='ocrx_word' id='word_1_58' title='bbox 797 1884 901 1965; x_wconf 78' lang='grc' dir='ltr'><strong><em>δεῖξιν</em></strong></span> <span class='ocrx_word' id='word_1_59' title='bbox 921 1885 1087 1949; x_wconf 75' lang='grc' dir='ltr'><strong><em>ἔνστασιν.</em></strong></span> 
     </span>
    </p>
   </div>
   <div class='ocr_carea' id='block_1_4' title="bbox 482 2080 686 2146">
    <p class='ocr_par' dir='ltr' id='par_1_4' title="bbox 482 2080 686 2146">
     <span class='ocr_line' id='line_1_9' title="bbox 482 2080 686 2146; baseline 0 -1"><span class='ocrx_word' id='word_1_60' title='bbox 482 2080 538 2146; x_wconf 88' lang='lat' dir='ltr'><strong><em>Ad</em></strong></span> <span class='ocrx_word' id='word_1_61' title='bbox 562 2081 632 2146; x_wconf 90' lang='lat' dir='ltr'><strong>def.</strong></span> <span class='ocrx_word' id='word_1_62' title='bbox 659 2084 686 2146; x_wconf 92' lang='lat'><strong><em>1.</em></strong></span> 
     </span>
    </p>
   </div>
   <div class='ocr_carea' id='block_1_5' title="bbox 76 2199 1140 2606">
    <p class='ocr_par' dir='ltr' id='par_1_5' title="bbox 76 2199 1140 2606">
     <span class='ocr_line' id='line_1_10' title="bbox 141 2199 1140 2290; baseline 0 -18"><span class='ocrx_word' id='word_1_63' title='bbox 141 2208 172 2273; x_wconf 79' lang='lat'><strong><em>2.</em></strong></span> <span class='ocrx_word' id='word_1_64' title='bbox 205 2201 400 2290; x_wconf 80' lang='grc' dir='ltr'><strong><em>Ἀπορήσειέ</em></strong></span> <span class='ocrx_word' id='word_1_65' title='bbox 418 2228 483 2286; x_wconf 86' lang='grc' dir='ltr'><strong><em>τις,</em></strong></span> <span class='ocrx_word' id='word_1_66' title='bbox 511 2202 567 2270; x_wconf 78' lang='grc' dir='ltr'><strong><em>διὰ</em></strong></span> <span class='ocrx_word' id='word_1_67' title='bbox 590 2207 626 2270; x_wconf 88' lang='grc' dir='ltr'><strong><em>τί</em></strong></span> <span class='ocrx_word' id='word_1_68' title='bbox 644 2206 711 2269; x_wconf 83' lang='grc' dir='ltr'><strong><em>πᾶν</em></strong></span> <span class='ocrx_word' id='word_1_69' title='bbox 738 2199 1086 2287; x_wconf 82' lang='grc' dir='ltr'><strong><em>παραλληλόγραμμον</em></strong></span> <span class='ocrx_word' id='word_1_70' title='bbox 1106 2223 1140 2272; x_wconf 84' lang='grc'><strong><em>10</em></strong></span> 
     </span>
     <span class='ocr_line' id='line_1_11' title="bbox 76 2304 1085 2398; baseline -0.005 -20"><span class='ocrx_word' id='word_1_71' title='bbox 76 2308 293 2398; x_wconf 77' lang='grc' dir='ltr'><strong><em>ὀρθογώνιον</em></strong></span> <span class='ocrx_word' id='word_1_72' title='bbox 324 2309 536 2396; x_wconf 80' lang='grc' dir='ltr'><strong><em>περιέχεσθαι</em></strong></span> <span class='ocrx_word' id='word_1_73' title='bbox 568 2310 695 2394; x_wconf 84' lang='grc' dir='ltr'><strong><em>λέγεται</em></strong></span> <span class='ocrx_word' id='word_1_74' title='bbox 731 2305 798 2375; x_wconf 87' lang='grc' dir='ltr'><strong><em>ὑπὸ</em></strong></span> <span class='ocrx_word' id='word_1_75' title='bbox 831 2305 894 2375; x_wconf 79' lang='grc' dir='ltr'><strong><em>δύο</em></strong></span> <span class='ocrx_word' id='word_1_76' title='bbox 925 2309 994 2374; x_wconf 78' lang='grc' dir='ltr'><strong><em>τῶν</em></strong></span> <span class='ocrx_word' id='word_1_77' title='bbox 1024 2304 1085 2392; x_wconf 82' lang='grc' dir='ltr'><strong><em>τὴν</em></strong></span> 
     </span>
     <span class='ocr_line' id='line_1_12' title="bbox 79 2411 1087 2507; baseline -0.001 -27"><span class='ocrx_word' id='word_1_78' title='bbox 79 2413 191 2500; x_wconf 77' lang='grc' dir='ltr'><strong><em>ὀρθὴν</em></strong></span> <span class='ocrx_word' id='word_1_79' title='bbox 226 2420 355 2500; x_wconf 80' lang='grc' dir='ltr'><strong><em>γωνίαν</em></strong></span> <span class='ocrx_word' id='word_1_80' title='bbox 389 2417 614 2507; x_wconf 79' lang='grc' dir='ltr'><strong><em>περιεχρνσῶν</em></strong></span> <span class='ocrx_word' id='word_1_81' title='bbox 647 2413 791 2506; x_wconf 77' lang='grc' dir='ltr'><strong><em>εὐθειῶν</em></strong></span> <span class='ocrx_word' id='word_1_82' title='bbox 822 2412 878 2479; x_wconf 83' lang='grc' dir='ltr'><strong><em>καὶ</em></strong></span> <span class='ocrx_word' id='word_1_83' title='bbox 911 2411 987 2498; x_wconf 81' lang='grc' dir='ltr'><strong><em>οὐχὶ</em></strong></span> <span class='ocrx_word' id='word_1_84' title='bbox 1017 2414 1087 2480; x_wconf 81' lang='grc' dir='ltr'><strong><em>πᾶν</em></strong></span> 
     </span>
     <span class='ocr_line' id='line_1_13' title="bbox 78 2516 1086 2606; baseline -0.001 -21"><span class='ocrx_word' id='word_1_85' title='bbox 78 2518 424 2606; x_wconf 81' lang='grc' dir='ltr'><strong><em>παραλληλόγραμμον</em></strong></span> <span class='ocrx_word' id='word_1_86' title='bbox 439 2516 562 2604; x_wconf 78' lang='grc' dir='ltr'><strong><em>ἁπλῶς,</em></strong></span> <span class='ocrx_word' id='word_1_87' title='bbox 576 2520 706 2600; x_wconf 78' lang='grc' dir='ltr'><strong><em>ἐπείπερ</em></strong></span> <span class='ocrx_word' id='word_1_88' title='bbox 721 2521 814 2600; x_wconf 77' lang='grc' dir='ltr'><strong><em>ἔδοξε</em></strong></span> <span class='ocrx_word' id='word_1_89' title='bbox 827 2519 985 2603; x_wconf 79' lang='grc' dir='ltr'><strong><em>λέγεσθαι</em></strong></span> <span class='ocrx_word' id='word_1_90' title='bbox 998 2541 1086 2605; x_wconf 89' lang='grc' dir='ltr'><strong><em>περι-</em></strong></span> 
     </span>
    </p>
   </div>
   <div class='ocr_carea' id='block_1_6' title="bbox 76 2708 1085 2852">
    <p class='ocr_par' dir='ltr' id='par_1_6' title="bbox 76 2708 1085 2852">
     <span class='ocr_line' id='line_1_14' title="bbox 153 2708 1085 2783; baseline -0.001 -20"><span class='ocrx_word' id='word_1_91' title='bbox 153 2717 175 2766; x_wconf 91' lang='grc'><strong><em>1.</em></strong></span> <span class='ocrx_word' id='word_1_92' title='bbox 204 2710 349 2768; x_wconf 74' lang='lat' dir='ltr'><strong>PBFVat.</strong></span> <span class='ocrx_word' id='word_1_93' title='bbox 368 2713 465 2783; x_wconf 66' lang='lat' dir='ltr'><strong><em>qw(</em></strong></span> <span class='ocrx_word' id='word_1_94' title='bbox 493 2715 513 2782; x_wconf 87' lang='lat'><strong><em>).</em></strong></span> <span class='ocrx_word' id='word_1_95' title='bbox 591 2718 616 2769; x_wconf 82' lang='lat'><strong><em>2.</em></strong></span> <span class='ocrx_word' id='word_1_96' title='bbox 644 2712 684 2767; x_wconf 87' lang='lat' dir='ltr'><strong><em>V¹</em></strong></span> <span class='ocrx_word' id='word_1_97' title='bbox 707 2714 784 2782; x_wconf 77' lang='lat' dir='ltr'><strong>(pars</strong></span> <span class='ocrx_word' id='word_1_98' title='bbox 807 2712 883 2782; x_wconf 85' lang='lat' dir='ltr'>prior</span> <span class='ocrx_word' id='word_1_99' title='bbox 906 2710 992 2766; x_wconf 75' lang='lat' dir='ltr'><strong>etiam</strong></span> <span class='ocrx_word' id='word_1_100' title='bbox 1014 2708 1044 2763; x_wconf 89' lang='lat' dir='ltr'><strong><em>in</em></strong></span> <span class='ocrx_word' id='word_1_101' title='bbox 1066 2709 1085 2776; x_wconf 85' lang='lat' dir='ltr'><strong><em>f,</em></strong></span> 
     </span>
     <span class='ocr_line' id='line_1_15' title="bbox 76 2780 998 2852; baseline 0.011 -17"><span class='ocrx_word' id='word_1_102' title='bbox 76 2797 162 2852; x_wconf 88' lang='lat' dir='ltr'><strong>quem</strong></span> <span class='ocrx_word' id='word_1_103' title='bbox 180 2780 298 2850; x_wconf 80' lang='lat' dir='ltr'><strong>inspexi,</strong></span> <span class='ocrx_word' id='word_1_104' title='bbox 316 2782 365 2836; x_wconf 90' lang='lat' dir='ltr'><strong><em>ubi</em></strong></span> <span class='ocrx_word' id='word_1_105' title='bbox 382 2782 408 2837; x_wconf 87' lang='lat' dir='ltr'><strong>V</strong></span> <span class='ocrx_word' id='word_1_106' title='bbox 426 2783 560 2852; x_wconf 75' lang='lat' dir='ltr'><strong>euanuit).</strong></span> <span class='ocrx_word' id='word_1_107' title='bbox 996 2837 998 2845; x_wconf 92' lang='lat'><em>.</em></span> 
     </span>
    </p>
   </div>
   <div class='ocr_carea' id='block_1_7' title="bbox 74 2947 1088 3386">
    <p class='ocr_par' dir='ltr' id='par_1_7' title="bbox 74 2947 1088 3172">
     <span class='ocr_line' id='line_1_16' title="bbox 151 2947 1086 3032; baseline -0.005 -19"><span class='ocrx_word' id='word_1_108' title='bbox 151 2965 175 3015; x_wconf 80' lang='lat'><strong><em>1.</em></strong></span> <span class='ocrx_word' id='word_1_109' title='bbox 193 2956 226 3013; x_wconf 86' lang='grc' dir='ltr'><strong><em>τὸ</em></strong></span> <span class='ocrx_word' id='word_1_110' title='bbox 245 2959 353 3032; x_wconf 76' lang='grc' dir='ltr'><strong><em>βιβλίον</em></strong></span> <span class='ocrx_word' id='word_1_111' title='bbox 371 2959 467 3032; x_wconf 78' lang='grc' dir='ltr'><strong><em>τοῦτο]</em></strong></span> <span class='ocrx_word' id='word_1_112' title='bbox 486 2957 518 3015; x_wconf 92' lang='grc' dir='ltr'><strong><em>τὸ</em></strong></span> <span class='ocrx_word' id='word_1_113' title='bbox 536 2947 555 3032; x_wconf 79' lang='grc' dir='ltr'><strong><em>β</em></strong></span> <span class='ocrx_word' id='word_1_114' title='bbox 573 2959 606 3014; x_wconf 83' lang='lat' dir='ltr'><strong><em>V.</em></strong></span> <span class='ocrx_word' id='word_1_115' title='bbox 676 2957 716 3021; x_wconf 82' lang='grc' dir='ltr'><strong><em>είς</em></strong></span> <span class='ocrx_word' id='word_1_116' title='bbox 734 2955 836 3029; x_wconf 83' lang='grc' dir='ltr'><strong><em>πολλοί]</em></strong></span> <span class='ocrx_word' id='word_1_117' title='bbox 856 2974 909 3012; x_wconf 90' lang='lat' dir='ltr'><strong><em>om.</em></strong></span> <span class='ocrx_word' id='word_1_118' title='bbox 928 2955 996 3010; x_wconf 89' lang='lat' dir='ltr'><strong><em>Vm.</em></strong></span> <span class='ocrx_word' id='word_1_119' title='bbox 1060 2960 1086 3009; x_wconf 70' lang='grc' dir='ltr'><strong><em>λ.</em></strong></span> 
     </span>
     <span class='ocr_line' id='line_1_17' title="bbox 74 3023 1088 3102; baseline -0.006 -16"><span class='ocrx_word' id='word_1_120' title='bbox 74 3031 290 3102; x_wconf 82' lang='grc' dir='ltr'><strong><em>στερεομειρίαν</em></strong></span> <span class='ocrx_word' id='word_1_121' title='bbox 308 3029 339 3086; x_wconf 89' lang='grc' dir='ltr'><strong><em>Β.</em></strong></span> <span class='ocrx_word' id='word_1_122' title='bbox 421 3037 445 3086; x_wconf 87' lang='grc'><strong><em>3.</em></strong></span> <span class='ocrx_word' id='word_1_123' title='bbox 464 3032 592 3100; x_wconf 73' lang='grc' dir='ltr'><strong><em>θεωρίαν</em></strong></span> <span class='ocrx_word' id='word_1_124' title='bbox 611 3027 719 3100; x_wconf 74' lang='grc' dir='ltr'><strong><em>λύεται]</em></strong></span> <span class='ocrx_word' id='word_1_125' title='bbox 741 3047 794 3084; x_wconf 89' lang='lat' dir='ltr'><strong><em>om.</em></strong></span> <span class='ocrx_word' id='word_1_126' title='bbox 813 3026 904 3083; x_wconf 70' lang='grc' dir='ltr'><strong><em>Πολ.</em></strong></span> <span class='ocrx_word' id='word_1_127' title='bbox 990 3023 1088 3081; x_wconf 73' lang='grc' dir='ltr'><strong><em>λύεται</em></strong></span> 
     </span>
     <span class='ocr_line' id='line_1_18' title="bbox 76 3095 1085 3172; baseline -0.006 -16"><span class='ocrx_word' id='word_1_128' title='bbox 76 3134 110 3143; x_wconf 98' lang='grc'>-</span> <span class='ocrx_word' id='word_1_129' title='bbox 130 3108 155 3159; x_wconf 82' lang='lat'><strong><em>4.</em></strong></span> <span class='ocrx_word' id='word_1_130' title='bbox 179 3097 378 3172; x_wconf 78' lang='grc' dir='ltr'><strong><em>συμβάλλεται]</em></strong></span> <span class='ocrx_word' id='word_1_131' title='bbox 403 3101 452 3156; x_wconf 87' lang='grc' dir='ltr'><strong><em>ιιαλ</em></strong></span> <span class='ocrx_word' id='word_1_132' title='bbox 470 3097 659 3172; x_wconf 70' lang='grc' dir='ltr'><strong><em>ἀστρονομίαν</em></strong></span> <span class='ocrx_word' id='word_1_133' title='bbox 677 3103 727 3155; x_wconf 85' lang='grc' dir='ltr'><strong><em>ιιαλ</em></strong></span> <span class='ocrx_word' id='word_1_134' title='bbox 746 3099 785 3162; x_wconf 81' lang='grc' dir='ltr'><strong><em>είς</em></strong></span> <span class='ocrx_word' id='word_1_135' title='bbox 803 3096 838 3155; x_wconf 78' lang='grc' dir='ltr'><strong><em>τὰ</em></strong></span> <span class='ocrx_word' id='word_1_136' title='bbox 856 3095 1040 3169; x_wconf 83' lang='grc' dir='ltr'><strong><em>προβλήματα</em></strong></span> <span class='ocrx_word' id='word_1_137' title='bbox 1059 3115 1085 3166; x_wconf 88' lang='lat' dir='ltr'><strong><em>q.</em></strong></span> 
     </span>
    </p>

    <p class='ocr_par' dir='ltr' id='par_1_8' title="bbox 75 3167 1088 3386">
     <span class='ocr_line' id='line_1_19' title="bbox 112 3167 1086 3244; baseline -0.005 -16"><span class='ocrx_word' id='word_1_138' title='bbox 112 3179 136 3228; x_wconf 90' lang='grc'><strong><em>3.</em></strong></span> <span class='ocrx_word' id='word_1_139' title='bbox 157 3167 196 3228; x_wconf 76' lang='grc' dir='ltr'><strong><em>δι’</em></strong></span> <span class='ocrx_word' id='word_1_140' title='bbox 217 3169 306 3228; x_wconf 74' lang='grc' dir='ltr'><strong><em>αὐτοῦ</em></strong></span> <span class='ocrx_word' id='word_1_141' title='bbox 320 3169 409 3228; x_wconf 82' lang='grc' dir='ltr'><strong><em>πολλοί</em></strong></span> <span class='ocrx_word' id='word_1_142' title='bbox 428 3172 463 3227; x_wconf 83' lang='lat' dir='ltr'><strong><em>V.</em></strong></span> <span class='ocrx_word' id='word_1_143' title='bbox 517 3178 542 3227; x_wconf 89' lang='lat'><strong><em>4.</em></strong></span> <span class='ocrx_word' id='word_1_144' title='bbox 561 3174 605 3244; x_wconf 84' lang='grc' dir='ltr'><strong><em>τε]</em></strong></span> <span class='ocrx_word' id='word_1_145' title='bbox 624 3190 656 3242; x_wconf 89' lang='grc' dir='ltr'><strong><em>γε</em></strong></span> <span class='ocrx_word' id='word_1_146' title='bbox 675 3171 795 3227; x_wconf 79' lang='lat' dir='ltr'><strong>PBVat.</strong></span> <span class='ocrx_word' id='word_1_147' title='bbox 815 3170 961 3238; x_wconf 64' lang='lat' dir='ltr'><strong><em>(Ponam).</em></strong></span> <span class='ocrx_word' id='word_1_148' title='bbox 1016 3167 1086 3240; x_wconf 84' lang='grc' dir='ltr'><strong><em>μήν]</em></strong></span> 
     </span>
     <span class='ocr_line' id='line_1_20' title="bbox 75 3240 1086 3315; baseline -0.002 -18"><span class='ocrx_word' id='word_1_149' title='bbox 75 3243 132 3314; x_wconf 80' lang='grc' dir='ltr'><strong><em>μὴν</em></strong></span> <span class='ocrx_word' id='word_1_150' title='bbox 150 3243 202 3312; x_wconf 72' lang='grc' dir='ltr'><strong><em>τήν</em></strong></span> <span class='ocrx_word' id='word_1_151' title='bbox 220 3243 282 3298; x_wconf 87' lang='lat' dir='ltr'><strong><em>BV.</em></strong></span> <span class='ocrx_word' id='word_1_152' title='bbox 364 3240 536 3315; x_wconf 84' lang='grc' dir='ltr'><strong><em>σνμβοίλεται</em></strong></span> <span class='ocrx_word' id='word_1_153' title='bbox 554 3243 584 3298; x_wconf 92' lang='lat' dir='ltr'><strong><em>P.</em></strong></span> <span class='ocrx_word' id='word_1_154' title='bbox 666 3248 691 3297; x_wconf 77' lang='lat'><strong><em>5.</em></strong></span> <span class='ocrx_word' id='word_1_155' title='bbox 717 3241 766 3296; x_wconf 78' lang='grc' dir='ltr'><strong><em>καλ</em></strong></span> <span class='ocrx_word' id='word_1_156' title='bbox 784 3242 840 3297; x_wconf 81' lang='grc' dir='ltr'><strong><em>τῶν</em></strong></span> <span class='ocrx_word' id='word_1_157' title='bbox 859 3241 964 3311; x_wconf 78' lang='grc' dir='ltr'><strong><em>μερῶν]</em></strong></span> <span class='ocrx_word' id='word_1_158' title='bbox 985 3257 1086 3297; x_wconf 91' lang='lat' dir='ltr'><strong>om..</strong></span> 
     </span>
     <span class='ocr_line' id='line_1_21' title="bbox 112 3257 1088 3386; baseline -0.003 -17"><span class='ocrx_word' id='word_1_159' title='bbox 112 3321 136 3369; x_wconf 81' lang='grc'><strong><em>6.</em></strong></span> <span class='ocrx_word' id='word_1_160' title='bbox 157 3311 267 3386; x_wconf 76' lang='grc' dir='ltr'><strong><em>ἄλογοι]</em></strong></span> <span class='ocrx_word' id='word_1_161' title='bbox 286 3312 399 3384; x_wconf 81' lang='grc' dir='ltr'><strong><em>εὕλογοι</em></strong></span> <span class='ocrx_word' id='word_1_162' title='bbox 412 3330 439 3381; x_wconf 86' lang='lat' dir='ltr'><strong><em>q.</em></strong></span> <span class='ocrx_word' id='word_1_163' title='bbox 495 3308 611 3369; x_wconf 70' lang='grc' dir='ltr'><strong><em>εὐθεῖαι</em></strong></span> <span class='ocrx_word' id='word_1_164' title='bbox 627 3312 747 3368; x_wconf 75' lang='lat' dir='ltr'>PBVat.</span> <span class='ocrx_word' id='word_1_165' title='bbox 768 3312 800 3384; x_wconf 82' lang='lat' dir='ltr'><strong><em>(F</em></strong></span> <span class='ocrx_word' id='word_1_166' title='bbox 815 3314 913 3382; x_wconf 68' lang='lat' dir='ltr'>eum).</span> <span class='ocrx_word' id='word_1_167' title='bbox 969 3317 994 3367; x_wconf 92' lang='lat'><strong><em>8.</em></strong></span> <span class='ocrx_word' id='word_1_168' title='bbox 1014 3257 1088 3368; x_wconf 69' lang='grc' dir='ltr'><strong><em>ἀπί-</em></strong></span> 
     </span>
    </p>
   </div>
   <div class='ocr_carea' id='block_1_8' title="bbox 75 3380 1124 3491">
    <p class='ocr_par' dir='ltr' id='par_1_9' title="bbox 75 3380 1124 3491">
     <span class='ocr_line' id='line_1_22' title="bbox 75 3380 1124 3491; baseline -0.003 -39"><span class='ocrx_word' id='word_1_169' title='bbox 75 3385 165 3452; x_wconf 74' lang='grc' dir='ltr'><strong><em>δειξν</em></strong></span> <span class='ocrx_word' id='word_1_170' title='bbox 184 3403 210 3454; x_wconf 80' lang='lat' dir='ltr'><strong><em>q·</em></strong></span> <span class='ocrx_word' id='word_1_171' title='bbox 1110 3380 1124 3491; x_wconf 74' lang='grc'><strong><em>]</em></strong></span> 
     </span>
    </p>
   </div>
   <div class='ocr_carea' id='block_1_9' title="bbox 0 0 1186 3796">
    <p class='ocr_par' dir='ltr' id='par_1_10' title="bbox 0 0 1186 3796">
     <span class='ocr_line' id='line_1_23' title="bbox 0 0 1186 3796; baseline 0 0"><span class='ocrx_word' id='word_1_172' title='bbox 0 0 1186 3796; x_wconf 95' lang='lat' dir='ltr'><strong><em> </em></strong></span> 
     </span>
    </p>
   </div>
  </div>
 </body>
</html>
