<?xml version="1.0" encoding="UTF-8"?>
<!DOCTYPE html PUBLIC "-//W3C//DTD XHTML 1.0 Transitional//EN"
    "http://www.w3.org/TR/xhtml1/DTD/xhtml1-transitional.dtd">
<html xmlns="http://www.w3.org/1999/xhtml" xml:lang="en" lang="en">
 <head>
  <title>
</title>
<meta http-equiv="Content-Type" content="text/html;charset=utf-8" />
  <meta name='ocr-system' content='tesseract 3.04.00' />
  <meta name='ocr-capabilities' content='ocr_page ocr_carea ocr_par ocr_line ocrx_word'/>
</head>
<body>
  <div class='ocr_page' id='page_1' title='image "./euclidisoperaom02unkngoog_0280.png"; bbox 0 0 2362 3796; ppageno 0'>
   <div class='ocr_carea' id='block_1_1' title="bbox 226 133 1087 198">
    <p class='ocr_par' dir='ltr' id='par_1_1' title="bbox 226 133 1087 198">
     <span class='ocr_line' id='line_1_1' title="bbox 226 133 1087 198; baseline 0.017 -16"><span class='ocrx_word' id='word_1_1' title='bbox 226 135 392 187; x_wconf 69' lang='lat' dir='ltr'>,scflom</span> <span class='ocrx_word' id='word_1_2' title='bbox 409 137 449 188; x_wconf 77' lang='lat' dir='ltr'>m</span> <span class='ocrx_word' id='word_1_3' title='bbox 466 136 742 187; x_wconf 76' lang='lat' dir='ltr'>ELEMENTORUM</span> <span class='ocrx_word' id='word_1_4' title='bbox 760 136 900 188; x_wconf 76' lang='grc' dir='ltr'><strong><em>ωεειοω</em></strong></span> <span class='ocrx_word' id='word_1_5' title='bbox 912 137 935 190; x_wconf 91' lang='lat'><strong><em>1.</em></strong></span> <span class='ocrx_word' id='word_1_6' title='bbox 1023 133 1087 198; x_wconf 84' lang='lat'><strong><em>163</em></strong></span> 
     </span>
    </p>
   </div>
   <div class='ocr_carea' id='block_1_2' title="bbox 70 272 1142 3329">
    <p class='ocr_par' dir='ltr' id='par_1_2' title="bbox 70 272 1142 3329">
     <span class='ocr_line' id='line_1_2' title="bbox 70 272 1088 361; baseline 0 -18"><span class='ocrx_word' id='word_1_7' title='bbox 70 274 230 361; x_wconf 89' lang='grc' dir='ltr'><strong><em>ισότητας</em></strong></span> <span class='ocrx_word' id='word_1_8' title='bbox 246 274 434 361; x_wconf 76' lang='grc' dir='ltr'><em>τριγώνων,</em></span> <span class='ocrx_word' id='word_1_9' title='bbox 453 272 563 360; x_wconf 75' lang='grc' dir='ltr'><strong><em>ὥσπερ</em></strong></span> <span class='ocrx_word' id='word_1_10' title='bbox 582 274 638 341; x_wconf 80' lang='grc' dir='ltr'><strong><em>καὶ</em></strong></span> <span class='ocrx_word' id='word_1_11' title='bbox 658 275 710 342; x_wconf 80' lang='grc' dir='ltr'><strong><em>ἐπὶ</em></strong></span> <span class='ocrx_word' id='word_1_12' title='bbox 728 278 787 361; x_wconf 82' lang='grc' dir='ltr'><strong><em>τῆς</em></strong></span> <span class='ocrx_word' id='word_1_13' title='bbox 806 274 966 360; x_wconf 83' lang='grc' dir='ltr'><strong><em>ἰσότητος</em></strong></span> <span class='ocrx_word' id='word_1_14' title='bbox 977 276 1088 343; x_wconf 82' lang='grc' dir='ltr'><strong><em>ἐποίει.</em></strong></span> 
     </span>
     <span class='ocr_line' id='line_1_3' title="bbox 71 378 1088 468; baseline -0.001 -20"><span class='ocrx_word' id='word_1_15' title='bbox 71 382 137 449; x_wconf 76' lang='grc' dir='ltr'><strong><em>δύο</em></strong></span> <span class='ocrx_word' id='word_1_16' title='bbox 155 380 221 466; x_wconf 80' lang='grc' dir='ltr'><strong><em>γὰρ</em></strong></span> <span class='ocrx_word' id='word_1_17' title='bbox 239 378 451 468; x_wconf 78' lang='grc' dir='ltr'><strong><em>ὑποθέμενος</em></strong></span> <span class='ocrx_word' id='word_1_18' title='bbox 468 385 616 466; x_wconf 88' lang='grc' dir='ltr'><strong><em>τρίγωνα</em></strong></span> <span class='ocrx_word' id='word_1_19' title='bbox 635 382 697 446; x_wconf 79' lang='grc' dir='ltr'><strong><em>δύο</em></strong></span> <span class='ocrx_word' id='word_1_20' title='bbox 716 378 862 466; x_wconf 80' lang='grc' dir='ltr'><strong><em>πλευρὰς</em></strong></span> <span class='ocrx_word' id='word_1_21' title='bbox 881 389 954 458; x_wconf 88' lang='grc' dir='ltr'><strong><em>ῖσας</em></strong></span> <span class='ocrx_word' id='word_1_22' title='bbox 970 385 1088 466; x_wconf 81' lang='grc' dir='ltr'><strong><em>ἔχοντα</em></strong></span> 
     </span>
     <span class='ocr_line' id='line_1_4' title="bbox 70 481 1088 575; baseline 0 -21"><span class='ocrx_word' id='word_1_23' title='bbox 70 487 233 572; x_wconf 75' lang='grc' dir='ltr'><strong><em>ἑκατέραν</em></strong></span> <span class='ocrx_word' id='word_1_24' title='bbox 255 485 393 575; x_wconf 81' lang='grc' dir='ltr'><strong><em>ἑκατέρα</em></strong></span> <span class='ocrx_word' id='word_1_25' title='bbox 409 484 472 571; x_wconf 80' lang='grc' dir='ltr'><strong><em>τὴν</em></strong></span> <span class='ocrx_word' id='word_1_26' title='bbox 491 482 576 572; x_wconf 80' lang='grc' dir='ltr'><strong><em>πρὸς</em></strong></span> <span class='ocrx_word' id='word_1_27' title='bbox 594 487 633 572; x_wconf 80' lang='grc' dir='ltr'><strong><em>τῇ</em></strong></span> <span class='ocrx_word' id='word_1_28' title='bbox 653 493 785 570; x_wconf 77' lang='grc' dir='ltr'><strong><em>κορυφῇ</em></strong></span> <span class='ocrx_word' id='word_1_29' title='bbox 805 491 934 568; x_wconf 79' lang='grc' dir='ltr'><em>γωνίαν</em></span> <span class='ocrx_word' id='word_1_30' title='bbox 954 481 1009 554; x_wconf 71' lang='grc' dir='ltr'><strong><em>ὁτὲ</em></strong></span> <span class='ocrx_word' id='word_1_31' title='bbox 1027 486 1088 572; x_wconf 74' lang='grc' dir='ltr'><strong><em>μὲν</em></strong></span> 
     </span>
     <span class='ocr_line' id='line_1_5' title="bbox 71 588 1088 679; baseline 0.001 -21"><span class='ocrx_word' id='word_1_32' title='bbox 71 600 152 677; x_wconf 86' lang='grc' dir='ltr'><strong><em>ῖσην</em></strong></span> <span class='ocrx_word' id='word_1_33' title='bbox 170 593 208 659; x_wconf 78' lang='grc' dir='ltr'><strong><em>ἐν</em></strong></span> <span class='ocrx_word' id='word_1_34' title='bbox 226 588 430 679; x_wconf 79' lang='grc' dir='ltr'><strong><em>ἀμφοτέροις</em></strong></span> <span class='ocrx_word' id='word_1_35' title='bbox 447 597 588 675; x_wconf 75' lang='grc' dir='ltr'><strong><em>τίθεται,</em></strong></span> <span class='ocrx_word' id='word_1_36' title='bbox 612 590 668 658; x_wconf 71' lang='grc' dir='ltr'><strong><em>ὁτὲ</em></strong></span> <span class='ocrx_word' id='word_1_37' title='bbox 687 590 724 657; x_wconf 72' lang='grc' dir='ltr'><strong><em>δὲ</em></strong></span> <span class='ocrx_word' id='word_1_38' title='bbox 743 588 876 675; x_wconf 87' lang='grc' dir='ltr'><strong><em>ἀνισον,</em></strong></span> <span class='ocrx_word' id='word_1_39' title='bbox 894 591 951 657; x_wconf 80' lang='grc' dir='ltr'><strong><em>καὶ</em></strong></span> <span class='ocrx_word' id='word_1_40' title='bbox 969 595 1008 679; x_wconf 75' lang='grc' dir='ltr'><strong><em>τῇ</em></strong></span> <span class='ocrx_word' id='word_1_41' title='bbox 1028 593 1088 678; x_wconf 76' lang='grc' dir='ltr'><strong><em>μὲν</em></strong></span> 
     </span>
     <span class='ocr_line' id='line_1_6' title="bbox 72 693 1141 785; baseline -0.002 -21"><span class='ocrx_word' id='word_1_42' title='bbox 72 697 203 783; x_wconf 78' lang='grc' dir='ltr'><strong><em>ἰσότητι</em></strong></span> <span class='ocrx_word' id='word_1_43' title='bbox 225 696 347 784; x_wconf 81' lang='grc' dir='ltr'><strong><em>ταύτης</em></strong></span> <span class='ocrx_word' id='word_1_44' title='bbox 371 698 538 785; x_wconf 81' lang='grc' dir='ltr'><strong><em>ἑπομένην</em></strong></span> <span class='ocrx_word' id='word_1_45' title='bbox 561 697 664 776; x_wconf 79' lang='grc' dir='ltr'><strong><em>ἔδειξε</em></strong></span> <span class='ocrx_word' id='word_1_46' title='bbox 686 695 749 782; x_wconf 77' lang='grc' dir='ltr'><strong><em>τὴν</em></strong></span> <span class='ocrx_word' id='word_1_47' title='bbox 773 693 909 782; x_wconf 78' lang='grc' dir='ltr'><strong><em>ἰσότητα</em></strong></span> <span class='ocrx_word' id='word_1_48' title='bbox 936 699 1004 763; x_wconf 79' lang='grc' dir='ltr'><strong><em>τῶν</em></strong></span> <span class='ocrx_word' id='word_1_49' title='bbox 1032 698 1089 781; x_wconf 83' lang='grc' dir='ltr'><strong><em>βά-</em></strong></span> <span class='ocrx_word' id='word_1_50' title='bbox 1125 723 1141 772; x_wconf 82' lang='lat'><strong>5</strong></span> 
     </span>
     <span class='ocr_line' id='line_1_7' title="bbox 71 801 1089 890; baseline -0.002 -18"><span class='ocrx_word' id='word_1_51' title='bbox 71 825 170 873; x_wconf 91' lang='grc' dir='ltr'><strong><em>σεων.</em></strong></span> <span class='ocrx_word' id='word_1_52' title='bbox 207 801 368 882; x_wconf 78' lang='grc' dir='ltr'><strong><em>ὡσαύτως</em></strong></span> <span class='ocrx_word' id='word_1_53' title='bbox 388 804 443 870; x_wconf 84' lang='grc' dir='ltr'><strong><em>καὶ</em></strong></span> <span class='ocrx_word' id='word_1_54' title='bbox 467 807 507 890; x_wconf 76' lang='grc' dir='ltr'><strong><em>τῇ</em></strong></span> <span class='ocrx_word' id='word_1_55' title='bbox 529 806 599 870; x_wconf 78' lang='grc' dir='ltr'><strong><em>τῶν</em></strong></span> <span class='ocrx_word' id='word_1_56' title='bbox 617 801 751 887; x_wconf 80' lang='grc' dir='ltr'><strong><em>βάσεων</em></strong></span> <span class='ocrx_word' id='word_1_57' title='bbox 770 801 898 888; x_wconf 82' lang='grc' dir='ltr'><strong><em>ἰσότητι</em></strong></span> <span class='ocrx_word' id='word_1_58' title='bbox 918 805 1089 870; x_wconf 77' lang='grc' dir='ltr'><strong><em>δείκνυσιν</em></strong></span> 
     </span>
     <span class='ocr_line' id='line_1_8' title="bbox 72 908 1090 996; baseline -0.003 -17"><span class='ocrx_word' id='word_1_59' title='bbox 72 908 336 979; x_wconf 74' lang='grc' dir='ltr'><strong><em>ἀκολουθοῦσαν</em></strong></span> <span class='ocrx_word' id='word_1_60' title='bbox 360 908 423 996; x_wconf 80' lang='grc' dir='ltr'><strong><em>τὴν</em></strong></span> <span class='ocrx_word' id='word_1_61' title='bbox 445 913 514 977; x_wconf 79' lang='grc' dir='ltr'><strong><em>τῶν</em></strong></span> <span class='ocrx_word' id='word_1_62' title='bbox 538 910 575 976; x_wconf 80' lang='grc' dir='ltr'><strong><em>ἐν</em></strong></span> <span class='ocrx_word' id='word_1_63' title='bbox 594 923 666 988; x_wconf 83' lang='grc' dir='ltr'><strong><em>ταῖς</em></strong></span> <span class='ocrx_word' id='word_1_64' title='bbox 683 921 848 995; x_wconf 79' lang='grc' dir='ltr'><strong><em>κορυφαῖς</em></strong></span> <span class='ocrx_word' id='word_1_65' title='bbox 866 911 1000 994; x_wconf 83' lang='grc' dir='ltr'><strong><em>γωνιεόν</em></strong></span> <span class='ocrx_word' id='word_1_66' title='bbox 1021 908 1090 976; x_wconf 85' lang='grc' dir='ltr'><strong><em>ίσύ-</em></strong></span> 
     </span>
     <span class='ocr_line' id='line_1_9' title="bbox 71 1012 1089 1105; baseline -0.003 -21"><span class='ocrx_word' id='word_1_67' title='bbox 71 1043 156 1104; x_wconf 87' lang='grc' dir='ltr'><strong><em>τητα</em></strong></span> <span class='ocrx_word' id='word_1_68' title='bbox 181 1015 237 1083; x_wconf 83' lang='grc' dir='ltr'><strong><em>καὶ</em></strong></span> <span class='ocrx_word' id='word_1_69' title='bbox 267 1019 307 1105; x_wconf 77' lang='grc' dir='ltr'><strong><em>τῇ</em></strong></span> <span class='ocrx_word' id='word_1_70' title='bbox 335 1013 508 1101; x_wconf 88' lang='grc' dir='ltr'><strong><em>ἀνισότητι</em></strong></span> <span class='ocrx_word' id='word_1_71' title='bbox 536 1014 598 1100; x_wconf 81' lang='grc' dir='ltr'><strong><em>τὴν</em></strong></span> <span class='ocrx_word' id='word_1_72' title='bbox 627 1012 817 1101; x_wconf 82' lang='grc' dir='ltr'><strong><em>ἀνισότητα.</em></strong></span> <span class='ocrx_word' id='word_1_73' title='bbox 861 1017 961 1081; x_wconf 83' lang='grc' dir='ltr'><strong><em>τοῦτο</em></strong></span> <span class='ocrx_word' id='word_1_74' title='bbox 991 1014 1028 1082; x_wconf 71' lang='grc' dir='ltr'><strong><em>δὲ</em></strong></span> <span class='ocrx_word' id='word_1_75' title='bbox 1050 1013 1089 1081; x_wconf 92' lang='grc' dir='ltr'><strong><em>τὸ</em></strong></span> 
     </span>
     <span class='ocr_line' id='line_1_10' title="bbox 72 1119 1090 1209; baseline -0.003 -19"><span class='ocrx_word' id='word_1_76' title='bbox 72 1121 238 1209; x_wconf 75' lang='grc' dir='ltr'><strong><em>θεώρημα</em></strong></span> <span class='ocrx_word' id='word_1_77' title='bbox 251 1120 479 1209; x_wconf 88' lang='grc' dir='ltr'><strong><em>ἀντίστροφόν</em></strong></span> <span class='ocrx_word' id='word_1_78' title='bbox 495 1123 564 1188; x_wconf 74' lang='grc' dir='ltr'><strong><em>ἐστι</em></strong></span> <span class='ocrx_word' id='word_1_79' title='bbox 582 1125 642 1187; x_wconf 82' lang='grc' dir='ltr'><strong><em>τοῦ</em></strong></span> <span class='ocrx_word' id='word_1_80' title='bbox 663 1119 709 1187; x_wconf 77' lang='grc' dir='ltr'><strong><em>δ’·</em></strong></span> <span class='ocrx_word' id='word_1_81' title='bbox 733 1123 842 1188; x_wconf 80' lang='grc' dir='ltr'><strong><em>ἐκεῖνο</em></strong></span> <span class='ocrx_word' id='word_1_82' title='bbox 856 1119 996 1208; x_wconf 74' lang='grc' dir='ltr'><strong><em>μὲνγὰρ</em></strong></span> <span class='ocrx_word' id='word_1_83' title='bbox 1016 1128 1090 1200; x_wconf 90' lang='grc' dir='ltr'><strong><em>ῖσας</em></strong></span> 
     </span>
     <span class='ocr_line' id='line_1_11' title="bbox 70 1225 1142 1315; baseline 0.005 -20"><span class='ocrx_word' id='word_1_84' title='bbox 70 1227 218 1297; x_wconf 77' lang='grc' dir='ltr'><strong><em>ὑπέθετο</em></strong></span> <span class='ocrx_word' id='word_1_85' title='bbox 232 1226 291 1307; x_wconf 89' lang='grc' dir='ltr'><strong><em>τάς</em></strong></span> <span class='ocrx_word' id='word_1_86' title='bbox 309 1225 391 1314; x_wconf 89' lang='grc' dir='ltr'><strong><em>πρὸς</em></strong></span> <span class='ocrx_word' id='word_1_87' title='bbox 408 1240 482 1306; x_wconf 89' lang='grc' dir='ltr'><strong><em>ταῖς</em></strong></span> <span class='ocrx_word' id='word_1_88' title='bbox 499 1239 664 1313; x_wconf 80' lang='grc' dir='ltr'><strong><em>κορυφαῖς</em></strong></span> <span class='ocrx_word' id='word_1_89' title='bbox 681 1231 749 1294; x_wconf 78' lang='grc' dir='ltr'><strong><em>τῶν</em></strong></span> <span class='ocrx_word' id='word_1_90' title='bbox 763 1225 938 1315; x_wconf 79' lang='grc' dir='ltr'><strong><em>τριγώνων</em></strong></span> <span class='ocrx_word' id='word_1_91' title='bbox 953 1233 1088 1314; x_wconf 88' lang='grc' dir='ltr'><strong><em>γωνίας,</em></strong></span> <span class='ocrx_word' id='word_1_92' title='bbox 1109 1253 1142 1301; x_wconf 92' lang='lat'><strong><em>10</em></strong></span> 
     </span>
     <span class='ocr_line' id='line_1_12' title="bbox 71 1330 1090 1419; baseline 0 -17"><span class='ocrx_word' id='word_1_93' title='bbox 71 1338 174 1403; x_wconf 82' lang='grc' dir='ltr'><strong><em>τοῦτο</em></strong></span> <span class='ocrx_word' id='word_1_94' title='bbox 202 1333 240 1401; x_wconf 75' lang='grc' dir='ltr'><strong><em>ἀὲ</em></strong></span> <span class='ocrx_word' id='word_1_95' title='bbox 273 1332 443 1418; x_wconf 86' lang='grc' dir='ltr'><strong><em>ἀνίσους,Ι</em></strong></span> <span class='ocrx_word' id='word_1_96' title='bbox 459 1330 594 1400; x_wconf 88' lang='grc' dir='ltr'><strong><em>κάκεῖνο</em></strong></span> <span class='ocrx_word' id='word_1_97' title='bbox 631 1332 691 1419; x_wconf 79' lang='grc' dir='ltr'><strong><em>μὲν</em></strong></span> <span class='ocrx_word' id='word_1_98' title='bbox 724 1341 798 1412; x_wconf 88' lang='grc' dir='ltr'><strong><em>ίσας</em></strong></span> <span class='ocrx_word' id='word_1_99' title='bbox 825 1331 1004 1402; x_wconf 74' lang='grc' dir='ltr'><strong><em>ἀπεδείκνυ</em></strong></span> <span class='ocrx_word' id='word_1_100' title='bbox 1031 1332 1090 1414; x_wconf 90' lang='grc' dir='ltr'><strong><em>τάς</em></strong></span> 
     </span>
     <span class='ocr_line' id='line_1_13' title="bbox 71 1436 1088 1529; baseline 0.003 -22"><span class='ocrx_word' id='word_1_101' title='bbox 71 1437 204 1525; x_wconf 83' lang='grc' dir='ltr'><strong><em>βάσεις,</em></strong></span> <span class='ocrx_word' id='word_1_102' title='bbox 230 1448 330 1508; x_wconf 83' lang='grc' dir='ltr'><strong><em>τοῦτο</em></strong></span> <span class='ocrx_word' id='word_1_103' title='bbox 355 1439 393 1506; x_wconf 73' lang='grc' dir='ltr'><strong><em>δὲ</em></strong></span> <span class='ocrx_word' id='word_1_104' title='bbox 417 1436 540 1525; x_wconf 88' lang='grc' dir='ltr'><strong><em>ὁμοίως</em></strong></span> <span class='ocrx_word' id='word_1_105' title='bbox 561 1452 634 1517; x_wconf 88' lang='grc' dir='ltr'><strong><em>ταῖς</em></strong></span> <span class='ocrx_word' id='word_1_106' title='bbox 656 1445 795 1524; x_wconf 90' lang='grc' dir='ltr'><strong><em>γωνίαις</em></strong></span> <span class='ocrx_word' id='word_1_107' title='bbox 818 1436 966 1518; x_wconf 86' lang='grc' dir='ltr'><strong><em>ἀνίσους.</em></strong></span> <span class='ocrx_word' id='word_1_108' title='bbox 1011 1466 1088 1529; x_wconf 87' lang='grc' dir='ltr'><strong><em>προ·</em></strong></span> 
     </span>
     <span class='ocr_line' id='line_1_14' title="bbox 72 1543 1088 1633; baseline 0.001 -20"><span class='ocrx_word' id='word_1_109' title='bbox 72 1557 202 1631; x_wconf 92' lang='grc' dir='ltr'><strong><em>ηγεῖται</em></strong></span> <span class='ocrx_word' id='word_1_110' title='bbox 229 1547 267 1615; x_wconf 71' lang='grc' dir='ltr'><strong><em>δὲ</em></strong></span> <span class='ocrx_word' id='word_1_111' title='bbox 294 1550 357 1614; x_wconf 81' lang='grc' dir='ltr'><strong><em>τοῦ</em></strong></span> <span class='ocrx_word' id='word_1_112' title='bbox 385 1547 504 1632; x_wconf 78' lang='grc' dir='ltr'><strong><em>ἑφεξῆς</em></strong></span> <span class='ocrx_word' id='word_1_113' title='bbox 531 1543 758 1631; x_wconf 81' lang='grc' dir='ltr'><strong><em>θεωρήματος.</em></strong></span> <span class='ocrx_word' id='word_1_114' title='bbox 804 1546 911 1612; x_wconf 78' lang='grc' dir='ltr'><strong><em>ἐκεῖνο</em></strong></span> <span class='ocrx_word' id='word_1_115' title='bbox 939 1545 1001 1631; x_wconf 72' lang='grc' dir='ltr'><strong><em>μὲν</em></strong></span> <span class='ocrx_word' id='word_1_116' title='bbox 1023 1547 1088 1633; x_wconf 82' lang='grc' dir='ltr'><strong><em>γὰρ</em></strong></span> 
     </span>
     <span class='ocr_line' id='line_1_15' title="bbox 74 1646 1089 1738; baseline 0.001 -21"><span class='ocrx_word' id='word_1_117' title='bbox 74 1648 140 1718; x_wconf 83' lang='grc' dir='ltr'><strong><em>ἀπὸ</em></strong></span> <span class='ocrx_word' id='word_1_118' title='bbox 159 1655 205 1719; x_wconf 65' lang='lat' dir='ltr'><strong><em>vt?</em></strong></span> <span class='ocrx_word' id='word_1_119' title='bbox 207 1679 229 1720; x_wconf 99' lang='grc' dir='ltr'><strong><em>ν</em></strong></span> <span class='ocrx_word' id='word_1_120' title='bbox 247 1652 380 1738; x_wconf 82' lang='grc' dir='ltr'><strong><em>βάσεων</em></strong></span> <span class='ocrx_word' id='word_1_121' title='bbox 400 1654 452 1719; x_wconf 78' lang='grc' dir='ltr'><strong><em>ἐπὶ</em></strong></span> <span class='ocrx_word' id='word_1_122' title='bbox 466 1650 525 1730; x_wconf 90' lang='grc' dir='ltr'><strong><em>τάς</em></strong></span> <span class='ocrx_word' id='word_1_123' title='bbox 543 1657 679 1736; x_wconf 85' lang='grc' dir='ltr'><strong><em>γωνίας,</em></strong></span> <span class='ocrx_word' id='word_1_124' title='bbox 698 1647 777 1718; x_wconf 77' lang='grc' dir='ltr'><strong><em>καθ’</em></strong></span> <span class='ocrx_word' id='word_1_125' title='bbox 795 1646 835 1728; x_wconf 76' lang='grc' dir='ltr'><strong><em>ἃς</em></strong></span> <span class='ocrx_word' id='word_1_126' title='bbox 852 1648 1089 1718; x_wconf 80' lang='grc' dir='ltr'><strong><em>ὑποτείνουσιν</em></strong></span> 
     </span>
     <span class='ocr_line' id='line_1_16' title="bbox 74 1755 1141 1845; baseline -0.001 -20"><span class='ocrx_word' id='word_1_127' title='bbox 74 1761 113 1825; x_wconf 89' lang='grc' dir='ltr'><strong><em>αί</em></strong></span> <span class='ocrx_word' id='word_1_128' title='bbox 133 1756 260 1843; x_wconf 82' lang='grc' dir='ltr'><strong><em>βάσεις,</em></strong></span> <span class='ocrx_word' id='word_1_129' title='bbox 290 1757 423 1845; x_wconf 89' lang='grc' dir='ltr'><strong><em>μετάγει</em></strong></span> <span class='ocrx_word' id='word_1_130' title='bbox 445 1756 506 1824; x_wconf 87' lang='grc' dir='ltr'><strong><em>τὸν</em></strong></span> <span class='ocrx_word' id='word_1_131' title='bbox 534 1768 594 1842; x_wconf 78' lang='grc' dir='ltr'><strong><em>τῆς</em></strong></span> <span class='ocrx_word' id='word_1_132' title='bbox 621 1755 817 1843; x_wconf 89' lang='grc' dir='ltr'><strong><em>ἀνισότητος</em></strong></span> <span class='ocrx_word' id='word_1_133' title='bbox 843 1755 961 1840; x_wconf 80' lang='grc' dir='ltr'><strong><em>λόγον,</em></strong></span> <span class='ocrx_word' id='word_1_134' title='bbox 989 1767 1088 1824; x_wconf 84' lang='grc' dir='ltr'><strong><em>τοῦτο</em></strong></span> <span class='ocrx_word' id='word_1_135' title='bbox 1110 1782 1141 1831; x_wconf 76' lang='lat'><strong><em>15</em></strong></span> 
     </span>
     <span class='ocr_line' id='line_1_17' title="bbox 75 1859 1086 1949; baseline -0.003 -17"><span class='ocrx_word' id='word_1_136' title='bbox 75 1863 113 1932; x_wconf 67' lang='grc' dir='ltr'><strong><em>δὲ</em></strong></span> <span class='ocrx_word' id='word_1_137' title='bbox 135 1860 305 1932; x_wconf 76' lang='grc' dir='ltr'><strong><em>ἀνάπαλιν</em></strong></span> <span class='ocrx_word' id='word_1_138' title='bbox 328 1860 395 1931; x_wconf 87' lang='grc' dir='ltr'><strong><em>ἀπὸ</em></strong></span> <span class='ocrx_word' id='word_1_139' title='bbox 419 1867 488 1931; x_wconf 78' lang='grc' dir='ltr'><strong><em>τῶν</em></strong></span> <span class='ocrx_word' id='word_1_140' title='bbox 511 1866 645 1949; x_wconf 79' lang='grc' dir='ltr'><strong><em>γωνιῶν</em></strong></span> <span class='ocrx_word' id='word_1_141' title='bbox 670 1862 722 1929; x_wconf 74' lang='grc' dir='ltr'><strong><em>ἐπὶ</em></strong></span> <span class='ocrx_word' id='word_1_142' title='bbox 745 1860 803 1940; x_wconf 82' lang='grc' dir='ltr'><strong><em>τὰς</em></strong></span> <span class='ocrx_word' id='word_1_143' title='bbox 821 1861 935 1947; x_wconf 83' lang='grc' dir='ltr'><strong><em>βάσεις</em></strong></span> <span class='ocrx_word' id='word_1_144' title='bbox 954 1861 1012 1940; x_wconf 83' lang='grc' dir='ltr'><strong><em>τὰς</em></strong></span> <span class='ocrx_word' id='word_1_145' title='bbox 1029 1859 1086 1929; x_wconf 81' lang='grc' dir='ltr'><strong><em>ὑπ’</em></strong></span> 
     </span>
     <span class='ocr_line' id='line_1_18' title="bbox 74 1961 1089 2056; baseline -0.003 -18"><span class='ocrx_word' id='word_1_146' title='bbox 74 1968 189 2056; x_wconf 84' lang='grc' dir='ltr'><strong><em>αι’τάς,</em></strong></span> <span class='ocrx_word' id='word_1_147' title='bbox 214 1967 324 2056; x_wconf 76' lang='grc' dir='ltr'><strong><em>ὥσπερ</em></strong></span> <span class='ocrx_word' id='word_1_148' title='bbox 345 1961 388 2036; x_wconf 87' lang='grc' dir='ltr'><strong><em>αύ</em></strong></span> <span class='ocrx_word' id='word_1_149' title='bbox 406 1966 444 2036; x_wconf 86' lang='grc' dir='ltr'><strong><em>τὸ</em></strong></span> <span class='ocrx_word' id='word_1_150' title='bbox 464 1970 582 2054; x_wconf 79' lang='grc' dir='ltr'><strong><em>ἐφεξῆς</em></strong></span> <span class='ocrx_word' id='word_1_151' title='bbox 599 1966 825 2055; x_wconf 88' lang='grc' dir='ltr'><strong><em>ἀντίστροφον</em></strong></span> <span class='ocrx_word' id='word_1_152' title='bbox 844 1969 905 2053; x_wconf 84' lang='grc' dir='ltr'><strong><em>μέν</em></strong></span> <span class='ocrx_word' id='word_1_153' title='bbox 921 1969 989 2034; x_wconf 80' lang='grc' dir='ltr'><strong><em>ἐστι</em></strong></span> <span class='ocrx_word' id='word_1_154' title='bbox 1007 1966 1089 2054; x_wconf 90' lang='grc' dir='ltr'><strong><em>πρὸς</em></strong></span> 
     </span>
     <span class='ocr_line' id='line_1_19' title="bbox 72 2073 1089 2162; baseline -0.006 -16"><span class='ocrx_word' id='word_1_155' title='bbox 72 2080 173 2146; x_wconf 81' lang='grc' dir='ltr'><strong><em>τούτο</em></strong></span> <span class='ocrx_word' id='word_1_156' title='bbox 202 2075 286 2144; x_wconf 88' lang='grc' dir='ltr'><strong><em>κατά</em></strong></span> <span class='ocrx_word' id='word_1_157' title='bbox 313 2073 373 2143; x_wconf 84' lang='grc' dir='ltr'><strong><em>τὸν</em></strong></span> <span class='ocrx_word' id='word_1_158' title='bbox 402 2075 580 2162; x_wconf 78' lang='grc' dir='ltr'><strong><em>εἰρημένον</em></strong></span> <span class='ocrx_word' id='word_1_159' title='bbox 611 2073 753 2162; x_wconf 89' lang='grc' dir='ltr'><strong><em>τρόπον,</em></strong></span> <span class='ocrx_word' id='word_1_160' title='bbox 787 2073 1019 2159; x_wconf 85' lang='grc' dir='ltr'><strong><em>ἀντικείμενον</em></strong></span> <span class='ocrx_word' id='word_1_161' title='bbox 1052 2073 1089 2140; x_wconf 73' lang='grc' dir='ltr'><strong><em>δὲ</em></strong></span> 
     </span>
     <span class='ocr_line' id='line_1_20' title="bbox 72 2177 1125 2275; baseline -0.003 -26"><span class='ocrx_word' id='word_1_162' title='bbox 72 2186 119 2272; x_wconf 77' lang='grc' dir='ltr'><strong><em>τῷ</em></strong></span> <span class='ocrx_word' id='word_1_163' title='bbox 140 2181 173 2266; x_wconf 77' lang='grc' dir='ltr'><strong><em>η’</em></strong></span> <span class='ocrx_word' id='word_1_164' title='bbox 198 2179 399 2266; x_wconf 79' lang='grc' dir='ltr'><strong><em>θεωρήματι.</em></strong></span> <span class='ocrx_word' id='word_1_165' title='bbox 444 2180 482 2248; x_wconf 85' lang='grc' dir='ltr'><strong><em>τὸ</em></strong></span> <span class='ocrx_word' id='word_1_166' title='bbox 507 2179 655 2269; x_wconf 75' lang='grc' dir='ltr'><strong><em>μὲνγὰρ</em></strong></span> <span class='ocrx_word' id='word_1_167' title='bbox 679 2177 744 2248; x_wconf 85' lang='grc' dir='ltr'><strong><em>ἀπὸ</em></strong></span> <span class='ocrx_word' id='word_1_168' title='bbox 768 2190 827 2267; x_wconf 82' lang='grc' dir='ltr'><strong><em>τῆς</em></strong></span> <span class='ocrx_word' id='word_1_169' title='bbox 851 2179 1003 2266; x_wconf 90' lang='grc' dir='ltr'><strong><em>ίσότητος</em></strong></span> <span class='ocrx_word' id='word_1_170' title='bbox 1021 2184 1088 2248; x_wconf 79' lang='grc' dir='ltr'><strong><em>τῶν</em></strong></span> <span class='ocrx_word' id='word_1_171' title='bbox 1120 2269 1125 2275; x_wconf 23' lang='grc' dir='ltr'>ι</span> 
     </span>
     <span class='ocr_line' id='line_1_21' title="bbox 75 2283 1142 2374; baseline 0.006 -21"><span class='ocrx_word' id='word_1_172' title='bbox 75 2286 209 2372; x_wconf 85' lang='grc' dir='ltr'><strong><em>βάσεων</em></strong></span> <span class='ocrx_word' id='word_1_173' title='bbox 225 2294 298 2364; x_wconf 88' lang='grc' dir='ltr'><strong><em>ῖσας</em></strong></span> <span class='ocrx_word' id='word_1_174' title='bbox 306 2283 525 2354; x_wconf 75' lang='grc' dir='ltr'><strong><em>ἀποδείκνυσι</em></strong></span> <span class='ocrx_word' id='word_1_175' title='bbox 539 2285 598 2366; x_wconf 90' lang='grc' dir='ltr'><strong><em>τάς</em></strong></span> <span class='ocrx_word' id='word_1_176' title='bbox 607 2311 691 2374; x_wconf 82' lang='grc' dir='ltr'><strong><em>προς</em></strong></span> <span class='ocrx_word' id='word_1_177' title='bbox 699 2299 771 2366; x_wconf 88' lang='grc' dir='ltr'><strong><em>ταῖς</em></strong></span> <span class='ocrx_word' id='word_1_178' title='bbox 781 2298 945 2374; x_wconf 88' lang='grc' dir='ltr'><strong><em>κορυφαῖς</em></strong></span> <span class='ocrx_word' id='word_1_179' title='bbox 954 2291 1088 2374; x_wconf 79' lang='grc' dir='ltr'><strong><em>γωνίας,</em></strong></span> <span class='ocrx_word' id='word_1_180' title='bbox 1107 2310 1142 2359; x_wconf 79' lang='lat'><strong><em>20</em></strong></span> 
     </span>
     <span class='ocr_line' id='line_1_22' title="bbox 74 2388 1089 2480; baseline 0.001 -21"><span class='ocrx_word' id='word_1_181' title='bbox 74 2393 114 2460; x_wconf 90' lang='grc' dir='ltr'><strong><em>τὸ</em></strong></span> <span class='ocrx_word' id='word_1_182' title='bbox 134 2391 172 2460; x_wconf 76' lang='grc' dir='ltr'><strong><em>δὲ</em></strong></span> <span class='ocrx_word' id='word_1_183' title='bbox 191 2388 257 2459; x_wconf 88' lang='grc' dir='ltr'><strong><em>ἀπὸ</em></strong></span> <span class='ocrx_word' id='word_1_184' title='bbox 275 2395 333 2477; x_wconf 78' lang='grc' dir='ltr'><strong><em>τῆς</em></strong></span> <span class='ocrx_word' id='word_1_185' title='bbox 351 2391 549 2479; x_wconf 89' lang='grc' dir='ltr'><strong><em>ἀνισότητος</em></strong></span> <span class='ocrx_word' id='word_1_186' title='bbox 567 2397 636 2459; x_wconf 82' lang='grc' dir='ltr'><strong><em>τῶν</em></strong></span> <span class='ocrx_word' id='word_1_187' title='bbox 649 2391 782 2478; x_wconf 83' lang='grc' dir='ltr'><strong><em>βάσεων</em></strong></span> <span class='ocrx_word' id='word_1_188' title='bbox 796 2393 852 2460; x_wconf 78' lang='grc' dir='ltr'><strong><em>καὶ</em></strong></span> <span class='ocrx_word' id='word_1_189' title='bbox 866 2390 924 2471; x_wconf 88' lang='grc' dir='ltr'><strong><em>τάς</em></strong></span> <span class='ocrx_word' id='word_1_190' title='bbox 937 2392 1089 2480; x_wconf 80' lang='grc' dir='ltr'><strong><em>κορυφὰς</em></strong></span> 
     </span>
     <span class='ocr_line' id='line_1_23' title="bbox 73 2495 1087 2586; baseline 0 -20"><span class='ocrx_word' id='word_1_191' title='bbox 73 2496 216 2578; x_wconf 87' lang='grc' dir='ltr'><strong><em>ἀνίσους</em></strong></span> <span class='ocrx_word' id='word_1_192' title='bbox 229 2495 418 2584; x_wconf 78' lang='grc' dir='ltr'><strong><em>ἀποφαίνει.</em></strong></span> <span class='ocrx_word' id='word_1_193' title='bbox 437 2497 554 2566; x_wconf 87' lang='grc' dir='ltr'><strong><em>κοινὸν</em></strong></span> <span class='ocrx_word' id='word_1_194' title='bbox 569 2498 606 2565; x_wconf 74' lang='grc' dir='ltr'><strong><em>δὲ</em></strong></span> <span class='ocrx_word' id='word_1_195' title='bbox 615 2512 684 2578; x_wconf 87' lang='grc' dir='ltr'><strong><em>τοῖς</em></strong></span> <span class='ocrx_word' id='word_1_196' title='bbox 693 2500 881 2586; x_wconf 78' lang='grc' dir='ltr'><strong><em>τέσσαρσιν,</em></strong></span> <span class='ocrx_word' id='word_1_197' title='bbox 897 2497 1087 2568; x_wconf 84' lang='grc' dir='ltr'><strong><em>ὅτιτούτων</em></strong></span> 
     </span>
     <span class='ocr_line' id='line_1_24' title="bbox 71 2603 1088 2693; baseline -0.001 -20"><span class='ocrx_word' id='word_1_198' title='bbox 71 2603 114 2673; x_wconf 87' lang='grc' dir='ltr'><strong><em>τά</em></strong></span> <span class='ocrx_word' id='word_1_199' title='bbox 138 2604 200 2691; x_wconf 78' lang='grc' dir='ltr'><strong><em>μὲν</em></strong></span> <span class='ocrx_word' id='word_1_200' title='bbox 224 2603 288 2672; x_wconf 76' lang='grc' dir='ltr'><strong><em>δύο</em></strong></span> <span class='ocrx_word' id='word_1_201' title='bbox 312 2605 387 2691; x_wconf 80' lang='grc' dir='ltr'><strong><em>περὶ</em></strong></span> <span class='ocrx_word' id='word_1_202' title='bbox 411 2603 449 2672; x_wconf 86' lang='grc' dir='ltr'><strong><em>τὸ</em></strong></span> <span class='ocrx_word' id='word_1_203' title='bbox 474 2614 549 2672; x_wconf 88' lang='grc' dir='ltr'><strong><em>ῖσον</em></strong></span> <span class='ocrx_word' id='word_1_204' title='bbox 573 2606 773 2691; x_wconf 85' lang='grc' dir='ltr'><strong><em>στρέφονται</em></strong></span> <span class='ocrx_word' id='word_1_205' title='bbox 796 2609 833 2674; x_wconf 85' lang='grc' dir='ltr'><strong><em>τὸ</em></strong></span> <span class='ocrx_word' id='word_1_206' title='bbox 855 2608 1013 2693; x_wconf 83' lang='grc' dir='ltr'><strong><em>τέταρτον</em></strong></span> <span class='ocrx_word' id='word_1_207' title='bbox 1031 2606 1088 2672; x_wconf 79' lang='grc' dir='ltr'><strong><em>καί</em></strong></span> 
     </span>
     <span class='ocr_line' id='line_1_25' title="bbox 72 2709 1087 2797; baseline -0.001 -18"><span class='ocrx_word' id='word_1_208' title='bbox 72 2709 112 2779; x_wconf 83' lang='grc' dir='ltr'><strong><em>τὸ</em></strong></span> <span class='ocrx_word' id='word_1_209' title='bbox 136 2709 184 2796; x_wconf 84' lang='grc' dir='ltr'><strong><em>η’,</em></strong></span> <span class='ocrx_word' id='word_1_210' title='bbox 207 2710 246 2778; x_wconf 86' lang='grc' dir='ltr'><strong><em>τά</em></strong></span> <span class='ocrx_word' id='word_1_211' title='bbox 272 2711 309 2778; x_wconf 74' lang='grc' dir='ltr'><strong><em>δὲ</em></strong></span> <span class='ocrx_word' id='word_1_212' title='bbox 333 2709 397 2778; x_wconf 76' lang='grc' dir='ltr'><strong><em>δύο</em></strong></span> <span class='ocrx_word' id='word_1_213' title='bbox 421 2711 497 2797; x_wconf 85' lang='grc' dir='ltr'><strong><em>περὶ</em></strong></span> <span class='ocrx_word' id='word_1_214' title='bbox 520 2709 557 2779; x_wconf 89' lang='grc' dir='ltr'><strong><em>τὸ</em></strong></span> <span class='ocrx_word' id='word_1_215' title='bbox 581 2709 703 2779; x_wconf 87' lang='grc' dir='ltr'><strong><em>ἀνισον</em></strong></span> <span class='ocrx_word' id='word_1_216' title='bbox 722 2711 823 2779; x_wconf 83' lang='grc' dir='ltr'><strong><em>τοῦτό</em></strong></span> <span class='ocrx_word' id='word_1_217' title='bbox 841 2738 876 2778; x_wconf 90' lang='grc' dir='ltr'><strong><em>τε</em></strong></span> <span class='ocrx_word' id='word_1_218' title='bbox 894 2711 950 2778; x_wconf 80' lang='grc' dir='ltr'><strong><em>καὶ</em></strong></span> <span class='ocrx_word' id='word_1_219' title='bbox 968 2738 1006 2778; x_wconf 91' lang='grc' dir='ltr'><strong><em>το</em></strong></span> <span class='ocrx_word' id='word_1_220' title='bbox 1025 2710 1087 2794; x_wconf 86' lang='grc' dir='ltr'><strong><em>κε’,</em></strong></span> 
     </span>
     <span class='ocr_line' id='line_1_26' title="bbox 72 2813 1140 2904; baseline 0.005 -21"><span class='ocrx_word' id='word_1_221' title='bbox 72 2815 131 2883; x_wconf 79' lang='grc' dir='ltr'><strong><em>καί</em></strong></span> <span class='ocrx_word' id='word_1_222' title='bbox 155 2815 218 2884; x_wconf 81' lang='grc' dir='ltr'><strong><em>δύο</em></strong></span> <span class='ocrx_word' id='word_1_223' title='bbox 241 2815 302 2903; x_wconf 64' lang='grc' dir='ltr'><strong><em>μὲν</em></strong></span> <span class='ocrx_word' id='word_1_224' title='bbox 325 2813 390 2884; x_wconf 88' lang='grc' dir='ltr'><strong><em>ἀπὸ</em></strong></span> <span class='ocrx_word' id='word_1_225' title='bbox 419 2821 486 2884; x_wconf 80' lang='grc' dir='ltr'><strong><em>τῶν</em></strong></span> <span class='ocrx_word' id='word_1_226' title='bbox 513 2820 648 2903; x_wconf 73' lang='grc' dir='ltr'><strong><em>γωνιῶν</em></strong></span> <span class='ocrx_word' id='word_1_227' title='bbox 676 2815 836 2902; x_wconf 86' lang='grc' dir='ltr'><strong><em>ἀρχονται</em></strong></span> <span class='ocrx_word' id='word_1_228' title='bbox 864 2815 902 2884; x_wconf 86' lang='grc' dir='ltr'><strong><em>τὸ</em></strong></span> <span class='ocrx_word' id='word_1_229' title='bbox 929 2818 1087 2904; x_wconf 83' lang='grc' dir='ltr'><strong><em>τέταρτον</em></strong></span> <span class='ocrx_word' id='word_1_230' title='bbox 1106 2840 1140 2889; x_wconf 79' lang='lat'><strong><em>25</em></strong></span> 
     </span>
     <span class='ocr_line' id='line_1_27' title="bbox 72 2920 1087 3011; baseline -0.001 -22"><span class='ocrx_word' id='word_1_231' title='bbox 72 2922 130 2990; x_wconf 77' lang='grc' dir='ltr'><strong><em>καί</em></strong></span> <span class='ocrx_word' id='word_1_232' title='bbox 153 2920 190 2990; x_wconf 84' lang='grc' dir='ltr'><strong><em>τὸ</em></strong></span> <span class='ocrx_word' id='word_1_233' title='bbox 213 2927 279 2990; x_wconf 85' lang='grc' dir='ltr'><strong><em>νῦν</em></strong></span> <span class='ocrx_word' id='word_1_234' title='bbox 302 2928 537 3011; x_wconf 85' lang='grc' dir='ltr'><strong><em>προκείμενον,</em></strong></span> <span class='ocrx_word' id='word_1_235' title='bbox 567 2921 629 2990; x_wconf 78' lang='grc' dir='ltr'><strong><em>δύο</em></strong></span> <span class='ocrx_word' id='word_1_236' title='bbox 654 2922 691 2989; x_wconf 74' lang='grc' dir='ltr'><strong><em>δὲ</em></strong></span> <span class='ocrx_word' id='word_1_237' title='bbox 714 2920 780 2989; x_wconf 91' lang='grc' dir='ltr'><strong><em>ἀπὸ</em></strong></span> <span class='ocrx_word' id='word_1_238' title='bbox 804 2924 871 2988; x_wconf 80' lang='grc' dir='ltr'><strong><em>τῶν</em></strong></span> <span class='ocrx_word' id='word_1_239' title='bbox 894 2920 1026 3005; x_wconf 79' lang='grc' dir='ltr'><strong><em>βάσεων</em></strong></span> <span class='ocrx_word' id='word_1_240' title='bbox 1049 2920 1087 2989; x_wconf 89' lang='grc' dir='ltr'><strong><em>τό</em></strong></span> 
     </span>
     <span class='ocr_line' id='line_1_28' title="bbox 71 3021 1086 3117; baseline -0.004 -20"><span class='ocrx_word' id='word_1_241' title='bbox 71 3054 108 3097; x_wconf 91' lang='grc' dir='ltr'><strong><em>τε</em></strong></span> <span class='ocrx_word' id='word_1_242' title='bbox 131 3029 167 3115; x_wconf 83' lang='grc' dir='ltr'><strong><em>η’</em></strong></span> <span class='ocrx_word' id='word_1_243' title='bbox 186 3029 242 3096; x_wconf 81' lang='grc' dir='ltr'><strong><em>καὶ</em></strong></span> <span class='ocrx_word' id='word_1_244' title='bbox 264 3027 303 3096; x_wconf 86' lang='grc' dir='ltr'><strong><em>τὸ</em></strong></span> <span class='ocrx_word' id='word_1_245' title='bbox 326 3029 385 3096; x_wconf 86' lang='grc' dir='ltr'><strong><em>κε’.</em></strong></span> <span class='ocrx_word' id='word_1_246' title='bbox 423 3033 477 3096; x_wconf 74' lang='grc' dir='ltr'><strong><em>δεῖ</em></strong></span> <span class='ocrx_word' id='word_1_247' title='bbox 494 3021 557 3097; x_wconf 87' lang='grc' dir='ltr'><strong><em>οὖν</em></strong></span> <span class='ocrx_word' id='word_1_248' title='bbox 575 3031 706 3107; x_wconf 88' lang='grc' dir='ltr'><strong><em>τούτοις</em></strong></span> <span class='ocrx_word' id='word_1_249' title='bbox 724 3041 794 3106; x_wconf 88' lang='grc' dir='ltr'><strong><em>τοῖς</em></strong></span> <span class='ocrx_word' id='word_1_250' title='bbox 812 3028 968 3114; x_wconf 82' lang='grc' dir='ltr'><strong><em>τέσσαρσι</em></strong></span> <span class='ocrx_word' id='word_1_251' title='bbox 987 3030 1032 3117; x_wconf 79' lang='grc' dir='ltr'><strong><em>τῷ</em></strong></span> <span class='ocrx_word' id='word_1_252' title='bbox 1053 3025 1086 3093; x_wconf 77' lang='grc' dir='ltr'><strong><em>δ’</em></strong></span> 
     </span>
     <span class='ocr_line' id='line_1_29' title="bbox 71 3130 1089 3221; baseline -0.004 -18"><span class='ocrx_word' id='word_1_253' title='bbox 71 3135 128 3203; x_wconf 78' lang='grc' dir='ltr'><strong><em>καὶ</em></strong></span> <span class='ocrx_word' id='word_1_254' title='bbox 152 3135 187 3221; x_wconf 83' lang='grc' dir='ltr'><strong><em>η’</em></strong></span> <span class='ocrx_word' id='word_1_255' title='bbox 210 3135 267 3202; x_wconf 80' lang='grc' dir='ltr'><strong><em>καὶ</em></strong></span> <span class='ocrx_word' id='word_1_256' title='bbox 289 3135 344 3203; x_wconf 78' lang='grc' dir='ltr'><strong><em>κδ’</em></strong></span> <span class='ocrx_word' id='word_1_257' title='bbox 364 3136 420 3202; x_wconf 81' lang='grc' dir='ltr'><strong><em>καί</em></strong></span> <span class='ocrx_word' id='word_1_258' title='bbox 442 3134 492 3202; x_wconf 77' lang='grc' dir='ltr'><strong><em>κε’</em></strong></span> <span class='ocrx_word' id='word_1_259' title='bbox 515 3139 597 3203; x_wconf 84' lang='grc' dir='ltr'><strong><em>πᾶσι</em></strong></span> <span class='ocrx_word' id='word_1_260' title='bbox 619 3133 656 3200; x_wconf 91' lang='grc' dir='ltr'><strong><em>τὸ</em></strong></span> <span class='ocrx_word' id='word_1_261' title='bbox 681 3131 739 3214; x_wconf 88' lang='grc' dir='ltr'><strong><em>τάς</em></strong></span> <span class='ocrx_word' id='word_1_262' title='bbox 763 3133 827 3200; x_wconf 78' lang='grc' dir='ltr'><strong><em>δύο</em></strong></span> <span class='ocrx_word' id='word_1_263' title='bbox 845 3130 990 3219; x_wconf 81' lang='grc' dir='ltr'><strong><em>πλευρὰς</em></strong></span> <span class='ocrx_word' id='word_1_264' title='bbox 1014 3140 1089 3212; x_wconf 87' lang='grc' dir='ltr'><strong><em>ίσας</em></strong></span> 
     </span>
     <span class='ocr_line' id='line_1_30' title="bbox 72 3238 1086 3329; baseline -0.003 -21"><span class='ocrx_word' id='word_1_265' title='bbox 72 3245 162 3327; x_wconf 80' lang='grc' dir='ltr'><strong><em>ἔχειν</em></strong></span> <span class='ocrx_word' id='word_1_266' title='bbox 180 3254 253 3319; x_wconf 88' lang='grc' dir='ltr'><strong><em>ταῖς</em></strong></span> <span class='ocrx_word' id='word_1_267' title='bbox 272 3239 335 3308; x_wconf 77' lang='grc' dir='ltr'><strong><em>δύο</em></strong></span> <span class='ocrx_word' id='word_1_268' title='bbox 354 3248 511 3329; x_wconf 82' lang='grc' dir='ltr'><strong><em>πλευραῖς</em></strong></span> <span class='ocrx_word' id='word_1_269' title='bbox 530 3240 688 3329; x_wconf 79' lang='grc' dir='ltr'><strong><em>ἑκατέραν</em></strong></span> <span class='ocrx_word' id='word_1_270' title='bbox 708 3240 857 3328; x_wconf 78' lang='grc' dir='ltr'><strong><em>ἑκατέρη·</em></strong></span> <span class='ocrx_word' id='word_1_271' title='bbox 880 3239 1009 3306; x_wconf 86' lang='grc' dir='ltr'><strong><em>τούτων</em></strong></span> <span class='ocrx_word' id='word_1_272' title='bbox 1021 3238 1086 3325; x_wconf 87' lang='grc' dir='ltr'><strong><em>γάρ</em></strong></span> 
     </span>
    </p>
   </div>
   <div class='ocr_carea' id='block_1_3' title="bbox 110 3384 1091 3544">
    <p class='ocr_par' dir='ltr' id='par_1_3' title="bbox 110 3384 1091 3544">
     <span class='ocr_line' id='line_1_31' title="bbox 147 3384 1091 3470; baseline -0.002 -16"><span class='ocrx_word' id='word_1_273' title='bbox 147 3405 172 3454; x_wconf 88' lang='grc'><strong><em>3.</em></strong></span> <span class='ocrx_word' id='word_1_274' title='bbox 192 3395 253 3470; x_wconf 83' lang='grc' dir='ltr'><strong><em>ὁτί]</em></strong></span> <span class='ocrx_word' id='word_1_275' title='bbox 273 3394 289 3453; x_wconf 77' lang='grc' dir='ltr'>ὅ</span> <span class='ocrx_word' id='word_1_276' title='bbox 307 3384 334 3464; x_wconf 89' lang='lat' dir='ltr'><em>A</em></span> <span class='ocrx_word' id='word_1_277' title='bbox 347 3399 382 3454; x_wconf 87' lang='lat' dir='ltr'><strong><em>V.</em></strong></span> <span class='ocrx_word' id='word_1_278' title='bbox 473 3404 497 3452; x_wconf 84' lang='lat'><strong><em>4.</em></strong></span> <span class='ocrx_word' id='word_1_279' title='bbox 522 3399 597 3470; x_wconf 80' lang='grc' dir='ltr'><strong><em>ἴσην]</em></strong></span> <span class='ocrx_word' id='word_1_280' title='bbox 616 3398 730 3454; x_wconf 79' lang='lat' dir='ltr'><strong>Proclus</strong></span> <span class='ocrx_word' id='word_1_281' title='bbox 749 3417 778 3468; x_wconf 88' lang='lat' dir='ltr'><strong><em>p.</em></strong></span> <span class='ocrx_word' id='word_1_282' title='bbox 797 3403 862 3466; x_wconf 79' lang='grc'>336,</span> <span class='ocrx_word' id='word_1_283' title='bbox 882 3404 930 3463; x_wconf 71' lang='grc' dir='ltr'><strong><em>19ς</em></strong></span> <span class='ocrx_word' id='word_1_284' title='bbox 955 3415 1012 3454; x_wconf 79' lang='lat' dir='ltr'><strong><em>om.</em></strong></span> <span class='ocrx_word' id='word_1_285' title='bbox 1029 3397 1091 3464; x_wconf 54' lang='lat' dir='ltr'><strong><em>Vq.</em></strong></span> 
     </span>
     <span class='ocr_line' id='line_1_32' title="bbox 110 3465 353 3544; baseline 0.004 -20"><span class='ocrx_word' id='word_1_286' title='bbox 110 3476 155 3526; x_wconf 74' lang='lat'><strong><em>27.</em></strong></span> <span class='ocrx_word' id='word_1_287' title='bbox 174 3470 226 3544; x_wconf 79' lang='grc' dir='ltr'><strong><em>τῷ]</em></strong></span> <span class='ocrx_word' id='word_1_288' title='bbox 244 3465 277 3524; x_wconf 83' lang='grc' dir='ltr'><strong><em>τό</em></strong></span> <span class='ocrx_word' id='word_1_289' title='bbox 295 3471 353 3538; x_wconf 87' lang='lat' dir='ltr'><strong><em>Vq.</em></strong></span> 
     </span>
    </p>
   </div>
   <div class='ocr_carea' id='block_1_4' title="bbox 896 3560 1120 3618">
    <p class='ocr_par' dir='ltr' id='par_1_4' title="bbox 896 3560 1120 3618">
     <span class='ocr_line' id='line_1_33' title="bbox 896 3560 1120 3618; baseline -0.018 -21"><span class='ocrx_word' id='word_1_290' title='bbox 896 3560 956 3618; x_wconf 53' lang='lat' dir='ltr'><strong><em>n*</em></strong></span> <span class='ocrx_word' id='word_1_291' title='bbox 1107 3564 1120 3593; x_wconf 74' lang='lat' dir='ltr'><strong><em>-s</em></strong></span> 
     </span>
    </p>
   </div>
   <div class='ocr_carea' id='block_1_5' title="bbox 0 0 1186 3796">
    <p class='ocr_par' dir='ltr' id='par_1_5' title="bbox 0 0 1186 3796">
     <span class='ocr_line' id='line_1_34' title="bbox 0 0 1186 3796; baseline 0 0"><span class='ocrx_word' id='word_1_292' title='bbox 0 0 1186 3796; x_wconf 95' lang='lat' dir='ltr'><strong><em> </em></strong></span> 
     </span>
    </p>
   </div>
  </div>
 </body>
</html>
