2362 3796
453 972 498 1043 In
524 970 662 1043 librum
689 945 731 1042 ι’.

151 1133 178 1193 1.
211 1123 344 1203 Σκοπὸς
361 1129 406 1214 τῷ
426 1125 560 1213 πέμπτῳ
578 1126 699 1211 βιβλίῳ
720 1123 796 1210 περὶ
814 1118 1006 1208 ἀναλογιῶν
1026 1125 1098 1189 δια-

81 1238 211 1316 λαβεῖν·
247 1230 364 1298 κοιυδν
392 1229 457 1317 γάρ
485 1232 584 1296 τοῦτο
612 1227 651 1296 τὸ
679 1233 814 1314 βιβλίον
838 1233 1040 1315 γεωμετρίας
1062 1253 1099 1296 τε

81 1338 138 1406 καὶ
165 1334 387 1425 ἀριθμητικῆς
413 1335 469 1402 καὶ
497 1337 659 1421 μουσικῆς
685 1334 741 1401 καὶ
769 1332 877 1420 πόσης
905 1331 1017 1413 ἀπλῶς
1039 1337 1100 1420 τῆς

84 1445 317 1532 μαθηματικῆς
327 1440 514 1528 ἐπιστήμης.
537 1441 577 1507 τὰ
592 1437 657 1526 γάρ
673 1441 709 1507 έν
723 1437 813 1531 αὐτῷ
829 1439 1099 1526 ἀποδεικνύμενα

47 1547 125 1622 5οά
148 1547 257 1636 μόνον
280 1560 511 1634 γεωμετρικοῖς
534 1542 668 1634 ἁρμόζει
685 1544 915 1634 θεωρήμασιν,
938 1543 1099 1615 ἀλλὰκαὶ

82 1659 163 1722 πᾶσι
176 1667 247 1732 τοῖς
259 1651 324 1721 ὑπὸ
340 1651 574 1740 μαθηματικήν
587 1656 810 1738 τεταγμένοις,
829 1649 873 1732 ὡς
892 1658 1100 1740 προείρηται,

84 1761 274 1847 ἐπιστήμην.
321 1757 338 1827 ὁ
367 1759 428 1846 μὲν
457 1751 521 1827 οὖν
549 1748 812 1844 σκοπὸς-οὗτος,
839 1756 877 1826 τὸ
903 1758 940 1826 δὲ
961 1763 1099 1845 βιβλίον

83 1864 240 1948 Εὐδόξου
270 1865 358 1945 τινες
385 1863 519 1954 εὕρεσιν
548 1861 635 1932 εἶναι
663 1864 798 1949 λέγουσι
824 1867 886 1932 τοῦ
913 1862 1101 1943 Πλάτωνος

85 1972 300 2041 διδασκάλου.
338 1971 409 2039 ἐπεὶ
428 1965 491 2039 οὖν
513 1967 674 2049 ὁσκοπός
696 1973 771 2054 περὶ
793 1968 996 2056 ἀναλογιῶν,
1019 1967 1039 2056 ῆ
1061 1968 1101 2037 δὲ

32 2104 66 2153 10
86 2077 248 2163 ἀναλογία
273 2077 383 2162 λόγων
401 2081 505 2144 τινῶν
524 2079 645 2162 σχέσις,
667 2072 852 2162 ἀναγκαίου
870 2080 999 2162 γνῶναι
1016 2073 1101 2161 πρό-

83 2208 194 2271 τερον,
216 2189 306 2261 τίνες
328 2183 363 2250 οί
382 2185 530 2250 τοιοῦτοι
552 2181 657 2268 λόγοι.
693 2185 747 2250 δεῖ
766 2181 830 2270 γάρ
849 2181 889 2250 τά
912 2179 1001 2249 ἀπλά
1019 2182 1102 2268 πρό·

83 2314 182 2375 τερον
209 2292 338 2372 γνῶναι
365 2290 432 2355 τῶν
460 2289 644 2356 συνθέτων.
690 2286 749 2356 ἐάν
778 2293 896 2356 τοίνυν
918 2289 994 2355 τινὰ
1019 2307 1102 2373 συγ-

84 2400 237 2480 κρίνηται
260 2395 344 2479 πρὸς
367 2391 504 2480 ἀλληλα,
528 2395 609 2480 φέρε
633 2399 738 2462 είπεῑν
762 2393 825 2462 δύο
848 2393 989 2481 μεγέθη,
1013 2389 1101 2461 αὐτὰ

84 2496 145 2587 μὲν
166 2497 240 2583 ὅροι
259 2503 449 2586 καλοῦνται,
467 2497 488 2585 ῆ
508 2498 546 2567 δδ
564 2497 629 2568 ἀπὸ
648 2511 710 2568 τοῦ
729 2500 845 2587 ἑτέρου
864 2500 917 2567 ἐπὶ
930 2497 968 2567 τὸ
982 2499 1102 2586 ἕτερον

34 2631 67 2682 15
88 2606 284 2694 μετάστασις
308 2605 488 2692 διάστημα,
511 2603 532 2691 ῆ
557 2605 594 2673 δὲ
611 2609 672 2674 τοῦ
692 2606 807 2689 ἑτέρου
823 2603 908 2693 πρὸς
925 2604 962 2673 τδ
983 2606 1101 2692 ἕτερον

85 2713 257 2800 σύγκρισις
281 2713 405 2799 σχέσις,
428 2710 471 2799 ῆν
495 2710 656 2779 ε’κάλεσαυ
680 2713 716 2778 οί
735 2712 872 2779 παλαιοὶ
894 2709 1013 2797 λόγου,
1035 2709 1102 2798 τῆν

157 2915 181 2962 1.
200 2905 458 2977 PBFVat.q(Al).

157 3095 180 3141 1.
201 3084 311 3154 σγόλιον
331 3081 371 3146 είς
389 3081 421 3137 τὸ
441 3079 466 3136 ε’
487 3078 594 3151 ἀδήλου
617 3099 645 3151 q.
733 3076 748 3134 ὁ
768 3078 873 3143 σκοπός
892 3081 923 3134 B.
1013 3080 1065 3149 τῆς
1084 3087 1100 3136 ἔ

84 3159 181 3230 βίβλου
201 3173 226 3245 (η.
280 3162 308 3211 2.
327 3153 424 3225 τοῦτο]
443 3170 497 3208 om.
516 3169 543 3221 q.
606 3171 635 3206 τε
651 3152 717 3222 καί]
738 3167 784 3206 om
803 3170 829 3221 q.
898 3158 922 3206 8.
941 3152 994 3205 καί
1011 3151 1102 3221 (tert.)

85 3259 117 3268 -
144 3234 166 3281 7.
188 3227 280 3296 ουτος]
300 3242 354 3281 om.
375 3241 401 3291 q.
483 3230 508 3278 3.
527 3223 588 3295 τῆς]
609 3239 661 3278 om.
679 3223 709 3277 F.
789 3229 814 3277 6.
833 3222 921 3276 πᾶσιν
939 3220 999 3279 PB.
1075 3228 1102 3278 7.

84 3288 177 3367 οὗτος]
197 3302 323 3358 τοιοῦτος
341 3294 371 3347 Ρ.
444 3299 469 3348 8.
488 3290 564 3356 τινός
583 3311 610 3362 q.
675 3288 799 3363 εὕρεσιν]
818 3309 872 3347 om.
888 3291 943 3361 Bq.
1010 3287 1103 3365 εἶναι]

80 3385 133 3489 σιξ.
155 3385 185 3506 ρ]
250 3362 519 3494 λέγουσινῙΞΒνρτ.
575 3370 609 3490 ἕ.
630 3359 798 3490 §HQ-12⁸
818 3362 980 3486 ovvgbvmv]
1001 3377 1057 3417 om.
1074 3381 1102 3433 q.

121 3456 168 3490 .0
200 3453 256 3495 om.
300 3479 307 3493 .
423 3454 559 3509 ,σχεσεις
602 3479 608 3496 .
719 3452 851 3505 &mm
893 3475 900 3488 =
