2362 3796
98 127 142 193 90
250 127 406 180 SOHOLIA
424 129 464 180 IN
481 127 756 203 ELEMENTORUM
774 128 913 180 LIBRUM
926 128 949 180 1.

96 269 225 337 τούτων
258 269 311 336 ἐπὶ
341 270 401 349 τὰς
432 265 536 354 ἀρχὰς
567 266 793 357 ἀναφέροντες
823 267 882 347 τάς
912 272 1019 348 αίτίας
1049 268 1111 335 οὐκ

98 371 263 461 ἀποροῦσι
292 376 368 464 περὶ
397 379 454 462 της
483 373 698 454 ὑποστάσεως
727 372 849 443 αὐτῶν.
901 375 1014 460 ἐπειδὴ
1046 377 1110 461 γὰρ

97 483 164 548 τῶν
182 479 295 569 ἀρχεῖν
314 480 335 566 ἡ
355 480 417 568 μέν
435 479 517 548 κατὰ
535 484 573 549 τὸ
592 482 694 568 πέρας
709 480 907 567 ὑφέστηκεν,
930 476 951 565 ἡ
972 478 1009 547 δὲ
1027 482 1111 547 κατὰ

90 586 134 655 ’τὸ
157 584 311 673 ἀπειρον,
339 593 398 655 καί
423 588 514 655 ἐστιν
541 615 562 673 η
591 586 652 674 μέν
681 585 764 675 ὅρου
786 585 841 653 καὶ
865 585 1019 672 ἰσότητος
1041 599 1113 666 τοῖς

61 693 361 780 οάποτελέσμασιν
385 697 485 778 αίτία,
508 691 530 780 ἡ
554 693 592 762 δὲ
614 694 766 782 προόδου
788 692 844 760 καὶ
868 690 1036 778 αὐξήσεως
1054 692 1111 760 καὶ

95 798 262 885 μειώσεως
297 800 353 867 καλ
390 803 550 879 παντοίας
586 799 775 888 ἑτερότητος
811 797 867 865 καὶ
903 802 972 866 τῶν
1009 797 1110 867 εὐθυ-

94 904 258 993 γράμμων
291 917 427 992 γωνιῶν
463 902 535 975 κατ’
567 908 694 986 ἐκείνας
730 907 918 992 ἱσταμένων
954 908 1016 991 τὴν
1048 904 1110 990 μὲν

96 1008 208 1098 ὀρθὴν
240 1009 258 1080 ὁ
292 1010 359 1080 ἀπὸ
390 1017 451 1081 τοῦ
483 1014 625 1100 πέρατος
656 1014 748 1082 ἀκων
781 1012 882 1099 λόγος
915 1009 1109 1081 ἀπετέλεσεν

96 1115 224 1203 ίσότητι
242 1121 473 1206 κρατουμένην
491 1120 546 1188 καὶ
566 1119 737 1206 ὁμοιότητι
755 1119 810 1187 καὶ
834 1117 1024 1205 ὡρισμένην
1043 1118 1109 1185 αίεὶ

44 1245 76 1293 10
94 1222 151 1288 καλ
173 1224 236 1308 τὴν
259 1224 365 1311 αὑτὴν
389 1227 554 1310 έστεόσαν,
585 1224 603 1294 ὁ
628 1226 666 1294 δὲ
688 1223 754 1294 ἀπὸ
777 1230 836 1312 τῆς
859 1225 1009 1312 ἀπειρίας
1032 1223 1108 1290 δεό-

95 1351 190 1415 τερος
213 1324 262 1400 τόν
285 1330 340 1397 καὶ
365 1330 524 1411 δυαδικδς
542 1333 596 1399 καὶ
614 1338 739 1418 γωνίας
757 1331 928 1417 ἀνέφηνεν
948 1327 1107 1408 δυαδικάς

96 1434 267 1520 ἀνισότητι
291 1438 494 1524 διηρημένας
516 1435 598 1505 κατά
621 1439 659 1505 τδ
684 1443 796 1523 μεῖζον
818 1437 874 1505 καὶ
897 1443 1035 1505 ἔλαττον
1052 1436 1109 1504 καὶ

95 1536 217 1626 ὅμοιον
238 1543 293 1609 καὶ
316 1540 491 1630 ἀνόμοιον.
537 1546 593 1611 διά
622 1547 726 1611 ταῦτα
753 1542 809 1610 καὶ
836 1544 894 1623 τὰς
917 1541 978 1629 μὲν
1002 1541 1110 1629 ὀρθὰς

96 1651 142 1727 είς
172 1649 253 1728 τοὺς
285 1647 473 1737 ἀχράντους
500 1647 733 1737 ἀναπέμπουσι
764 1648 820 1716 καὶ
852 1647 1006 1729 ἀπλέτους
1039 1652 1107 1716 δια-

43 1779 75 1828 15
94 1751 250 1840 κόσμους,
273 1755 331 1835 τὰς
353 1755 392 1824 δὲ
414 1754 522 1838 ὀξείας
543 1757 600 1824 καὶ
618 1753 776 1843 ἀμβλείας
792 1768 863 1836 τοϊς
880 1758 939 1840 τῆς
956 1755 1109 1839 προόδου

94 1860 151 1927 καλ
173 1860 335 1949 κινήσεως
356 1864 413 1930 καὶ
436 1869 601 1942 ποικιλίας
621 1866 691 1930 τῶν
714 1862 904 1948 γινομένων
928 1861 1108 1948 δυνάμεων

95 1982 260 2055 χορηγοῖς.
314 1971 351 2036 τὸ
384 1971 449 2054 γὰρ
482 1965 593 2054 ἀμβλὺ
623 1972 681 2053 τῆς
714 1967 767 2035 ἐπὶ
799 1971 866 2035 πᾶν
897 1964 1109 2052 ἀπλουμένης

95 2076 163 2140 τῶν
184 2078 286 2142 είδων
306 2073 467 2152 ἐκτάσεως
486 2072 596 2158 είκοόν,
619 2071 731 2140 καὶτὸ
751 2068 811 2154 όξὺ
829 2077 887 2158 τῆς
907 2076 1108 2161 διαιρετικῆς

95 2178 150 2244 καὶ
177 2182 348 2264 κινητικῆς
374 2183 442 2247 τῶν
475 2176 564 2247 ὅλων
597 2182 705 2259 αίτίας
737 2175 950 2266 ἀφομοίωσιν
984 2184 1106 2264 ἔλαχεν.

41 2308 76 2358 20
96 2281 150 2349 διὸ
173 2284 228 2350 καὶ
247 2294 287 2372 τῇ
307 2287 397 2372 ψυχῇ
417 2279 531 2371 ὀρθῶς
548 2289 773 2373 παραινοῦσιν
793 2289 840 2363 είς
857 2285 990 2370 γένεσιν
1009 2283 1106 2373 ίοόση

95 2386 178 2455 κατὰ
200 2413 237 2456 το
262 2387 394 2468 ἀκλινὲς
415 2390 472 2457 καὶ
495 2387 633 2478 ἀρρεπὲς
657 2403 778 2479 χωρεῖν
800 2392 857 2458 καί
880 2388 966 2470 ὅλως
987 2393 1026 2458 τὸ
1049 2395 1109 2478 τῆς

96 2490 202 2580 ὀρθῆς
234 2491 331 2574 είδος.
397 2495 567 2583 σύμβολον
599 2499 664 2584 γὰρ
695 2496 751 2565 καὶ
783 2494 804 2583 ἡ
841 2495 984 2575 κάθετός
1016 2498 1108 2564 ἐστιν

95 2595 256 2688 ἀρρεψίας
278 2601 334 2669 καὶ
357 2600 527 2688 ἀχράντου
545 2602 775 2690 καθαρότητος
793 2603 848 2670 καὶ
867 2603 989 2689 μέτρου
1007 2607 1108 2671 θείου

94 2707 150 2773 καὶ
165 2712 296 2796 νοεροῦ.
328 2708 385 2775 καὶ
398 2710 463 2797 γὰρ
479 2710 517 2777 έν
530 2723 601 2788 τοῖς
619 2710 837 2795 φαινομένοις
855 2736 895 2776 τα
914 2705 1107 2794 ὑψηλότατα

42 2837 76 2888 25
97 2815 153 2880 διδι
171 2814 291 2901 ταύτης
310 2811 443 2903 ὁρῶμεν
460 2818 518 2901 τη”ς
536 2812 671 2894 εὐθείας
688 2815 744 2884 καὶ
762 2819 802 2902 τῇ
816 2816 900 2902 πρὸς
913 2813 976 2901 τὴν
995 2812 1107 2903 όρθηυ

95 2916 252 3010 ἀναφορᾷ
283 2919 342 3000 τὰς
374 2919 477 3000 ἀλλας
506 2918 768 3009 εὑθυγράμμους
795 2926 920 3006 γωνίας
950 2918 1104 3008 ὁρίζομεν

95 3023 198 3106 αὑτὰς
222 3025 326 3106 οὔσας
348 3023 409 3114 ἀφ’
427 3028 554 3096 ἑαυτῶν
573 3022 762 3115 ἀορίστους·
794 3029 831 3095 έν
848 3024 1018 3114 ὑπερβολῇ
1040 3025 1106 3112 γὰρ

94 3132 150 3198 καὶ
183 3136 323 3214 ἐλλείψει
356 3137 554 3221 θεωροῦμεν
590 3129 704 3212 αὐτάς.
762 3137 908 3201 τοσαῦτα
944 3133 1000 3200 καὶ
1030 3131 1106 3219 περὶ

94 3235 237 3304 τούτων·
280 3243 334 3308 δεῖ
359 3238 397 3307 δὲ
424 3252 493 3318 τοῖς
521 3237 672 3327 ὁρισμοῖς
704 3243 762 3326 τῆς
793 3266 828 3308 τε
861 3237 1020 3326 ἀμβλείας
1051 3240 1107 3306 καὶ

168 3403 191 3454 ⁷.
211 3398 258 3466 τηε
275 3395 328 3467 μὲν
347 3393 443 3466 ὀρθῆι.
518 3405 559 3452 13.
582 3399 690 3469 ταῦτα]
711 3415 781 3454 corr.
800 3415 840 3453 ex.
852 3397 888 3453 τὰ
907 3393 990 3454 αότά.
1065 3404 1106 3453 17.

94 3466 198 3525 πᾶσαν.
272 3473 314 3523 26.
335 3462 497 3540 ἀναφοράν.
571 3473 613 3527 28.
634 3464 750 3539 έλλίφει.
823 3475 866 3524 29.
886 3465 1051 3541 ὑρισμένοις.
