2362 3796
96 139 164 204 274
240 143 396 197 εοΗοιῑΑ
413 145 453 198 m
470 145 745 198 ELEMENTORUM
762 146 902 198 mmm
914 147 961 201 lv,

94 282 258 372 ἠπόρηται
285 285 338 370 δέ,
370 282 437 371 ὅτι,
470 289 501 352 εί
524 281 577 372 ἐφ’
601 285 743 355 ἑκάστου
765 296 834 354 των
857 292 1032 373 στοιχείων
1053 288 1113 355 καί

94 395 163 460 των
182 389 273 478 ὅρων
292 392 428 474 ἕκαστος
446 391 608 481 χρήσμμός
626 395 699 462 ἐστί
708 420 777 463 τινι
794 397 863 463 τόν
878 395 915 462 ἐν
928 396 974 485 τῷ
989 398 1112 485 βιβλίφ

94 495 341 585 θεωρημάτων,
365 501 402 566 ἐν
426 498 464 567 δέ
485 502 531 591 τῷ
555 498 697 587 παρόντι
719 506 870 592 στοιχείῳ
895 497 1112 589 ἐγγραφῆςῆ

93 609 302 691 περιγραφῆς
335 602 577 693 εὐθυγράμμου
609 610 655 686 είς
687 603 930 693 εὐθύγραμμον
958 608 1016 674 ἐπί
1041 634 1113 675 τινι

54 736 70 785 6
93 714 161 779 τῶν
184 713 221 778 ἐν
244 709 334 803 αὐτῷ
357 711 587 800 θεωρημάτων
611 709 696 793 ὅλως
719 711 761 780 ου’
778 711 994 800 μνημονεύει,
1017 718 1113 794 τίνος

94 817 190 884 ἕνεκα
204 813 283 897 τούς
297 817 360 884 δύο
377 817 530 904 πράτους
549 815 651 907 όρους
669 815 755 898 ὅλως
773 819 885 905 ἐπῆξε;
909 823 968 885 καί
983 845 1111 907 φαμεν,

94 920 138 1002 ὡς
161 920 223 991 οὐκ
251 920 303 991 ἀεὶ
327 927 362 991 οἱ
387 923 508 1005 πάντες
535 924 610 1011 ὅροι
637 928 698 993 τού
725 927 947 1012 προκειμένου
973 930 1113 1011 βιβλίου

93 1028 201 1114 μόνον
232 1029 333 1118 χάριν
365 1030 700 1118 παραλαμβάνονται,
733 1026 806 1099 ἀλλ’
837 1035 926 1099 ἔνιοί
955 1035 1020 1099 είσι
1051 1033 1111 1100 καὶ

91 1134 255 1221 καθόλου,
283 1136 327 1218 ὥς
351 1142 386 1207 οί
408 1140 444 1207 ἐν
466 1148 512 1230 τηλ
537 1138 571 1206 α’
591 1142 756 1229 στοιχείῳ·
778 1137 834 1204 καὶ
854 1137 891 1205 ἐν
909 1134 1024 1218 όιλλοις
1041 1136 1110 1225 γάρ

41 1265 76 1315 10
94 1248 232 1320 πολλοῖς
253 1248 323 1311 τιόν
357 1245 393 1312 ἐν
424 1258 495 1325 τοῖς
527 1243 643 1331 πρόσω
671 1248 847 1329 στοιχείοις
876 1240 1110 1328 θεωρημάτων

92 1347 423 1434 παραλαμβάνονται,
447 1348 557 1437 ὥσπερ
580 1349 635 1417 καὶ
655 1352 690 1417 oi
707 1350 880 1437 ῥηθέντες·
903 1345 924 1436 ἢ
944 1346 1031 1428 ὅλως
1049 1347 1108 1416 διὰ

91 1451 129 1520 τὸ
144 1453 297 1523 καθόλου
310 1455 366 1522 καί
380 1460 502 1543 πλῆρες
515 1459 573 1542 της
586 1457 779 1541 διαιρέσεως
793 1453 936 1541 ἐπήγαγε
950 1454 1109 1534 τούτους·

91 1559 263 1648 ἐγγραφὴν
299 1561 364 1649 γὰρ
400 1563 457 1630 καὶ
487 1560 698 1649 περιγραφὴν
732 1560 865 1643 διδάξαι
896 1563 1109 1649 προθέμενος

90 1663 203 1747 άπλιύς
226 1668 408 1756 ἐπάναγκες
431 1666 497 1755 είχε
523 1669 653 1737 τούτων
680 1668 844 1755 πρότερον
872 1668 1108 1754 μνημονεύειν.

39 1918 71 1968 15
425 1902 481 1966 Ad
505 1901 769 1967 definitiones

157 2025 186 2090 5.
227 2022 274 2090 Τόι
299 2022 361 2110 μὲν
384 2028 513 2092 ἔσωθεν
541 2024 696 2108 λέγονται
724 2021 968 2110 ἐγγράφεσθαι,
996 2019 1037 2089 τόι
1069 2021 1107 2090 δέ

91 2128 217 2207 ἔξωθεν
241 2129 516 2216 περιγράφεσθαι.

157 2237 186 2300 6.
220 2232 309 2302 Ἐπεὶ
336 2239 405 2302 πᾶν
432 2234 674 2322 εὐθύγραμμον
702 2231 914 2322 άτελέστερον
941 2235 997 2303 καί
1025 2234 1107 2322 πρό·

89 2362 187 2425 τερον
210 2338 345 2427 κύκλου,
370 2339 426 2409 διὰ
449 2351 548 2409 τοῦτο
568 2340 732 2429 πρότερον
751 2344 920 2428 ἐγγραφῆς
937 2342 993 2409 καὶ
1012 2366 1105 2430 περι-

35 2465 70 2514 κο
89 2448 221 2531 γραφῆς
244 2444 493 2533 εὐθυγράμμων
516 2446 728 2534 μνημονεύει.
774 2444 871 2531 ά[λλο
895 2446 935 2514 δέ
955 2448 1038 2531 ἐστι]
1064 2447 1104 2517 τὸ
1138 2458 1142 2467 “

89 2547 176 2619 εἶναι
190 2549 302 2631 ἁπλῶς
316 2563 424 2641 σχῆμα
438 2556 475 2621 ἐν
490 2552 631 2640 σχήματι
644 2553 701 2621 καὶ
715 2550 796 2620 άλλο
809 2550 847 2620 τό
858 2550 1104 2640 ἐγγράφεσθαι·

87 2656 125 2725 τὸ
150 2657 211 2744 μὲν
234 2656 298 2746 γάρ
317 2661 450 2745 λέγεται
464 2660 515 2728 ἐπὶ
534 2663 602 2728 τῶν
621 2659 665 2747 μὴ
687 2662 926 2746 ἐφαπτομένου
945 2655 1105 2745 ἀλλήλων

87 2762 132 2845 ως
154 2765 207 2833 ἐπὶ
230 2770 329 2835 τοῦδε
354 2768 401 2838 Δ·
429 2766 467 2834 τὸ
491 2765 529 2833 δέ
552 2763 632 2834 ὅταν
655 2770 723 2834 τῶν
745 2769 807 2834 τοῦ
831 2764 924 2845 ἐκτὸς
946 2767 1103 2854 πλευρῶν

87 2865 108 2957 ἢ
131 2884 352 2959 περιφερειῶν
377 2870 421 2953 ὡς
439 2874 492 2941 ἐπὶ
510 2877 571 2941 τοῦ
589 2871 714 2941 κύκλου
733 2875 770 2939 αί
786 2876 848 2940 τοῦ
867 2869 961 2952 ἐντὸς
979 2875 1103 2957 γωνίαι

32 2996 67 3046 25
87 2975 308 3063 ἐφάπτωνται.
371 2977 559 3066 περιγραφὴ
597 2979 636 3046 δέ
671 2980 779 3062 ἐστιν,
816 2974 898 3046 ὅταν
934 2981 1003 3046 τῶν
1039 2981 1103 3045 τοῦ

86 3114 300 3125 ———.

158 3180 181 3229 5.
201 3173 288 3228 W
361 3181 385 3229 6.
405 3193 432 3243 p.

156 3354 181 3405 2.
205 3352 330 3421 χρίσιμος
347 3369 374 3407 v.
465 3357 489 3405 6.
515 3345 617 3422 ἐπῆξε]
641 3377 675 3396 =
697 3346 830 3423 ἐπήγαγε.
927 3358 951 3407 ⁷.
975 3349 1101 3434 βιβλίοη]

84 3432 139 3473 σπι
152 3436 184 3501 P:
214 3426 277 3504 ‘10.
297 3422 424 3503 στοιχείῳ
438 3441 464 3476 v.
524 3426 565 3505 13.
586 3417 812 3505 8202910'cuwcv.
868 3429 911 3478 20.
927 3423 1004 3489 Quae
1019 3437 1102 3475 nume

60 3486 187 3590 κονίεται,
206 3507 272 3564 ιρεο
290 3492 390 3550 addid1
408 3493 438 3551 in
456 3492 567 3551 laeums
587 3494 700 3552 οοόιωε,
1156 3512 1159 3517 ·
