<?xml version="1.0" encoding="UTF-8"?>
<!DOCTYPE html PUBLIC "-//W3C//DTD XHTML 1.0 Transitional//EN"
    "http://www.w3.org/TR/xhtml1/DTD/xhtml1-transitional.dtd">
<html xmlns="http://www.w3.org/1999/xhtml" xml:lang="en" lang="en">
 <head>
  <title>
</title>
<meta http-equiv="Content-Type" content="text/html;charset=utf-8" />
  <meta name='ocr-system' content='tesseract 3.04.00' />
  <meta name='ocr-capabilities' content='ocr_page ocr_carea ocr_par ocr_line ocrx_word'/>
</head>
<body>
  <div class='ocr_page' id='page_1' title='image "./euclidisoperaom02unkngoog_0789.png"; bbox 0 0 2362 3796; ppageno 0'>
   <div class='ocr_carea' id='block_1_1' title="bbox 118 143 1019 207">
    <p class='ocr_par' dir='ltr' id='par_1_1' title="bbox 118 143 1019 207">
     <span class='ocr_line' id='line_1_1' title="bbox 118 143 1019 207; baseline -0.009 1"><span class='ocrx_word' id='word_1_1' title='bbox 118 143 184 207; x_wconf 76' lang='lat'><strong><em>672</em></strong></span> <span class='ocrx_word' id='word_1_2' title='bbox 248 145 406 197; x_wconf 67' lang='lat' dir='ltr'><strong>§enom</strong></span> <span class='ocrx_word' id='word_1_3' title='bbox 422 146 462 197; x_wconf 77' lang='lat' dir='ltr'><strong>m</strong></span> <span class='ocrx_word' id='word_1_4' title='bbox 479 144 754 196; x_wconf 65' lang='grc' dir='ltr'><strong><em>Ειιιιισοοοιιοοι</em></strong></span> <span class='ocrx_word' id='word_1_5' title='bbox 772 144 917 196; x_wconf 77' lang='lat' dir='ltr'>LIBRUM</span> <span class='ocrx_word' id='word_1_6' title='bbox 932 146 1019 201; x_wconf 85' lang='lat' dir='ltr'><strong><em>xm.</em></strong></span> 
     </span>
    </p>
   </div>
   <div class='ocr_carea' id='block_1_2' title="bbox 65 283 1150 3028">
    <p class='ocr_par' dir='ltr' id='par_1_2' title="bbox 65 283 1150 3028">
     <span class='ocr_line' id='line_1_2' title="bbox 117 283 1148 375; baseline 0.001 -22"><span class='ocrx_word' id='word_1_7' title='bbox 117 286 172 353; x_wconf 78' lang='grc' dir='ltr'><strong><em>καὶ</em></strong></span> <span class='ocrx_word' id='word_1_8' title='bbox 201 288 239 351; x_wconf 86' lang='grc' dir='ltr'><strong><em>αἴ</em></strong></span> <span class='ocrx_word' id='word_1_9' title='bbox 259 292 335 371; x_wconf 90' lang='grc' dir='ltr'><em>ΒΥ,</em></span> <span class='ocrx_word' id='word_1_10' title='bbox 359 291 427 353; x_wconf 89' lang='grc' dir='ltr'><strong><em>ΓΦ</em></strong></span> <span class='ocrx_word' id='word_1_11' title='bbox 459 286 495 352; x_wconf 80' lang='grc' dir='ltr'><strong><em>ἐν</em></strong></span> <span class='ocrx_word' id='word_1_12' title='bbox 523 288 569 375; x_wconf 80' lang='grc' dir='ltr'><strong><em>τῷ</em></strong></span> <span class='ocrx_word' id='word_1_13' title='bbox 593 284 682 375; x_wconf 80' lang='grc' dir='ltr'><strong><em>αὐτῷ</em></strong></span> <span class='ocrx_word' id='word_1_14' title='bbox 707 283 850 374; x_wconf 79' lang='grc' dir='ltr'><strong><em>ἐπιπέδῳ</em></strong></span> <span class='ocrx_word' id='word_1_15' title='bbox 875 285 948 351; x_wconf 81' lang='grc' dir='ltr'><em>εἴσὶ</em></span> <span class='ocrx_word' id='word_1_16' title='bbox 974 298 1056 366; x_wconf 77' lang='grc' dir='ltr'><strong><em>ταῖς</em></strong></span> <span class='ocrx_word' id='word_1_17' title='bbox 1080 293 1148 371; x_wconf 87' lang='grc' dir='ltr'><em>ΥΦ,</em></span> 
     </span>
     <span class='ocr_line' id='line_1_3' title="bbox 119 388 1112 483; baseline 0.002 -24"><span class='ocrx_word' id='word_1_18' title='bbox 119 398 186 459; x_wconf 89' lang='grc' dir='ltr'><strong><em>ΒΓ</em></strong></span> <span class='ocrx_word' id='word_1_19' title='bbox 203 391 442 478; x_wconf 75' lang='grc' dir='ltr'><strong><em>παραλλήλοις·</em></strong></span> <span class='ocrx_word' id='word_1_20' title='bbox 469 388 507 459; x_wconf 83' lang='grc' dir='ltr'><strong><em>τὸ</em></strong></span> <span class='ocrx_word' id='word_1_21' title='bbox 531 397 664 458; x_wconf 87' lang='grc' dir='ltr'><em>ΡΒΓΦ</em></span> <span class='ocrx_word' id='word_1_22' title='bbox 686 392 723 458; x_wconf 82' lang='grc' dir='ltr'><strong><em>ἐν</em></strong></span> <span class='ocrx_word' id='word_1_23' title='bbox 746 389 801 458; x_wconf 78' lang='grc' dir='ltr'><strong><em>ἑνί</em></strong></span> <span class='ocrx_word' id='word_1_24' title='bbox 820 392 916 458; x_wconf 79' lang='grc' dir='ltr'><strong><em>ἐστιν</em></strong></span> <span class='ocrx_word' id='word_1_25' title='bbox 943 392 1112 483; x_wconf 77' lang='grc' dir='ltr'><strong><em>ἐπιπέδῳ.</em></strong></span> 
     </span>
     <span class='ocr_line' id='line_1_4' title="bbox 186 495 1149 585; baseline 0 -19"><span class='ocrx_word' id='word_1_26' title='bbox 186 502 239 566; x_wconf 80' lang='lat'><strong><em>67.</em></strong></span> <span class='ocrx_word' id='word_1_27' title='bbox 265 495 340 583; x_wconf 81' lang='grc' dir='ltr'><em>’Ἱση</em></span> <span class='ocrx_word' id='word_1_28' title='bbox 360 496 399 565; x_wconf 69' lang='grc' dir='ltr'><strong><em>δὲ</em></strong></span> <span class='ocrx_word' id='word_1_29' title='bbox 416 495 436 583; x_wconf 78' lang='grc' dir='ltr'><em>ἡ</em></span> <span class='ocrx_word' id='word_1_30' title='bbox 452 496 514 585; x_wconf 68' lang='grc' dir='ltr'><strong><em>μὲν</em></strong></span> <span class='ocrx_word' id='word_1_31' title='bbox 528 503 604 563; x_wconf 91' lang='grc' dir='ltr'><strong><em>ΝΣ</em></strong></span> <span class='ocrx_word' id='word_1_32' title='bbox 619 523 649 583; x_wconf 86' lang='lat' dir='ltr'><strong><em>p.</em></strong></span> <span class='ocrx_word' id='word_1_33' title='bbox 664 501 738 579; x_wconf 80' lang='lat'>324,</span> <span class='ocrx_word' id='word_1_34' title='bbox 756 500 791 581; x_wconf 83' lang='lat'><strong><em>4]</em></strong></span> <span class='ocrx_word' id='word_1_35' title='bbox 813 499 978 565; x_wconf 80' lang='grc' dir='ltr'><strong><em>δείκνυσι</em></strong></span> <span class='ocrx_word' id='word_1_36' title='bbox 992 497 1064 585; x_wconf 81' lang='grc' dir='ltr'><strong><em>τὴν</em></strong></span> <span class='ocrx_word' id='word_1_37' title='bbox 1086 505 1149 566; x_wconf 88' lang='grc' dir='ltr'><strong><em>ΨΩ</em></strong></span> 
     </span>
     <span class='ocr_line' id='line_1_5' title="bbox 118 599 1150 690; baseline 0.002 -20"><span class='ocrx_word' id='word_1_38' title='bbox 118 613 196 688; x_wconf 85' lang='grc' dir='ltr'><em>ἴσην</em></span> <span class='ocrx_word' id='word_1_39' title='bbox 218 615 258 690; x_wconf 77' lang='grc' dir='ltr'><strong><em>τῇ</em></strong></span> <span class='ocrx_word' id='word_1_40' title='bbox 282 607 357 669; x_wconf 89' lang='grc' dir='ltr'><strong><em>ΝΣ</em></strong></span> <span class='ocrx_word' id='word_1_41' title='bbox 381 601 500 684; x_wconf 79' lang='grc' dir='ltr'><strong><em>οὕτως·</em></strong></span> <span class='ocrx_word' id='word_1_42' title='bbox 538 600 651 688; x_wconf 77' lang='grc' dir='ltr'><strong><em>ἐπειδὴ</em></strong></span> <span class='ocrx_word' id='word_1_43' title='bbox 679 602 700 688; x_wconf 83' lang='grc' dir='ltr'><em>ἡ</em></span> <span class='ocrx_word' id='word_1_44' title='bbox 727 609 793 670; x_wconf 97' lang='grc' dir='ltr'><strong><em>ΟΩ</em></strong></span> <span class='ocrx_word' id='word_1_45' title='bbox 824 599 971 688; x_wconf 78' lang='grc' dir='ltr'><strong><em>ἡμίσειά</em></strong></span> <span class='ocrx_word' id='word_1_46' title='bbox 997 607 1076 674; x_wconf 80' lang='grc' dir='ltr'><strong><em>ἐστι</em></strong></span> <span class='ocrx_word' id='word_1_47' title='bbox 1099 610 1150 690; x_wconf 78' lang='grc' dir='ltr'><strong><em>της</em></strong></span> 
     </span>
     <span class='ocr_line' id='line_1_6' title="bbox 81 708 1148 798; baseline 0.003 -23"><span class='ocrx_word' id='word_1_48' title='bbox 81 713 263 794; x_wconf 75' lang='grc' dir='ltr'><strong><em>ιπλευρᾶς</em></strong></span> <span class='ocrx_word' id='word_1_49' title='bbox 284 713 345 776; x_wconf 83' lang='grc' dir='ltr'><strong><em>τοῦ</em></strong></span> <span class='ocrx_word' id='word_1_50' title='bbox 368 708 486 794; x_wconf 81' lang='grc' dir='ltr'><em>κύβου,</em></span> <span class='ocrx_word' id='word_1_51' title='bbox 510 713 581 777; x_wconf 78' lang='grc' dir='ltr'><strong><em>ἔστι</em></strong></span> <span class='ocrx_word' id='word_1_52' title='bbox 605 709 643 776; x_wconf 70' lang='grc' dir='ltr'><strong><em>δὲ</em></strong></span> <span class='ocrx_word' id='word_1_53' title='bbox 665 708 800 794; x_wconf 82' lang='grc' dir='ltr'><strong><em>ἡμίσεια</em></strong></span> <span class='ocrx_word' id='word_1_54' title='bbox 821 712 882 794; x_wconf 82' lang='grc' dir='ltr'><strong><em>της</em></strong></span> <span class='ocrx_word' id='word_1_55' title='bbox 905 715 1074 798; x_wconf 82' lang='grc' dir='ltr'><strong><em>πλευρᾶς</em></strong></span> <span class='ocrx_word' id='word_1_56' title='bbox 1094 715 1148 780; x_wconf 83' lang='grc' dir='ltr'><strong><em>τοῦ</em></strong></span> 
     </span>
     <span class='ocr_line' id='line_1_7' title="bbox 116 813 1148 900; baseline 0.003 -20"><span class='ocrx_word' id='word_1_57' title='bbox 116 814 224 899; x_wconf 84' lang='grc' dir='ltr'><strong><em>κύβου</em></strong></span> <span class='ocrx_word' id='word_1_58' title='bbox 246 815 302 882; x_wconf 84' lang='grc' dir='ltr'><strong><em>καὶ</em></strong></span> <span class='ocrx_word' id='word_1_59' title='bbox 326 813 346 900; x_wconf 80' lang='grc' dir='ltr'><em>ἡ</em></span> <span class='ocrx_word' id='word_1_60' title='bbox 366 821 447 900; x_wconf 94' lang='grc' dir='ltr'><em>ΝΟ,</em></span> <span class='ocrx_word' id='word_1_61' title='bbox 472 818 509 881; x_wconf 80' lang='grc' dir='ltr'><strong><em>αλ</em></strong></span> <span class='ocrx_word' id='word_1_62' title='bbox 524 821 597 882; x_wconf 94' lang='grc' dir='ltr'><strong><em>ΝΟ</em></strong></span> <span class='ocrx_word' id='word_1_63' title='bbox 619 815 675 881; x_wconf 79' lang='grc' dir='ltr'><strong><em>καὶ</em></strong></span> <span class='ocrx_word' id='word_1_64' title='bbox 695 821 761 882; x_wconf 92' lang='grc' dir='ltr'><strong><em>ΟΩ</em></strong></span> <span class='ocrx_word' id='word_1_65' title='bbox 784 821 853 881; x_wconf 86' lang='grc' dir='ltr'><strong><em>ἴσαι</em></strong></span> <span class='ocrx_word' id='word_1_66' title='bbox 876 817 983 885; x_wconf 72' lang='grc' dir='ltr'><strong><em>εἰσίν.</em></strong></span> <span class='ocrx_word' id='word_1_67' title='bbox 1021 817 1148 886; x_wconf 73' lang='grc' dir='ltr'><strong><em>ἔστιδὲ</em></strong></span> 
     </span>
     <span class='ocr_line' id='line_1_8' title="bbox 116 917 1147 1012; baseline 0.002 -25"><span class='ocrx_word' id='word_1_68' title='bbox 116 921 171 987; x_wconf 85' lang='grc' dir='ltr'><strong><em>καὶ</em></strong></span> <span class='ocrx_word' id='word_1_69' title='bbox 194 918 215 1006; x_wconf 76' lang='grc' dir='ltr'><em>ἡ</em></span> <span class='ocrx_word' id='word_1_70' title='bbox 246 927 326 987; x_wconf 89' lang='grc' dir='ltr'><strong><em>ΨΟ·</em></strong></span> <span class='ocrx_word' id='word_1_71' title='bbox 355 917 527 989; x_wconf 81' lang='grc' dir='ltr'><strong><em>ὑπόκειται</em></strong></span> <span class='ocrx_word' id='word_1_72' title='bbox 550 919 616 1007; x_wconf 78' lang='grc' dir='ltr'><strong><em>γὰρ</em></strong></span> <span class='ocrx_word' id='word_1_73' title='bbox 640 927 754 988; x_wconf 82' lang='grc' dir='ltr'><strong><em>τοῦτο·</em></strong></span> <span class='ocrx_word' id='word_1_74' title='bbox 782 919 915 988; x_wconf 73' lang='grc' dir='ltr'><strong><em>ἔστιδὲ</em></strong></span> <span class='ocrx_word' id='word_1_75' title='bbox 940 923 1004 990; x_wconf 83' lang='grc' dir='ltr'><strong><em>καὶ</em></strong></span> <span class='ocrx_word' id='word_1_76' title='bbox 1030 925 1055 1012; x_wconf 78' lang='grc' dir='ltr'><em>ἡ</em></span> <span class='ocrx_word' id='word_1_77' title='bbox 1087 929 1147 991; x_wconf 80' lang='grc' dir='ltr'><strong><em>ΨΟ</em></strong></span> 
     </span>
     <span class='ocr_line' id='line_1_9' title="bbox 117 1020 1146 1115; baseline 0.004 -23"><span class='ocrx_word' id='word_1_78' title='bbox 117 1038 156 1113; x_wconf 74' lang='grc' dir='ltr'><strong><em>τῇ</em></strong></span> <span class='ocrx_word' id='word_1_79' title='bbox 181 1033 249 1093; x_wconf 93' lang='grc' dir='ltr'><strong><em>ΟΣ</em></strong></span> <span class='ocrx_word' id='word_1_80' title='bbox 276 1034 344 1110; x_wconf 92' lang='grc' dir='ltr'><em>ἴση·</em></span> <span class='ocrx_word' id='word_1_81' title='bbox 378 1039 448 1105; x_wconf 81' lang='grc' dir='ltr'><strong><em>τοῖς</em></strong></span> <span class='ocrx_word' id='word_1_82' title='bbox 477 1025 514 1093; x_wconf 71' lang='grc' dir='ltr'><strong><em>δὲ</em></strong></span> <span class='ocrx_word' id='word_1_83' title='bbox 538 1034 623 1104; x_wconf 88' lang='grc' dir='ltr'><strong><em>ἴσοις</em></strong></span> <span class='ocrx_word' id='word_1_84' title='bbox 647 1033 703 1092; x_wconf 87' lang='grc' dir='ltr'><strong><em>ἴσα</em></strong></span> <span class='ocrx_word' id='word_1_85' title='bbox 726 1020 770 1091; x_wconf 75' lang='grc' dir='ltr'><strong><em>ι’ὶν</em></strong></span> <span class='ocrx_word' id='word_1_86' title='bbox 792 1035 987 1115; x_wconf 76' lang='grc' dir='ltr'><strong><em>προστεθῇ,</em></strong></span> <span class='ocrx_word' id='word_1_87' title='bbox 1020 1031 1067 1097; x_wconf 80' lang='grc' dir='ltr'><strong><em>τὰ</em></strong></span> <span class='ocrx_word' id='word_1_88' title='bbox 1092 1028 1146 1098; x_wconf 84' lang='grc' dir='ltr'><strong><em>ὅλα</em></strong></span> 
     </span>
     <span class='ocr_line' id='line_1_10' title="bbox 117 1127 1145 1222; baseline 0.006 -24"><span class='ocrx_word' id='word_1_89' title='bbox 117 1141 173 1199; x_wconf 93' lang='grc' dir='ltr'><strong><em>ἴσα</em></strong></span> <span class='ocrx_word' id='word_1_90' title='bbox 197 1133 295 1200; x_wconf 79' lang='grc' dir='ltr'><strong><em>ἐστίν.</em></strong></span> <span class='ocrx_word' id='word_1_91' title='bbox 342 1140 397 1217; x_wconf 91' lang='grc' dir='ltr'><strong><em>ἴση</em></strong></span> <span class='ocrx_word' id='word_1_92' title='bbox 424 1131 490 1220; x_wconf 81' lang='grc' dir='ltr'><strong><em>ἄρα</em></strong></span> <span class='ocrx_word' id='word_1_93' title='bbox 517 1128 538 1218; x_wconf 75' lang='grc' dir='ltr'>ἡ</span> <span class='ocrx_word' id='word_1_94' title='bbox 563 1138 638 1199; x_wconf 90' lang='grc' dir='ltr'><strong><em>ΝΣ</em></strong></span> <span class='ocrx_word' id='word_1_95' title='bbox 653 1141 702 1218; x_wconf 73' lang='grc' dir='ltr'><strong><em>,τῇ</em></strong></span> <span class='ocrx_word' id='word_1_96' title='bbox 731 1136 809 1198; x_wconf 84' lang='grc' dir='ltr'><strong><em>ΨΩ.</em></strong></span> <span class='ocrx_word' id='word_1_97' title='bbox 856 1135 953 1199; x_wconf 83' lang='grc' dir='ltr'><strong><em>ἔστιν</em></strong></span> <span class='ocrx_word' id='word_1_98' title='bbox 984 1127 1075 1222; x_wconf 84' lang='grc' dir='ltr'><em>οὖν,</em></span> <span class='ocrx_word' id='word_1_99' title='bbox 1107 1133 1145 1214; x_wconf 75' lang='grc' dir='ltr'><strong><em>ὥς</em></strong></span> 
     </span>
     <span class='ocr_line' id='line_1_11' title="bbox 65 1234 1144 1327; baseline 0.003 -22"><span class='ocrx_word' id='word_1_100' title='bbox 65 1263 98 1313; x_wconf 88' lang='lat'><strong><em>10</em></strong></span> <span class='ocrx_word' id='word_1_101' title='bbox 118 1246 259 1323; x_wconf 85' lang='grc' dir='ltr'><strong><em>εἴρηται,</em></strong></span> <span class='ocrx_word' id='word_1_102' title='bbox 290 1234 311 1322; x_wconf 85' lang='grc' dir='ltr'><em>ἡ</em></span> <span class='ocrx_word' id='word_1_103' title='bbox 336 1244 406 1304; x_wconf 93' lang='grc' dir='ltr'><strong><em>ΝΟ</em></strong></span> <span class='ocrx_word' id='word_1_104' title='bbox 432 1249 472 1326; x_wconf 75' lang='grc' dir='ltr'><strong><em>τῇ</em></strong></span> <span class='ocrx_word' id='word_1_105' title='bbox 497 1245 563 1306; x_wconf 93' lang='grc' dir='ltr'><strong><em>ΟΩ</em></strong></span> <span class='ocrx_word' id='word_1_106' title='bbox 591 1246 662 1324; x_wconf 90' lang='grc' dir='ltr'><em>ἴση,</em></span> <span class='ocrx_word' id='word_1_107' title='bbox 695 1234 716 1323; x_wconf 82' lang='grc' dir='ltr'><em>ἡ</em></span> <span class='ocrx_word' id='word_1_108' title='bbox 746 1236 783 1305; x_wconf 71' lang='grc' dir='ltr'><strong><em>δὲ</em></strong></span> <span class='ocrx_word' id='word_1_109' title='bbox 813 1243 880 1303; x_wconf 96' lang='grc' dir='ltr'><strong><em>ΨΟ</em></strong></span> <span class='ocrx_word' id='word_1_110' title='bbox 906 1249 953 1326; x_wconf 76' lang='grc' dir='ltr'><strong><em>τῇ</em></strong></span> <span class='ocrx_word' id='word_1_111' title='bbox 979 1247 1060 1310; x_wconf 90' lang='grc' dir='ltr'><strong><em>ΟΣ</em></strong></span> <span class='ocrx_word' id='word_1_112' title='bbox 1085 1250 1144 1327; x_wconf 88' lang='grc' dir='ltr'><em>ἴση,</em></span> 
     </span>
     <span class='ocr_line' id='line_1_12' title="bbox 116 1342 1145 1436; baseline 0.006 -25"><span class='ocrx_word' id='word_1_113' title='bbox 116 1344 172 1411; x_wconf 81' lang='grc' dir='ltr'><strong><em>καὶ</em></strong></span> <span class='ocrx_word' id='word_1_114' title='bbox 196 1347 234 1411; x_wconf 86' lang='grc' dir='ltr'><strong><em>αἴ</em></strong></span> <span class='ocrx_word' id='word_1_115' title='bbox 263 1350 343 1429; x_wconf 91' lang='grc' dir='ltr'><em>ΨΟ,</em></span> <span class='ocrx_word' id='word_1_116' title='bbox 363 1351 429 1412; x_wconf 93' lang='grc' dir='ltr'><strong><em>ΟΩ</em></strong></span> <span class='ocrx_word' id='word_1_117' title='bbox 452 1351 522 1411; x_wconf 93' lang='grc' dir='ltr'><strong><em>ἴσαι</em></strong></span> <span class='ocrx_word' id='word_1_118' title='bbox 546 1345 610 1412; x_wconf 80' lang='grc' dir='ltr'><strong><em>εἰσὶ</em></strong></span> <span class='ocrx_word' id='word_1_119' title='bbox 633 1357 706 1424; x_wconf 78' lang='grc' dir='ltr'><strong><em>ταῖς</em></strong></span> <span class='ocrx_word' id='word_1_120' title='bbox 727 1350 809 1430; x_wconf 93' lang='grc' dir='ltr'><strong><em>ΝΟ,</em></strong></span> <span class='ocrx_word' id='word_1_121' title='bbox 830 1351 898 1411; x_wconf 90' lang='grc' dir='ltr'><strong><em>ΟΣ</em></strong></span> <span class='ocrx_word' id='word_1_122' title='bbox 920 1342 1004 1431; x_wconf 79' lang='grc' dir='ltr'><strong><em>η’τοι</em></strong></span> <span class='ocrx_word' id='word_1_123' title='bbox 1031 1345 1055 1436; x_wconf 79' lang='grc' dir='ltr'><em>ἡ</em></span> <span class='ocrx_word' id='word_1_124' title='bbox 1081 1356 1145 1417; x_wconf 90' lang='grc' dir='ltr'><strong><em>ΨΩ</em></strong></span> 
     </span>
     <span class='ocr_line' id='line_1_13' title="bbox 116 1457 259 1537; baseline -0.007 -20"><span class='ocrx_word' id='word_1_125' title='bbox 116 1462 155 1537; x_wconf 73' lang='grc' dir='ltr'><strong><em>τῇ</em></strong></span> <span class='ocrx_word' id='word_1_126' title='bbox 179 1457 259 1517; x_wconf 89' lang='grc' dir='ltr'><strong><em>ΝΣ.</em></strong></span> 
     </span>
     <span class='ocr_line' id='line_1_14' title="bbox 184 1551 1144 1645; baseline 0.009 -23"><span class='ocrx_word' id='word_1_127' title='bbox 184 1559 237 1623; x_wconf 86' lang='grc'><strong><em>68.</em></strong></span> <span class='ocrx_word' id='word_1_128' title='bbox 277 1552 324 1620; x_wconf 82' lang='grc' dir='ltr'><strong><em>Τὰ</em></strong></span> <span class='ocrx_word' id='word_1_129' title='bbox 355 1553 422 1642; x_wconf 77' lang='grc' dir='ltr'><strong><em>ἄρα</em></strong></span> <span class='ocrx_word' id='word_1_130' title='bbox 450 1551 514 1623; x_wconf 76' lang='grc' dir='ltr'><strong><em>ἀπὸ</em></strong></span> <span class='ocrx_word' id='word_1_131' title='bbox 544 1559 612 1623; x_wconf 81' lang='grc' dir='ltr'><strong><em>τῶν</em></strong></span> <span class='ocrx_word' id='word_1_132' title='bbox 641 1582 674 1642; x_wconf 87' lang='lat' dir='ltr'><strong><em>p.</em></strong></span> <span class='ocrx_word' id='word_1_133' title='bbox 697 1558 776 1641; x_wconf 79' lang='lat'><strong>324,</strong></span> <span class='ocrx_word' id='word_1_134' title='bbox 800 1559 834 1639; x_wconf 85' lang='lat'><strong><em>6]</em></strong></span> <span class='ocrx_word' id='word_1_135' title='bbox 863 1556 984 1645; x_wconf 79' lang='grc' dir='ltr'><strong><em>ἐπειδὴ</em></strong></span> <span class='ocrx_word' id='word_1_136' title='bbox 1013 1559 1060 1630; x_wconf 79' lang='grc' dir='ltr'><strong><em>τὰ</em></strong></span> <span class='ocrx_word' id='word_1_137' title='bbox 1085 1560 1144 1630; x_wconf 86' lang='grc' dir='ltr'><strong><em>ιἰπὸ</em></strong></span> 
     </span>
     <span class='ocr_line' id='line_1_15' title="bbox 116 1658 1144 1758; baseline 0.01 -29"><span class='ocrx_word' id='word_1_138' title='bbox 116 1665 185 1729; x_wconf 76' lang='grc' dir='ltr'><strong><em>τῶν</em></strong></span> <span class='ocrx_word' id='word_1_139' title='bbox 200 1667 282 1746; x_wconf 91' lang='grc' dir='ltr'><strong><em>ΝΣ,</em></strong></span> <span class='ocrx_word' id='word_1_140' title='bbox 298 1666 365 1727; x_wconf 90' lang='grc' dir='ltr'><strong><em>ΣΟ</em></strong></span> <span class='ocrx_word' id='word_1_141' title='bbox 383 1660 560 1748; x_wconf 80' lang='grc' dir='ltr'><strong><em>τριπλάσιά</em></strong></span> <span class='ocrx_word' id='word_1_142' title='bbox 580 1666 645 1729; x_wconf 78' lang='grc' dir='ltr'><strong><em>εἰσι</em></strong></span> <span class='ocrx_word' id='word_1_143' title='bbox 662 1666 724 1730; x_wconf 84' lang='grc' dir='ltr'><strong><em>τοῦ</em></strong></span> <span class='ocrx_word' id='word_1_144' title='bbox 743 1658 808 1729; x_wconf 77' lang='grc' dir='ltr'><strong><em>ἀπὸ</em></strong></span> <span class='ocrx_word' id='word_1_145' title='bbox 822 1665 881 1747; x_wconf 80' lang='grc' dir='ltr'><strong><em>τῆς</em></strong></span> <span class='ocrx_word' id='word_1_146' title='bbox 894 1669 981 1751; x_wconf 94' lang='grc' dir='ltr'><em>ΝΟ,</em></span> <span class='ocrx_word' id='word_1_147' title='bbox 1006 1668 1144 1758; x_wconf 75' lang='grc' dir='ltr'><em>ἐδείχθη</em></span> 
     </span>
     <span class='ocr_line' id='line_1_16' title="bbox 67 1764 1145 1858; baseline 0.008 -25"><span class='ocrx_word' id='word_1_148' title='bbox 67 1793 99 1842; x_wconf 87' lang='lat'><strong><em>15</em></strong></span> <span class='ocrx_word' id='word_1_149' title='bbox 120 1764 200 1852; x_wconf 74' lang='grc' dir='ltr'><strong><em>ὃὲὴ</em></strong></span> <span class='ocrx_word' id='word_1_150' title='bbox 231 1773 302 1834; x_wconf 91' lang='grc' dir='ltr'><strong><em>ΨΩ</em></strong></span> <span class='ocrx_word' id='word_1_151' title='bbox 322 1778 363 1855; x_wconf 75' lang='grc' dir='ltr'><strong><em>τῇ</em></strong></span> <span class='ocrx_word' id='word_1_152' title='bbox 387 1775 462 1835; x_wconf 95' lang='grc' dir='ltr'><strong><em>ΝΣ</em></strong></span> <span class='ocrx_word' id='word_1_153' title='bbox 482 1776 549 1855; x_wconf 89' lang='grc' dir='ltr'><em>ἴση,</em></span> <span class='ocrx_word' id='word_1_154' title='bbox 572 1765 593 1854; x_wconf 81' lang='grc' dir='ltr'><em>ἡ</em></span> <span class='ocrx_word' id='word_1_155' title='bbox 620 1768 658 1835; x_wconf 75' lang='grc' dir='ltr'><strong><em>δὲ</em></strong></span> <span class='ocrx_word' id='word_1_156' title='bbox 680 1775 747 1835; x_wconf 96' lang='grc' dir='ltr'><strong><em>ΣΟ</em></strong></span> <span class='ocrx_word' id='word_1_157' title='bbox 768 1780 808 1856; x_wconf 73' lang='grc' dir='ltr'><strong><em>τῇ</em></strong></span> <span class='ocrx_word' id='word_1_158' title='bbox 833 1774 903 1835; x_wconf 89' lang='grc' dir='ltr'><strong><em>ΨΥ</em></strong></span> <span class='ocrx_word' id='word_1_159' title='bbox 925 1778 1000 1858; x_wconf 78' lang='grc' dir='ltr'><em>ἴση,</em></span> <span class='ocrx_word' id='word_1_160' title='bbox 1026 1775 1145 1844; x_wconf 80' lang='grc' dir='ltr'><strong><em>καὶτὰ</em></strong></span> 
     </span>
     <span class='ocr_line' id='line_1_17' title="bbox 117 1870 1144 1966; baseline 0.011 -27"><span class='ocrx_word' id='word_1_161' title='bbox 117 1870 183 1939; x_wconf 90' lang='grc' dir='ltr'><strong><em>ιἰπὸ</em></strong></span> <span class='ocrx_word' id='word_1_162' title='bbox 207 1877 276 1940; x_wconf 83' lang='grc' dir='ltr'><strong><em>τῶν</em></strong></span> <span class='ocrx_word' id='word_1_163' title='bbox 299 1878 382 1958; x_wconf 89' lang='grc' dir='ltr'><strong><em>ΩΨ,</em></strong></span> <span class='ocrx_word' id='word_1_164' title='bbox 412 1879 482 1940; x_wconf 89' lang='grc' dir='ltr'><strong><em>ΨΥ</em></strong></span> <span class='ocrx_word' id='word_1_165' title='bbox 505 1872 682 1958; x_wconf 79' lang='grc' dir='ltr'><strong><em>τριπλάσιά</em></strong></span> <span class='ocrx_word' id='word_1_166' title='bbox 706 1878 770 1941; x_wconf 83' lang='grc' dir='ltr'><strong><em>εἰσι</em></strong></span> <span class='ocrx_word' id='word_1_167' title='bbox 796 1879 858 1942; x_wconf 84' lang='grc' dir='ltr'><strong><em>τοῦ</em></strong></span> <span class='ocrx_word' id='word_1_168' title='bbox 882 1870 950 1943; x_wconf 75' lang='grc' dir='ltr'><strong><em>ἀπὸ</em></strong></span> <span class='ocrx_word' id='word_1_169' title='bbox 975 1881 1047 1966; x_wconf 81' lang='grc' dir='ltr'><strong><em>τῆς</em></strong></span> <span class='ocrx_word' id='word_1_170' title='bbox 1073 1888 1144 1950; x_wconf 86' lang='grc' dir='ltr'><strong><em>ΟΝ.</em></strong></span> 
     </span>
     <span class='ocr_line' id='line_1_18' title="bbox 118 1970 1144 2067; baseline 0.008 -22"><span class='ocrx_word' id='word_1_171' title='bbox 118 1979 237 2065; x_wconf 76' lang='grc' dir='ltr'><strong><em>ῥητέον</em></strong></span> <span class='ocrx_word' id='word_1_172' title='bbox 261 1970 325 2046; x_wconf 80' lang='grc' dir='ltr'><strong><em>οὖν</em></strong></span> <span class='ocrx_word' id='word_1_173' title='bbox 349 1976 468 2059; x_wconf 79' lang='grc' dir='ltr'><strong><em>οὕτως·</em></strong></span> <span class='ocrx_word' id='word_1_174' title='bbox 491 1977 532 2046; x_wconf 80' lang='grc' dir='ltr'><strong><em>τὰ</em></strong></span> <span class='ocrx_word' id='word_1_175' title='bbox 555 1975 620 2047; x_wconf 86' lang='grc' dir='ltr'><strong><em>ιἰπὸ</em></strong></span> <span class='ocrx_word' id='word_1_176' title='bbox 638 1983 707 2047; x_wconf 77' lang='grc' dir='ltr'><strong><em>τῶν</em></strong></span> <span class='ocrx_word' id='word_1_177' title='bbox 724 1986 806 2067; x_wconf 94' lang='grc' dir='ltr'><em>ΝΣ,</em></span> <span class='ocrx_word' id='word_1_178' title='bbox 822 1987 899 2065; x_wconf 92' lang='grc' dir='ltr'><strong><em>ΣΟ,</em></strong></span> <span class='ocrx_word' id='word_1_179' title='bbox 924 1988 1092 2055; x_wconf 77' lang='grc' dir='ltr'><strong><em>τουτέστι</em></strong></span> <span class='ocrx_word' id='word_1_180' title='bbox 1109 1985 1144 2053; x_wconf 78' lang='grc' dir='ltr'><strong><em>τὰ</em></strong></span> 
     </span>
     <span class='ocr_line' id='line_1_19' title="bbox 118 2081 1142 2177; baseline 0.007 -26"><span class='ocrx_word' id='word_1_181' title='bbox 118 2081 181 2151; x_wconf 80' lang='grc' dir='ltr'><strong><em>ἀπὸ</em></strong></span> <span class='ocrx_word' id='word_1_182' title='bbox 205 2089 274 2152; x_wconf 78' lang='grc' dir='ltr'><strong><em>τῶν</em></strong></span> <span class='ocrx_word' id='word_1_183' title='bbox 298 2091 385 2171; x_wconf 92' lang='grc' dir='ltr'><em>ΩΨ,</em></span> <span class='ocrx_word' id='word_1_184' title='bbox 410 2091 488 2170; x_wconf 90' lang='grc' dir='ltr'><em>ΨΥ,</em></span> <span class='ocrx_word' id='word_1_185' title='bbox 510 2084 689 2172; x_wconf 73' lang='grc' dir='ltr'><strong><em>τριπλάσιά</em></strong></span> <span class='ocrx_word' id='word_1_186' title='bbox 712 2090 776 2154; x_wconf 77' lang='grc' dir='ltr'><strong><em>εἰσι</em></strong></span> <span class='ocrx_word' id='word_1_187' title='bbox 797 2089 859 2153; x_wconf 83' lang='grc' dir='ltr'><strong><em>τοῦ</em></strong></span> <span class='ocrx_word' id='word_1_188' title='bbox 882 2083 949 2155; x_wconf 83' lang='grc' dir='ltr'><strong><em>ἀπὸ</em></strong></span> <span class='ocrx_word' id='word_1_189' title='bbox 974 2095 1044 2177; x_wconf 81' lang='grc' dir='ltr'><strong><em>τῆς</em></strong></span> <span class='ocrx_word' id='word_1_190' title='bbox 1071 2100 1142 2162; x_wconf 88' lang='grc' dir='ltr'><strong><em>ΟΝ.</em></strong></span> 
     </span>
     <span class='ocr_line' id='line_1_20' title="bbox 185 2188 1140 2285; baseline 0.012 -14"><span class='ocrx_word' id='word_1_191' title='bbox 185 2194 237 2258; x_wconf 73' lang='grc'><strong><em>69·</em></strong></span> <span class='ocrx_word' id='word_1_192' title='bbox 271 2188 350 2257; x_wconf 76' lang='grc' dir='ltr'><strong><em>Ἐὰν</em></strong></span> <span class='ocrx_word' id='word_1_193' title='bbox 379 2190 416 2257; x_wconf 70' lang='grc' dir='ltr'><strong><em>δὲ</em></strong></span> <span class='ocrx_word' id='word_1_194' title='bbox 444 2189 525 2276; x_wconf 75' lang='grc' dir='ltr'><strong><em>ῥητὴ</em></strong></span> <span class='ocrx_word' id='word_1_195' title='bbox 550 2190 685 2279; x_wconf 59' lang='lat' dir='ltr'><strong><em>roam</em></strong></span> <span class='ocrx_word' id='word_1_196' title='bbox 713 2195 846 2279; x_wconf 81' lang='lat' dir='ltr'>p.326,</span> <span class='ocrx_word' id='word_1_197' title='bbox 872 2195 928 2276; x_wconf 85' lang='lat'><strong><em>19]</em></strong></span> <span class='ocrx_word' id='word_1_198' title='bbox 961 2196 1057 2285; x_wconf 76' lang='grc' dir='ltr'><strong><em>ῥητὴ</em></strong></span> <span class='ocrx_word' id='word_1_199' title='bbox 1080 2198 1140 2284; x_wconf 79' lang='grc' dir='ltr'><strong><em>ιὰο</em></strong></span> 
     </span>
     <span class='ocr_line' id='line_1_21' title="bbox 66 2294 1142 2389; baseline 0.011 -28"><span class='ocrx_word' id='word_1_200' title='bbox 66 2323 100 2371; x_wconf 81' lang='lat'><strong><em>20</em></strong></span> <span class='ocrx_word' id='word_1_201' title='bbox 119 2296 139 2380; x_wconf 82' lang='grc' dir='ltr'>ἡ</span> <span class='ocrx_word' id='word_1_202' title='bbox 165 2303 230 2363; x_wconf 91' lang='lat' dir='ltr'><strong><em>AB</em></strong></span> <span class='ocrx_word' id='word_1_203' title='bbox 260 2294 365 2383; x_wconf 76' lang='grc' dir='ltr'><strong><em>ἄκρον</em></strong></span> <span class='ocrx_word' id='word_1_204' title='bbox 392 2297 448 2363; x_wconf 80' lang='grc' dir='ltr'><strong><em>καὶ</em></strong></span> <span class='ocrx_word' id='word_1_205' title='bbox 471 2298 575 2383; x_wconf 78' lang='grc' dir='ltr'><strong><em>μέσον</em></strong></span> <span class='ocrx_word' id='word_1_206' title='bbox 599 2297 704 2383; x_wconf 78' lang='grc' dir='ltr'><strong><em>λόγον</em></strong></span> <span class='ocrx_word' id='word_1_207' title='bbox 726 2296 901 2384; x_wconf 79' lang='grc' dir='ltr'><strong><em>τετμήσθω</em></strong></span> <span class='ocrx_word' id='word_1_208' title='bbox 926 2301 1018 2368; x_wconf 83' lang='grc' dir='ltr'><strong><em>κατὰ</em></strong></span> <span class='ocrx_word' id='word_1_209' title='bbox 1043 2304 1084 2373; x_wconf 89' lang='grc' dir='ltr'><strong><em>τὸ</em></strong></span> <span class='ocrx_word' id='word_1_210' title='bbox 1109 2311 1142 2389; x_wconf 90' lang='grc' dir='ltr'><em>Γ,</em></span> 
     </span>
     <span class='ocr_line' id='line_1_22' title="bbox 118 2399 1142 2496; baseline 0.013 -30"><span class='ocrx_word' id='word_1_211' title='bbox 118 2402 173 2467; x_wconf 80' lang='grc' dir='ltr'><strong><em>καὶ</em></strong></span> <span class='ocrx_word' id='word_1_212' title='bbox 193 2405 276 2468; x_wconf 77' lang='grc' dir='ltr'><strong><em>ἔστω</em></strong></span> <span class='ocrx_word' id='word_1_213' title='bbox 297 2407 409 2486; x_wconf 78' lang='grc' dir='ltr'><strong><em>μεῖζον</em></strong></span> <span class='ocrx_word' id='word_1_214' title='bbox 426 2401 464 2469; x_wconf 91' lang='grc' dir='ltr'><strong><em>τὸ</em></strong></span> <span class='ocrx_word' id='word_1_215' title='bbox 480 2400 552 2468; x_wconf 86' lang='grc' dir='ltr'><strong><em>ΑΓ.</em></strong></span> <span class='ocrx_word' id='word_1_216' title='bbox 586 2409 800 2490; x_wconf 74' lang='grc' dir='ltr'><strong><em>προσκείσθω</em></strong></span> <span class='ocrx_word' id='word_1_217' title='bbox 820 2399 892 2488; x_wconf 75' lang='grc' dir='ltr'><strong><em>δὲὴ</em></strong></span> <span class='ocrx_word' id='word_1_218' title='bbox 909 2413 983 2473; x_wconf 87' lang='grc' dir='ltr'><strong><em>ΑΔ</em></strong></span> <span class='ocrx_word' id='word_1_219' title='bbox 1004 2405 1142 2496; x_wconf 81' lang='grc' dir='ltr'><strong><em>ἡμίσεια</em></strong></span> 
     </span>
     <span class='ocr_line' id='line_1_23' title="bbox 117 2505 1142 2594; baseline 0.015 -23"><span class='ocrx_word' id='word_1_220' title='bbox 117 2509 175 2591; x_wconf 79' lang='grc' dir='ltr'><strong><em>τῆς</em></strong></span> <span class='ocrx_word' id='word_1_221' title='bbox 188 2513 267 2572; x_wconf 89' lang='grc' dir='ltr'><strong><em>ΑΒ·</em></strong></span> <span class='ocrx_word' id='word_1_222' title='bbox 292 2507 374 2594; x_wconf 80' lang='grc' dir='ltr'><strong><em>ῥητὴ</em></strong></span> <span class='ocrx_word' id='word_1_223' title='bbox 394 2505 459 2591; x_wconf 75' lang='grc' dir='ltr'><strong><em>ἄρα</em></strong></span> <span class='ocrx_word' id='word_1_224' title='bbox 477 2508 533 2574; x_wconf 79' lang='grc' dir='ltr'><strong><em>καὶ</em></strong></span> <span class='ocrx_word' id='word_1_225' title='bbox 552 2508 572 2592; x_wconf 77' lang='grc' dir='ltr'>ἡ</span> <span class='ocrx_word' id='word_1_226' title='bbox 593 2516 672 2574; x_wconf 85' lang='grc' dir='ltr'><strong><em>ΑΛ.</em></strong></span> <span class='ocrx_word' id='word_1_227' title='bbox 709 2509 765 2576; x_wconf 83' lang='grc' dir='ltr'><strong><em>καὶ</em></strong></span> <span class='ocrx_word' id='word_1_228' title='bbox 789 2509 857 2577; x_wconf 80' lang='grc' dir='ltr'><strong><em>ἐπεὶ</em></strong></span> <span class='ocrx_word' id='word_1_229' title='bbox 880 2516 1142 2586; x_wconf 76' lang='grc' dir='ltr'><strong><em>πενταπλάσιον</em></strong></span> 
     </span>
     <span class='ocr_line' id='line_1_24' title="bbox 116 2608 1138 2713; baseline 0.007 -36"><span class='ocrx_word' id='word_1_230' title='bbox 116 2611 153 2678; x_wconf 89' lang='grc' dir='ltr'><strong><em>τὸ</em></strong></span> <span class='ocrx_word' id='word_1_231' title='bbox 179 2608 243 2677; x_wconf 82' lang='grc' dir='ltr'><strong><em>ἀπὸ</em></strong></span> <span class='ocrx_word' id='word_1_232' title='bbox 268 2619 332 2680; x_wconf 88' lang='grc' dir='ltr'><strong><em>ΓΔ</em></strong></span> <span class='ocrx_word' id='word_1_233' title='bbox 358 2616 420 2679; x_wconf 84' lang='grc' dir='ltr'><strong><em>τοῦ</em></strong></span> <span class='ocrx_word' id='word_1_234' title='bbox 447 2609 512 2680; x_wconf 79' lang='grc' dir='ltr'><strong><em>ἀπὸ</em></strong></span> <span class='ocrx_word' id='word_1_235' title='bbox 538 2621 622 2699; x_wconf 84' lang='grc' dir='ltr'><strong><em>ΛΑ,</em></strong></span> <span class='ocrx_word' id='word_1_236' title='bbox 651 2618 689 2680; x_wconf 79' lang='grc' dir='ltr'><strong><em>αἱ</em></strong></span> <span class='ocrx_word' id='word_1_237' title='bbox 719 2657 744 2704; x_wconf 75' lang='lat' dir='ltr'><em>A</em></span> <span class='ocrx_word' id='word_1_238' title='bbox 841 2655 863 2703; x_wconf 68' lang='lat' dir='ltr'><em>A</em></span> <span class='ocrx_word' id='word_1_239' title='bbox 995 2659 1026 2708; x_wconf 76' lang='lat' dir='ltr'>p</span> <span class='ocrx_word' id='word_1_240' title='bbox 1117 2665 1138 2713; x_wconf 70' lang='lat' dir='ltr'><em>B</em></span> 
     </span>
     <span class='ocr_line' id='line_1_25' title="bbox 117 2716 1126 2808; baseline 0.008 -24"><span class='ocrx_word' id='word_1_241' title='bbox 117 2723 149 2784; x_wconf 94' lang='grc' dir='ltr'>Γ</span> <span class='ocrx_word' id='word_1_242' title='bbox 148 2726 195 2802; x_wconf 86' lang='grc' dir='ltr'><em>Δ,</em></span> <span class='ocrx_word' id='word_1_243' title='bbox 220 2727 290 2784; x_wconf 85' lang='grc' dir='ltr'><strong><em>ΔΑ</em></strong></span> <span class='ocrx_word' id='word_1_244' title='bbox 323 2716 388 2808; x_wconf 74' lang='grc' dir='ltr'><strong><em>ἄρα</em></strong></span> <span class='ocrx_word' id='word_1_245' title='bbox 416 2721 517 2807; x_wconf 80' lang='grc' dir='ltr'><strong><em>ῥηταί</em></strong></span> <span class='ocrx_word' id='word_1_246' title='bbox 540 2724 605 2787; x_wconf 81' lang='grc' dir='ltr'><strong><em>εἰσι</em></strong></span> <span class='ocrx_word' id='word_1_247' title='bbox 631 2725 687 2789; x_wconf 78' lang='grc' dir='ltr'><strong><em>δυ·</em></strong></span> <span class='ocrx_word' id='word_1_248' title='bbox 737 2721 1126 2765; x_wconf 60' lang='grc' dir='ltr'><strong><em>Ι-Ἰ-’““”“-’</em></strong></span> 
     </span>
     <span class='ocr_line' id='line_1_26' title="bbox 65 2823 1141 2921; baseline 0.014 -32"><span class='ocrx_word' id='word_1_249' title='bbox 65 2849 98 2898; x_wconf 79' lang='lat'><strong><em>25</em></strong></span> <span class='ocrx_word' id='word_1_250' title='bbox 118 2823 216 2909; x_wconf 81' lang='grc' dir='ltr'><strong><em>οάμει</em></strong></span> <span class='ocrx_word' id='word_1_251' title='bbox 244 2823 352 2909; x_wconf 84' lang='grc' dir='ltr'><strong><em>μόνον</em></strong></span> <span class='ocrx_word' id='word_1_252' title='bbox 381 2826 574 2913; x_wconf 83' lang='grc' dir='ltr'><strong><em>σύμμετροι·</em></strong></span> <span class='ocrx_word' id='word_1_253' title='bbox 612 2823 762 2915; x_wconf 80' lang='grc' dir='ltr'><strong><em>ἀποτομὴ</em></strong></span> <span class='ocrx_word' id='word_1_254' title='bbox 791 2825 857 2916; x_wconf 77' lang='grc' dir='ltr'><strong><em>ἄρα</em></strong></span> <span class='ocrx_word' id='word_1_255' title='bbox 884 2825 905 2913; x_wconf 78' lang='grc' dir='ltr'><em>η</em></span> <span class='ocrx_word' id='word_1_256' title='bbox 929 2835 1008 2899; x_wconf 86' lang='grc' dir='ltr'><strong><em>ΛΓ.</em></strong></span> <span class='ocrx_word' id='word_1_257' title='bbox 1057 2834 1141 2921; x_wconf 82' lang='grc' dir='ltr'><strong><em>ῥητὴ</em></strong></span> 
     </span>
     <span class='ocr_line' id='line_1_27' title="bbox 119 2929 1140 3028; baseline 0.011 -31"><span class='ocrx_word' id='word_1_258' title='bbox 119 2931 156 2997; x_wconf 72' lang='grc' dir='ltr'><strong><em>δὲ</em></strong></span> <span class='ocrx_word' id='word_1_259' title='bbox 183 2931 203 3016; x_wconf 82' lang='grc' dir='ltr'>ἡ</span> <span class='ocrx_word' id='word_1_260' title='bbox 234 2939 314 2998; x_wconf 86' lang='grc' dir='ltr'><strong><em>ΑΒ·</em></strong></span> <span class='ocrx_word' id='word_1_261' title='bbox 350 2929 388 2999; x_wconf 86' lang='grc' dir='ltr'><strong><em>τὸ</em></strong></span> <span class='ocrx_word' id='word_1_262' title='bbox 419 2931 456 2999; x_wconf 72' lang='grc' dir='ltr'><strong><em>δὲ</em></strong></span> <span class='ocrx_word' id='word_1_263' title='bbox 484 2930 550 3000; x_wconf 75' lang='grc' dir='ltr'><strong><em>ἀπὸ</em></strong></span> <span class='ocrx_word' id='word_1_264' title='bbox 579 2931 747 3019; x_wconf 78' lang='grc' dir='ltr'><strong><em>ἀποτομῆς</em></strong></span> <span class='ocrx_word' id='word_1_265' title='bbox 774 2931 863 3022; x_wconf 83' lang='grc' dir='ltr'><strong><em>παρὰ</em></strong></span> <span class='ocrx_word' id='word_1_266' title='bbox 891 2933 1000 3023; x_wconf 72' lang='grc' dir='ltr'><strong><em>ῥητὴν</em></strong></span> <span class='ocrx_word' id='word_1_267' title='bbox 1035 2964 1140 3028; x_wconf 89' lang='grc' dir='ltr'><strong><em>παρα-</em></strong></span> 
     </span>
    </p>
   </div>
   <div class='ocr_carea' id='block_1_3' title="bbox 277 3108 1138 3186">
    <p class='ocr_par' dir='ltr' id='par_1_3' title="bbox 277 3108 1138 3186">
     <span class='ocr_line' id='line_1_28' title="bbox 277 3108 1138 3186; baseline 0.012 -25"><span class='ocrx_word' id='word_1_268' title='bbox 277 3114 291 3141; x_wconf 70' lang='lat'>³</span> <span class='ocrx_word' id='word_1_269' title='bbox 364 3108 393 3160; x_wconf 78' lang='lat'><strong><em>².</em></strong></span> <span class='ocrx_word' id='word_1_270' title='bbox 467 3114 506 3166; x_wconf 86' lang='grc'><strong><em>68.</em></strong></span> <span class='ocrx_word' id='word_1_271' title='bbox 529 3109 592 3179; x_wconf 71' lang='lat' dir='ltr'><strong><em>V⁸q</em></strong></span> <span class='ocrx_word' id='word_1_272' title='bbox 607 3109 673 3179; x_wconf 76' lang='lat'>(1³²).</span> <span class='ocrx_word' id='word_1_273' title='bbox 747 3117 789 3166; x_wconf 84' lang='lat'><strong><em>69.</em></strong></span> <span class='ocrx_word' id='word_1_274' title='bbox 808 3108 888 3178; x_wconf 66' lang='lat' dir='ltr'><strong>Pv⁸;</strong></span> <span class='ocrx_word' id='word_1_275' title='bbox 914 3110 964 3166; x_wconf 78' lang='lat' dir='ltr'>cfr.</span> <span class='ocrx_word' id='word_1_276' title='bbox 983 3130 1069 3186; x_wconf 84' lang='lat' dir='ltr'>prop.</span> <span class='ocrx_word' id='word_1_277' title='bbox 1091 3117 1138 3172; x_wconf 83' lang='lat' dir='ltr'><strong><em>VI.</em></strong></span> 
     </span>
    </p>
   </div>
   <div class='ocr_carea' id='block_1_4' title="bbox 110 3264 1139 3486">
    <p class='ocr_par' dir='ltr' id='par_1_4' title="bbox 110 3264 1139 3486">
     <span class='ocr_line' id='line_1_29' title="bbox 191 3264 1137 3347; baseline 0.012 -28"><span class='ocrx_word' id='word_1_278' title='bbox 191 3274 213 3321; x_wconf 93' lang='lat'><strong><em>1.</em></strong></span> <span class='ocrx_word' id='word_1_279' title='bbox 239 3264 284 3338; x_wconf 79' lang='grc' dir='ltr'><strong><em>αἴ]</em></strong></span> <span class='ocrx_word' id='word_1_280' title='bbox 311 3283 364 3323; x_wconf 89' lang='lat' dir='ltr'><strong><em>om.</em></strong></span> <span class='ocrx_word' id='word_1_281' title='bbox 388 3267 421 3322; x_wconf 91' lang='lat' dir='ltr'><strong><em>V.</em></strong></span> <span class='ocrx_word' id='word_1_282' title='bbox 512 3274 537 3322; x_wconf 76' lang='lat'><strong><em>2.</em></strong></span> <span class='ocrx_word' id='word_1_283' title='bbox 567 3269 691 3341; x_wconf 89' lang='grc' dir='ltr'>ΡΒΓΦ]</span> <span class='ocrx_word' id='word_1_284' title='bbox 717 3285 767 3323; x_wconf 75' lang='grc' dir='ltr'><strong><em>σοι.</em></strong></span> <span class='ocrx_word' id='word_1_285' title='bbox 793 3272 913 3327; x_wconf 85' lang='grc' dir='ltr'><em>ΥΒΓΦ.</em></span> <span class='ocrx_word' id='word_1_286' title='bbox 1007 3279 1035 3328; x_wconf 85' lang='grc'><strong><em>4.</em></strong></span> <span class='ocrx_word' id='word_1_287' title='bbox 1060 3277 1137 3347; x_wconf 88' lang='grc' dir='ltr'><strong><em>ΝΣ]</em></strong></span> 
     </span>
     <span class='ocr_line' id='line_1_30' title="bbox 115 3337 1139 3413; baseline 0.008 -21"><span class='ocrx_word' id='word_1_288' title='bbox 115 3339 145 3392; x_wconf 92' lang='grc' dir='ltr'><em>Σ</em></span> <span class='ocrx_word' id='word_1_289' title='bbox 161 3355 188 3409; x_wconf 89' lang='lat' dir='ltr'><strong><em>q.</em></strong></span> <span class='ocrx_word' id='word_1_290' title='bbox 278 3343 302 3392; x_wconf 79' lang='lat'><strong><em>5.</em></strong></span> <span class='ocrx_word' id='word_1_291' title='bbox 326 3340 390 3408; x_wconf 77' lang='grc' dir='ltr'><strong><em>τοῦ]</em></strong></span> <span class='ocrx_word' id='word_1_292' title='bbox 409 3339 480 3409; x_wconf 77' lang='lat' dir='ltr'>(alt.)</span> <span class='ocrx_word' id='word_1_293' title='bbox 502 3356 557 3394; x_wconf 88' lang='lat' dir='ltr'><strong><em>om.</em></strong></span> <span class='ocrx_word' id='word_1_294' title='bbox 576 3357 602 3408; x_wconf 91' lang='lat' dir='ltr'><strong><em>q.</em></strong></span> <span class='ocrx_word' id='word_1_295' title='bbox 689 3346 714 3396; x_wconf 86' lang='grc'><strong><em>6.</em></strong></span> <span class='ocrx_word' id='word_1_296' title='bbox 738 3337 771 3394; x_wconf 80' lang='grc' dir='ltr'><strong><em>αλ</em></strong></span> <span class='ocrx_word' id='word_1_297' title='bbox 787 3340 861 3411; x_wconf 89' lang='grc' dir='ltr'><strong><em>ΝΟ]</em></strong></span> <span class='ocrx_word' id='word_1_298' title='bbox 885 3340 978 3400; x_wconf 65' lang='lat' dir='ltr'>mitt.</span> <span class='ocrx_word' id='word_1_299' title='bbox 998 3359 1085 3401; x_wconf 75' lang='lat' dir='ltr'>enan.</span> <span class='ocrx_word' id='word_1_300' title='bbox 1105 3347 1139 3413; x_wconf 88' lang='lat' dir='ltr'><strong><em>V,</em></strong></span> 
     </span>
     <span class='ocr_line' id='line_1_31' title="bbox 110 3408 1136 3486; baseline 0.003 -16"><span class='ocrx_word' id='word_1_301' title='bbox 110 3429 170 3470; x_wconf 90' lang='lat' dir='ltr'><strong><em>om.</em></strong></span> <span class='ocrx_word' id='word_1_302' title='bbox 191 3430 217 3486; x_wconf 93' lang='lat' dir='ltr'><strong><em>q.</em></strong></span> <span class='ocrx_word' id='word_1_303' title='bbox 295 3408 352 3469; x_wconf 77' lang='grc' dir='ltr'><strong><em>εἰσί</em></strong></span> <span class='ocrx_word' id='word_1_304' title='bbox 370 3429 398 3484; x_wconf 88' lang='lat' dir='ltr'><strong><em>q.</em></strong></span> <span class='ocrx_word' id='word_1_305' title='bbox 469 3416 515 3466; x_wconf 69' lang='lat' dir='ltr'><strong><em>n.</em></strong></span> <span class='ocrx_word' id='word_1_306' title='bbox 532 3410 600 3482; x_wconf 55' lang='lat' dir='ltr'><strong><em>*atq</em></strong></span> <span class='ocrx_word' id='word_1_307' title='bbox 616 3428 671 3466; x_wconf 64' lang='lat' dir='ltr'><strong><em>tm.</em></strong></span> <span class='ocrx_word' id='word_1_308' title='bbox 686 3428 716 3477; x_wconf 72' lang='lat' dir='ltr'><strong><em>q.</em></strong></span> <span class='ocrx_word' id='word_1_309' title='bbox 790 3416 832 3466; x_wconf 77' lang='lat'><strong><em>22.</em></strong></span> <span class='ocrx_word' id='word_1_310' title='bbox 852 3412 919 3483; x_wconf 77' lang='grc' dir='ltr'><strong><em>καί]</em></strong></span> <span class='ocrx_word' id='word_1_311' title='bbox 939 3413 1004 3483; x_wconf 86' lang='lat' dir='ltr'>(pr.)</span> <span class='ocrx_word' id='word_1_312' title='bbox 1025 3432 1082 3473; x_wconf 89' lang='lat' dir='ltr'><strong><em>om.</em></strong></span> <span class='ocrx_word' id='word_1_313' title='bbox 1104 3419 1136 3473; x_wconf 89' lang='lat' dir='ltr'><strong><em>V.</em></strong></span> 
     </span>
    </p>
   </div>
   <div class='ocr_carea' id='block_1_5' title="bbox 59 3487 346 3578">
    <p class='ocr_par' dir='ltr' id='par_1_5' title="bbox 59 3487 346 3578">
     <span class='ocr_line' id='line_1_32' title="bbox 59 3487 346 3578; baseline -0.007 -30"><span class='ocrx_word' id='word_1_314' title='bbox 59 3502 118 3578; x_wconf 58' lang='grc' dir='ltr'>ι</span> <span class='ocrx_word' id='word_1_315' title='bbox 144 3494 193 3551; x_wconf 74' lang='lat'><strong><em>24.</em></strong></span> <span class='ocrx_word' id='word_1_316' title='bbox 213 3487 291 3547; x_wconf 79' lang='grc' dir='ltr'><strong><em>εἰσιν</em></strong></span> <span class='ocrx_word' id='word_1_317' title='bbox 310 3489 346 3546; x_wconf 90' lang='lat' dir='ltr'><strong><em>P.</em></strong></span> 
     </span>
    </p>
   </div>
   <div class='ocr_carea' id='block_1_6' title="bbox 0 0 1186 3796">
    <p class='ocr_par' dir='ltr' id='par_1_6' title="bbox 0 0 1186 3796">
     <span class='ocr_line' id='line_1_33' title="bbox 0 0 1186 3796; baseline 0 2"><span class='ocrx_word' id='word_1_318' title='bbox 0 0 1186 3796; x_wconf 95' lang='lat' dir='ltr'><strong><em> </em></strong></span> 
     </span>
    </p>
   </div>
  </div>
 </body>
</html>
