2362 3796
108 134 175 198 346
253 134 410 187 scnom
427 135 467 185 IN
484 133 758 186 ELEMENTORUM
774 132 915 185 LIBRUM
926 132 975 189 VI.

109 275 232 361 μάζειν.
278 272 359 342 οὐδὲ
386 272 450 361 γὰρ
480 274 532 343 ἐπὶ
559 273 597 342 τὸ
622 269 704 342 αὐτό
730 273 821 342 ἐστιν
842 271 944 358 ὕψος,
976 270 1122 360 ἃλέγει·

110 379 191 451 οὐδὲ
209 379 274 470 γὰρ
292 380 435 460 κάθετός
453 383 543 449 ἐστιν
561 379 583 466 ἡ
602 388 685 448 ΑΜ
701 377 723 467 ἢ
742 376 763 467 ἡ
779 386 859 448 ΕΜ
875 383 914 469 τῇ
934 385 1006 449 ΓΑ.
1039 384 1123 449 ἔνθα

110 487 148 555 δὲ
165 486 319 572 κάθετος,
343 490 412 556 ἐκεῖ
427 484 515 567 ὕψος
532 488 570 554 τὸ
590 483 683 573 αὐτό,
708 492 794 555 ἔνθα
812 486 850 555 δὲ
866 484 954 568 ὕψος
971 485 1012 555 τὸ
1031 483 1124 572 αὐτό,

109 595 177 661 ἐκεῖ
197 592 280 680 τρὸς
302 592 431 680 ἄλληλά
455 596 544 661 ἐστιν
568 590 613 673 ὡς
636 596 673 660 αλ
693 592 816 679 βάσεις.
852 594 1003 661 ἐνταῦθα
1022 593 1062 662 δὲ
1080 594 1124 681 μὴ

73 697 220 770 οόντων
247 698 360 769 αὐτῶν
389 697 470 767 οὐδὲ
497 699 580 786 πρὸς
608 698 737 785 ἄλληλά
759 701 851 768 ἐστιν
874 695 919 778 ὥς
941 702 980 767 αλ
999 699 1125 787 βάσεις.

109 807 145 872 ἐκ
172 806 294 875 τούτου
322 805 359 873 δὲ
391 804 524 884 πάντας
555 804 722 891 φανερόν,
759 802 810 873 ὅτι
842 805 1001 893 ἀλλοτρία
1035 807 1125 874 ἐστὶν

109 909 193 998 αὕτη
216 909 237 999 ἡ
262 910 438 998 προσθήκη
462 911 518 978 καὶ
542 909 584 979 οὐ
606 914 667 980 τοῦ
689 913 852 999 τεχνικοῦ.

57 1357 89 1406 10
109 1334 334 1422 τετράγωνον,
359 1341 393 1421 ιβ
418 1334 521 1421 οὔσης
542 1339 601 1422 τῆς
623 1343 706 1421 ΑΒ,
730 1340 821 1404 ἔστιν
843 1340 926 1423 ρμδ,
956 1326 999 1404 οὗ
1021 1333 1124 1423 ἥμισυ

108 1440 146 1509 τὸ
166 1437 314 1527 ἐμβαδὸν
333 1444 394 1509 τοῦ
412 1441 580 1527 τριγώνου
597 1433 683 1528 οβ’
665 1464 718 1510 ον
741 1442 799 1510 καὶ
817 1441 885 1510 ἐπεὶ
906 1439 1123 1530 ὀρθογώνιον

109 1545 255 1634 ὑπετέθη
286 1545 324 1616 τὸ
357 1553 541 1635 τρίγωνον,
572 1545 676 1615 καὶ
660 1575 681 1634 η
708 1555 772 1615 AB
805 1544 1033 1616 ὑποτείνουσα
1063 1548 1123 1635 τὴν

109 1652 221 1742 ὀρθὴν
244 1659 383 1740 γωνίαν,
406 1656 452 1746 τῷ
475 1650 538 1721 ἀπὸ
558 1657 618 1740 τῆς
637 1662 668 1721 Α
675 1661 703 1721 Β
726 1653 922 1744 τετραγώνῳ
939 1651 1016 1745 τῷ
1005 1652 1123 1723 εκατὸν

107 1759 356 1848 τεσσαράκοντα
387 1761 530 1846 τέσσαρα
564 1767 619 1827 λσα
652 1761 692 1841 ἐξ.
717 1758 864 1847 ἀνάγκης
895 1761 961 1828 εἰσὶ
989 1759 1031 1829 τὰ
1060 1757 1123 1827 ιἰττὸ

57 1886 90 1937 15
108 1870 176 1935 τῶν
196 1875 230 1935 Κ
234 1876 276 1954 Α
295 1874 330 1934 Κ
334 1873 362 1934 Β
380 1869 578 1954 τετραγωνα.
614 1892 669 1933 και
664 1867 757 1935 ’ἐστι
775 1891 814 1934 το
801 1864 924 1953 μὲν’
904 1864 969 1936 ατὸ
983 1869 1043 1952 τῆς
1057 1871 1123 1933 ΚΒ

107 1973 318 2102 τετράγωνον
341 1978 387 2041 τῖα
409 1969 508 2058 καὶὴ
533 1970 659 2056 πλευρὰ
684 1965 849 2058 αὐτοῦθ,
872 1971 918 2041 τὸ
933 1969 971 2039 δὲ
992 1977 1067 2038 ΚΑ
1086 1976 1125 2057 ξ

108 2077 212 2147 ual‘
196 2107 216 2165 η
249 2077 375 2167 πλευρὰ
408 2075 513 2147 αὐτοῦ
542 2071 560 2159 ξ
589 2091 704 2165 μοιραι
732 2077 856 2144 nal*
814 2098 856 2150 νς
882 2080 991 2201 πρώτα
1018 2077 1124 2144 λεπτὰ

107 2186 163 2252 καὶ
185 2188 225 2251 ῖδ
249 2185 397 2272 δεύτερα.

455 2346 510 2410 Ad
534 2369 637 2430 prop.
660 2345 777 2411 XXIV.

54 2486 89 2534 20
176 2468 227 2532 39.
260 2456 1125 2554 ἩΛΒιβὴΑΕδηΕΒηὴΒΘβὴΘΓὸ

107 2563 1124 2677 ἡΒΓξὴΛΓιβλγΔΚδἡΚΓηὴΔΑξὴΑΗβ

107 2667 699 2766 ἡΗΔὸἡΕΖβκαὶὴΖΚδ.

455 2876 511 2940 Ad
534 2899 638 2962 prop.
661 2875 779 2940 XXVI.

174 2999 226 3062 40.
267 3001 361 3082 Ζητώ
385 2997 441 3064 καὶ
465 2999 612 3064 ἐνταῦθα
635 3001 871 3082 καταλληλίαν·
894 2993 1124 3083 ἀκατάλληλος

53 3119 89 3169 25
107 3099 172 3188 γάρ
196 3127 253 3187 μοι
277 3106 371 3169 δοκεῖ
391 3100 409 3169 ὁ
434 3104 493 3169 τοῦ
518 3104 674 3170 ἐναντίον
697 3100 798 3188 λόγος
821 3100 904 3189 πρὸς
926 3100 963 3169 τὸ
990 3101 1123 3188 ζήτημα.

109 3206 222 3292 εἰμὲν
246 3206 309 3293 γὰρ
334 3212 446 3294 ἔλεγεν
470 3205 487 3274 ὁ
511 3209 671 3295 τεχνικός,
695 3205 746 3275 ὅτι
770 3209 840 3275 ἐστὶ
861 3211 931 3275 τών
955 3207 1019 3277 δύο
1043 3233 1123 3295 τιαρ-

179 3408 222 3457 38.
241 3407 281 3470 q.
372 3407 414 3457 39.
435 3407 476 3471 q.
571 3406 614 3456 40.
638 3398 796 3533 λ(ζήτησις
815 3400 893 3470 νέα);
919 3401 954 3458 de
977 3417 1007 3457 ro
1027 3401 1076 3457 cfr.
1096 3401 1123 3454 Π

107 3488 136 3541 p
156 3476 207 3526 τοι
226 3472 283 3528 not
306 3476 328 3525 1.
