2362 3796
121 128 162 192 78
275 130 432 183 SOHOLIA
449 131 488 182 IN
505 130 780 182 ELRMENTORUM
799 130 973 184 LIBRUML

77 346 80 352 .
119 269 281 356 κινήσεως
309 269 347 338 τὸ
376 267 467 350 εἶδος
499 267 576 338 οὔτε
607 268 764 359 μεριστόν
797 271 888 338 ἐστιν
920 271 1032 356 μόνως
1056 269 1133 340 ούτε

120 373 252 464 ἀμερές·
285 374 362 445 ούτε
384 375 449 463 γὰρ
474 371 517 444 άν
539 375 619 455 τοὺς
640 374 786 456 πολλοὺς
807 375 932 456 τύπους
954 372 1132 464 ὑπεδέχετο

119 480 197 562 τοὺς
221 484 396 570 δευτέρους
418 485 486 550 τῶν
510 480 652 569 πρώτων
675 480 837 569 ἀμυδρῶν
860 479 978 550 ὄντων.
1015 486 1133 570 διττὴν

120 580 184 656 οὖν
212 593 333 675 ἔχουσα
364 587 510 675 δύναμιν
537 586 575 656 τὸ
599 601 738 675 σημεῖον
762 591 799 657 ἐν
821 591 867 679 τῷ
891 585 1010 677 άμερεῖ
1030 587 1134 675 αύτῆς

84 690 323 780 σύποδέχεται.

186 799 327 888 Γραμμὴ
354 800 391 868 δέ
414 805 519 887 μῆκος
542 798 691 879 ἀπλατές.

187 907 346 994 δευτέραν
362 911 428 993 ἔχει
442 905 536 987 τάξιν
550 903 570 992 ἡ
585 905 731 994 γραμμή,
749 903 828 973 καθ’
846 903 929 974 ὅσον
943 904 981 974 τὸ
997 911 1133 995 πρῶτον

120 1017 185 1100 ἔχει
218 1011 384 1098 διάστημα
413 1012 469 1079 καὶ
501 1009 747 1098 ἁπλούστατον,
780 1009 861 1100 ὅπερ
895 1010 913 1080 ὁ
945 1015 1132 1102 γεωμέτρης

119 1121 224 1203 μῆκος
238 1117 393 1186 ἐκάλεσεν
407 1118 570 1204 προσθεὶς
582 1116 620 1187 τὸ
635 1116 786 1203 άπλατές,
801 1115 914 1204 ἐπειδὴ
928 1119 984 1185 καὶ
998 1118 1131 1206 γραμμὴ

69 1249 102 1298 10
120 1221 203 1310 πρὸς
224 1221 287 1309 τὴν
311 1223 509 1311 ἐπιφάνειαν
532 1224 637 1311 ἀρχῆς
660 1225 767 1312 ἐπέχει
789 1223 907 1310 λόγου·
936 1223 989 1312 διδ
1012 1224 1049 1292 τὸ
1067 1224 1130 1311 μὲν

122 1344 261 1416 σημεῖον
283 1329 498 1419 άποφατικῶς
520 1333 632 1417 μόνως
652 1322 815 1415 ἐδίδαξεν,
838 1328 900 1417 τὴν
920 1331 958 1399 δὲ
975 1329 1130 1418 γραμμὴν

120 1438 175 1504 καὶ
199 1434 413 1523 άποφατικῶς
435 1438 490 1505 καί
509 1440 748 1521 καταφατικῶς.
784 1434 931 1523 άπλατὴς
950 1436 988 1504 δέ
1002 1433 1047 1515 ὡς
1063 1440 1132 1504 τῶν

120 1544 233 1612 ἄλλων
251 1543 491 1632 καθαρεύουσα
510 1542 758 1629 διαστημάτων·
780 1552 847 1610 πᾶν
861 1541 926 1630 γὰρ
939 1542 978 1610 τὸ
992 1539 1134 1622 ἀπλατὲς

120 1651 176 1717 καὶ
208 1647 335 1737 ἆβαθές
366 1652 469 1718 ἐστιν·
511 1648 627 1735 διόπερ
661 1645 702 1716 ού
734 1650 961 1735 προσέθηκεν,
995 1648 1045 1717 ὅτι
1076 1648 1133 1715 καὶ

70 1779 102 1828 15
121 1754 256 1843 άβαθές.
302 1753 375 1824 ἀλλ’
402 1747 502 1834 οὗτος
523 1755 586 1841 μέν
609 1752 627 1822 ὁ
653 1752 732 1840 ὅρος
754 1755 891 1840 τέλειος,
922 1751 941 1822 ὁ
971 1753 1009 1821 δὲ
1032 1753 1133 1839 ῥύσιν

121 1861 225 1930 είπών
248 1869 387 1950 σημείου
413 1860 476 1949 τὴν
505 1859 661 1949 γραμμὴν
690 1866 797 1929 ἔοικεν
826 1858 891 1929 άπὸ
919 1864 978 1947 τῆς
1000 1864 1135 1945 γενικῆς

119 1973 226 2048 αἰτίας
249 1967 356 2054 αὐτὴν
377 1968 542 2056 παράγειν
564 1967 620 2034 καί
644 1964 686 2035 ού
708 1977 819 2035 πᾶσαν
847 1965 1020 2053 γραμμήν,
1048 1964 1133 2033 ἀλλὰ

119 2073 181 2160 τὴν
208 2072 327 2142 άυλον·
365 2074 489 2160 ταύτην
517 2073 582 2163 γὰρ
605 2069 766 2159 ύφίστησι
788 2072 826 2141 τὸ
852 2085 992 2159 σημεῖον
1015 2068 1135 2160 άμερδς

120 2178 170 2247 ύν.
222 2177 307 2246 άλλὰ
335 2183 439 2247 ταῦτα
467 2178 528 2266 μὲν
557 2178 677 2266 οὕτως,
711 2183 745 2247 οί
772 2179 808 2248 δέ
834 2177 1068 2265 Πυθαγόρειοι
1095 2177 1132 2247 τὸ

68 2308 102 2358 20
121 2283 182 2370 μὲν
210 2297 349 2370 σημεῖον
377 2283 546 2371 άνάλογον
575 2285 764 2373 ἐλάμβανον
791 2284 931 2373 μονάδι,
964 2283 1067 2351 δυάδι
1096 2284 1134 2352 δὲ

119 2386 181 2475 τὴν
203 2388 359 2476 γραμμὴν
382 2389 438 2456 καὶ
460 2392 570 2477 τριάδι
596 2389 634 2459 τὸ
663 2394 834 2477 ἐπίπεδον,
867 2389 1000 2478 τετράδι
1029 2389 1066 2458 δδ
1093 2389 1131 2460 τὸ

121 2498 225 2581 σῶμα.
267 2500 374 2561 καίτοι
395 2492 620 2582 Ἀριστοτέλης
642 2501 819 2585 τριαδικῶς
840 2497 1130 2584 προσεληλυθέναι

121 2600 203 2688 φησὶ
230 2598 267 2669 τὸ
302 2611 397 2688 σῶμα
429 2598 474 2680 ὡς
507 2601 672 2689 διάστημα
698 2608 831 2691 πρῶτον
859 2601 1040 2689 λαμβάνων
1068 2601 1133 2690 τὴν

121 2707 285 2796 roncum·

67 2839 100 2888 τε
186 2818 347 2903 Γραμμῆς
370 2813 407 2882 δὲ
429 2817 553 2909 πέρατα
577 2829 704 2902 σημεῖα.

185 2926 253 2990 πᾶν
276 2921 314 2990 τὸ
338 2923 506 2990 σύνθετον
528 2919 594 2990 άπὸ
617 2925 678 2990 τοῦ
702 2918 823 3007 ἁπλοῦ,
846 2920 902 2988 καὶ
925 2924 994 2987 πᾶν
1016 2919 1054 2988 τὸ
1079 2947 1133 3007 με·

121 3026 235 3114 ριστὸν
259 3024 323 3096 άπὸ
347 3032 407 3096 τού
430 3026 610 3116 ἀμερίστου
633 3029 845 3114 καταδέχεται
868 3025 928 3095 τὸν
952 3023 1052 3115 ὅρον,
1076 3028 1133 3095 καὶ

120 3134 247 3201 τούτων
275 3133 402 3213 ελκόνες
428 3146 501 3213 ταῖς
527 3132 644 3221 ἀρχαῖς
670 3139 901 3220 προτείνονται
929 3135 997 3200 τῶν
1020 3141 1130 3220 μαθη-

122 3237 244 3323 μάτων.
295 3237 375 3307 ὅταν
407 3267 471 3327 γαρ
503 3238 567 3324 τὴν
600 3237 755 3326 γραμμὴν
787 3235 852 3306 ὑπὸ
884 3241 951 3306 τῶν
983 3246 1132 3324 σημείων

193 3472 233 3524 19.
252 3466 432 3539 τινθαγύριοι.
