2362 3796
109 129 176 194 304
267 129 423 182 SOHOLIA
440 130 479 181 IN
497 128 773 180 ELEMENTORUM
789 128 929 180 LIBRUM
942 130 974 183 V.

49 356 58 365 ς
109 270 250 357 ταύτην,
283 268 527 356 ἀναγινώσκων
553 266 735 349 ὑπόστιξον
763 273 811 347 εἰς
836 266 875 336 τὸ
903 270 959 336 καὶ
987 267 1131 357 ἀφαιρε

109 377 215 443 θέντα
232 377 319 461 τινά,
341 377 394 443 καλ
420 373 630 454 ὑποθετικῶς
651 375 689 444 τὸ
709 374 828 443 λοιπὸν
847 373 951 462 ῥητὸν
968 379 1030 462 τῆς
1047 400 1132 461 προ-

111 482 237 561 τάσεως
255 482 432 568 ἀνάγνωθι
451 480 544 561 ἐκτὸς
567 480 613 560 ῶς
635 478 699 549 ἀπὸ
723 485 841 550 κοινοῦ
862 479 924 549 τὸν
948 479 1009 550 ἐὰν
1034 482 1132 564 δεξά-

23 594 40 601 ”
113 615 214 676 μενος
236 589 440 675 σύνδεσμον,
462 588 518 655 καὶ
542 585 763 668 οὕτωςπάνυ
785 603 843 655 σοι’
863 592 956 655 ἔσται
979 588 1104 675 σαφής.

78 719 95 768 5
180 699 232 764 58.
269 695 420 782 Σχόλιον
442 698 504 762 τοῦ
527 693 559 772 ς’
582 692 811 781 θεωρήματος.
846 696 971 780 ἰστέον,
995 691 1049 763 ὅτι
1068 693 1132 764 οὐκ

115 798 199 888 οἶδε,
223 807 258 868 τί
278 804 367 888 λέγει
391 804 540 869 ἐνταῦθα
559 799 577 868 ὁ
598 800 803 887 σχολιάστης,
821 797 906 868 ἀλλὰ
923 800 1085 870 τοιοῦτόν
1101 829 1133 870 τι

114 908 203 993 λέγει
226 905 244 975 ὃ
269 905 467 993 Εὐκλείδης,
491 905 553 993 ὅτι,
578 905 638 974 έδιν
657 906 720 973 δύο
739 907 877 992 μεγέθη,
900 903 1040 975 ὑπόθου
1058 926 1131 975 σπι

112 1012 247 1100 θαμοδς
270 1012 427 1100 ἑκάτερον
450 1019 485 1099 ιἰ,
509 1013 572 1082 δύο
596 1017 764 1099 μεγεθῶν,
787 1011 925 1081 ὑπόθου
947 1017 1132 1100 σπιθαμῶν

112 1145 221 1186 οντων
236 1146 253 1185 ε
235 1120 472 1205 εκατέρον,ἰ
473 1111 601 1207 σάκιςῇ
616 1120 863 1186 πολλαπλάσια·
884 1119 1131 1207 τετραπλάσιον

61 1244 95 1294 10
113 1222 177 1310 γάρ
211 1225 367 1310 ἑκάτερον
399 1225 570 1310 ἑκατέρου
613 1225 668 1292 καὶ
700 1221 931 1312 ἀφαιρεθέντα
962 1222 1038 1294 τινὰ
1068 1223 1127 1293 ἀπ’

113 1327 236 1415 αὐτῶν,
261 1330 420 1416 δηλονότι
438 1334 507 1399 τῶν
525 1337 796 1415 πολλαπλασίων,
819 1324 882 1399 ῶσι
900 1330 1001 1398 πάλιν
1018 1330 1130 1411 ἰσάκις

112 1439 180 1502 τῶν
213 1438 549 1523 προυποτεθειμένοον
583 1446 737 1524 μεγεθῶν
768 1429 1131 1523 πολλαπλάσια,οοῖον

112 1541 342 1629 ἀφαιρεθέντα
364 1542 404 1609 τὰ
429 1544 509 1610 δέκα
538 1546 571 1624 ἐξ
594 1545 752 1630 ἑκατέρου
779 1547 848 1610 τῶν
870 1549 1131 1613 πολλαπλασίων

113 1648 223 1728 λσάκις
246 1648 328 1717 ὄντα
351 1648 583 1717 πολλαπλάσια
604 1653 675 1716 τῶν
697 1655 715 1716 ἒ
740 1654 921 1734 σπιθαμῶν
944 1647 1057 1718 ὄντων
1080 1677 1131 1737 με·

63 1773 96 1822 15
114 1760 228 1841 γεθῶν
251 1752 272 1842 ἢ
296 1753 524 1843 ἀφαιρεθέντα
546 1758 587 1823 ’τὰ
611 1760 655 1840 ii,
683 1758 724 1823 τδι
747 1755 863 1841 λοιπά,
891 1753 974 1841 άπερ
997 1757 1087 1825 εἰσὶν
1110 1753 1130 1843 ἢ

112 1859 153 1930 τὰ
177 1864 256 1929 δέκα
278 1859 300 1948 ἢ
320 1865 359 1930 τά
383 1865 496 1948 πέντε,
520 1866 589 1930 τῶν
608 1859 732 1948 αὐτῶν,
755 1860 863 1948 ἤγουν
886 1865 954 1931 τῶν
976 1867 1011 1947 ἒ,
1035 1859 1056 1950 ἢ
1076 1871 1132 1931 λσα

114 1972 211 2052 εἰσίν,
230 1965 273 2036 ἀν
292 1966 515 2057 ἀφῃρέθησαν
533 1974 573 2053 ῑὲ,
591 1964 611 2055 ἢ
631 1968 739 2048 λσάκις
757 1969 870 2037 αὐτῶν
888 1969 1133 2054 πολλαπλάσια,

27 2125 30 2130 .
114 2070 158 2140 ἀν
182 2073 405 2162 ἀφηρέθησαν
429 2076 517 2143 δέκα.
730 2085 734 2091 ’

182 2183 233 2247 59.
268 2178 435 2259 Ἰσάκις”
414 2208 479 2268 αρα
503 2183 571 2250 ἐστὶ
594 2180 846 2250 πολλαπλάσιον
869 2180 902 2249 τί
931 2188 996 2249 ΑΒ
1018 2185 1082 2249 τοῦ
1103 2188 1135 2248 Ε

66 2304 100 2353 20
118 2283 230 2351 καὶ
196 2310 234 2352 το
254 2293 321 2352 ΚΘ
342 2291 450 2355 τοῶΖ
474 2312 504 2373 p.
518 2291 571 2374 20,
592 2291 703 2371 15]ει’
689 2286 785 2374 ἰὲμν
803 2289 860 2355 καὶ
884 2285 929 2354 δι’
949 2285 1134 2374 άλλο,οῶκ

117 2387 204 2474 οἶδα,
231 2389 361 2469 λ”σωςδ
384 2418 447 2461 ονν
466 2394 521 2460 καὶ
541 2391 597 2461 διὰ
615 2391 708 2479 τὸβ’
725 2398 788 2462 τοῦ
807 2393 1135 2481 παρόντοςβιβλίου.

116 2492 238 2582 ἀν’γάρ
254 2495 361 2576 οὕτως
374 2506 529 2586 εἴπωμεν,
550 2497 610 2585 ὅτι,
629 2498 688 2567 ἐὰν
701 2504 836 2582 πρῶτον
851 2501 1010 2588 δευτέρον
1025 2499 1136 2580 ἰσάκις

116 2593 137 2690 ᾖ
157 2602 409 2672 πολλαπλάσιον
426 2605 481 2672 καὶ
500 2611 614 2693 τρίτον
631 2605 802 2693 τετάρτου,
820 2597 842 2694 ᾖ
857 2604 895 2673 δὲ
907 2607 964 2673 καὶ
982 2607 1135 2694 πέμπτον

118 2709 262 2799 δευτέρῳ
284 2717 359 2777 ἴσον
378 2713 434 2779 καὶ
453 2714 549 2780 ἕκτον
567 2711 723 2803 τετάρτφ,
746 2712 802 2778 καλ
817 2712 983 2780 συντεθὲν
996 2716 1134 2798 πρῶτον

66 2838 100 2887 25
119 2816 174 2882 καὶ
196 2817 356 2902 πέμπτον
370 2819 529 2904 δευτέρου
556 2817 665 2896 λσάκις
688 2821 779 2885 ἔσται
802 2819 1055 2888 πολλαπλάσιον
1078 2820 1135 2887 καὶ

116 2926 230 3006 τρίτον
253 2923 309 2989 καὶ
332 2925 428 2991 ἕκτον
457 2924 629 3009 τετάρτου,
662 2923 865 3011 προβήσεται
893 2924 913 3013 ἡ
943 2929 1061 3012 δεῖξις,
1090 2912 1136 3006 ῶς

118 3026 172 3095 ὅτε
195 3029 249 3095 καὶ
273 3027 311 3097 τὸ
335 3031 483 3117 πέμπτον
507 3032 666 3117 δευτέρου
689 3029 799 3111 λσάκις
819 3024 863 3118 ἦν
881 3031 1135 3102 πολλαπλάσιον

117 3133 172 3199 καὶ
195 3132 233 3203 τὸ
258 3136 353 3203 ἕκτον
372 3135 538 3221 τετάρτου.

188 3246 332 3254 ————

119 3246 429 3416 fissbgvffifmpiost
448 3278 484 3331 ad
504 3278 590 3334 schol
607 3283 649 3348 οἵ,
669 3279 745 3349 quod
760 3280 823 3335 ead
838 3297 911 3335 man.
926 3280 1049 3336 deletum
1070 3284 1135 3352 est)

189 3477 229 3527 14.
252 3469 343 3528 ὄντων
360 3468 508 3547 μεγεθῶν]
527 3472 676 3530 incertum.
