2362 3796
254 186 410 239 SOHOLIA
428 188 468 238 IN
485 187 759 240 ELEMENTORUM
776 188 916 240 LIBRUM
929 190 962 244 V.
1050 187 1112 253 311

437 472 440 479 ι
471 382 528 446 Ad
550 405 654 467 prop.
677 383 748 449 XV.

44 591 46 594 Α
170 507 221 572 72.
254 501 327 572 Ἐπὶ
350 502 467 590 μόνων
490 501 672 591 ὁμογενῶν.

170 613 220 678 73.
259 604 343 678 Οἷον
367 606 385 677 ὁ
409 621 430 696 η
453 609 537 697 πρὸς
557 609 619 678 τὸν
642 601 663 679 ὁ
690 610 751 679 τὸν
779 609 883 679 αὐτὸν
910 617 976 699 ἔχει
998 611 1114 698 λόγον,

101 713 143 785 ὁν
162 713 181 784 ὁ
196 720 216 786 ξ
233 713 318 803 πρὸς
335 717 396 784 τὸν
410 721 444 802 γ’
468 713 652 804 ἀμφότεροι
671 716 850 785 διπλάσιον
869 721 983 805 έχουσι
996 716 1114 804 λόγον’

99 822 184 910 μέρη
208 821 246 891 ὁὸ
269 813 411 890 mal
435 818 449 890 ἱ
476 827 513 909 γ,
541 818 559 891 ὁ
583 820 644 909 μὲν
667 827 727 891 τοί
751 832 788 908 η,
813 820 830 891 ὁ
855 823 892 891 δὲ
915 826 977 892 τοῦ
1000 828 1035 909 ξ,
1058 825 1167 892 καλε

102 922 271 1014 ὁνλόγον
293 933 407 1015 ἔχουσι
424 927 465 996 τὰ
484 925 557 1014 ὅλα,
581 921 656 997 οἷον
676 927 693 997 ὁ
714 927 800 998 ὀκτὼ
820 927 903 1015 πρὸς
920 927 981 998 τὸν
999 937 1030 1015 ξ,
1053 928 1114 998 τὸν

100 1031 206 1102 αὐτὸν
228 1033 285 1102 καὶ
308 1034 347 1103 τά
373 1027 395 1100 ὁ
416 1033 500 1123 πρὸς
522 1033 563 1102 τὰ
585 1037 618 1122 γ’
648 1037 795 1122 ἐπίτριτα
817 1035 883 1124 γὰρ
906 1033 1015 1122 άμφω.

168 1142 219 1208 74.
256 1141 355 1229 Μέρη
378 1139 419 1208 τά
443 1148 519 1209 ΑΗ
536 1140 592 1209 καί
616 1149 698 1209 ΔΚ·
729 1146 819 1209 ἔστιν
844 1134 907 1210 οὖν
931 1141 1030 1228 λόγος
1052 1144 1114 1210 τοῦ

99 1252 177 1313 ΑΗ
195 1242 279 1333 πρὸς
300 1249 338 1315 τὸ
358 1254 441 1333 ΔΚ,
465 1243 506 1315 ὃν
530 1252 596 1334 ἔχει
613 1246 651 1315 τὸ
674 1255 737 1316 ΑΒ
760 1247 844 1335 πρὸς
861 1246 899 1316 τὸ
919 1255 998 1335 ΔΕ,
1021 1273 1113 1316 τοντ-

80 1353 169 1428 ,έστι
190 1363 253 1420 τοῦ
276 1354 399 1440 μέρους
421 1351 504 1440 πρὸς
525 1352 562 1422 τὸ
588 1355 697 1441 μέρος,
721 1351 739 1422 ὁ
763 1352 864 1434 αὐτός
886 1357 955 1423 ἐστι
973 1355 1028 1422 καλ
1051 1357 1112 1422 τοτ’
1134 1375 1166 1423 10

98 1455 183 1527 ὅλου
205 1454 289 1545 πρὸς
310 1457 349 1527 τὸ
374 1456 465 1527 ὁλον.
511 1456 638 1527 ούιιούν
665 1460 721 1527 καὶ
748 1457 788 1527 τά
818 1457 880 1528 ὁλα
907 1472 978 1539 τοῖς
999 1460 1126 1552 με’ρεσιΙ

98 1561 161 1631 τὸν
184 1561 289 1632 αύτὸν
312 1569 378 1652 ἔχει
400 1563 514 1649 λόγον.

169 1672 219 1738 75.
255 1668 399 1758 Δοαείὴ
419 1676 551 1752 ἔκθεσις
568 1675 629 1739 τοῦ
648 1670 814 1760 παρόντος
833 1670 875 1739 ιε’
894 1669 1113 1757 θεωρήματος

97 1772 144 1863 μη
164 1790 360 1862 συμφωνεῖν
378 1780 418 1866 τῇ
433 1777 604 1866 προτάσει·
627 1774 725 1864 ἡμὲν
738 1776 804 1864 γάρ
818 1775 977 1864 πρότασίς
996 1795 1112 1862 φησιν,

98 1880 149 1952 ὅτι
172 1887 286 1969 έχουσι
308 1882 413 1969 λόγον
431 1881 471 1952 τά
490 1884 572 1971 μέρη
591 1887 660 1951 τάν
679 1881 836 1962 ὡσαύτως
853 1886 1111 1950 πολλαπλασίων
1131 1903 1165 1951 15

96 1992 157 2058 τὸν
189 1984 296 2058 αύτὸν
324 1985 481 2076 ἀλλήλοις
507 1990 683 2076 ληφθέντα
708 1988 909 2076 κατάλληλα,
940 1990 1112 2057 τουτέστιν

96 2094 196 2164 ὁποία
224 2096 307 2184 μέρη
337 2091 457 2163 ὁποίου
486 2101 736 2164 πολλαπλασίου
762 2099 909 2163 τεθῶσιν
941 2091 1111 2181 ἡγούμενα

97 2200 330 2287 λαμβάνεσθαι
353 2199 405 2270 άεὶ
427 2200 609 2289 ἡγούμενα,
632 2205 672 2270 τὰ
697 2202 734 2270 δὲ
752 2205 812 2270 τοῦ
832 2203 947 2291 ἑτέρου
965 2199 1018 2268 άεὶ
1037 2200 1110 2269 ἕπό·

97 2332 190 2392 μενα.
234 2303 318 2393 ἡδὲ
341 2311 475 2387 ἔκθεσίς
497 2327 618 2393 φησιν,
651 2306 703 2376 ὅτι
731 2309 815 2394 λέγω
844 2305 888 2387 ὡς
910 2310 948 2376 τὸ
973 2312 1006 2374 Γ
1027 2310 1111 2394 πρὸς

97 2435 135 2478 το
155 2418 194 2496 Ζ,
218 2408 324 2491 οὕτως
341 2415 379 2481 τὸ
399 2419 465 2480 AB
489 2413 574 2502 πρὸς
590 2411 628 2482 τὸ
648 2420 726 2500 ΔΕ,
751 2418 898 2483 δοκούσα
918 2418 1045 2500 ὁηλοῦν
1066 2412 1111 2495 ὡς
1130 2435 1164 2483 20

98 2514 262 2601 ἑπόμενον
280 2537 365 2604 προς
383 2516 559 2604 ἑπόμενον,
578 2514 684 2598 οὕτως
702 2516 892 2606 ἡγούμενον
910 2522 995 2605 πρὸς
1008 2516 1111 2607 ἡγού-

97 2645 210 2707 μενον.
245 2618 329 2689 ὡστε
347 2631 417 2702 πὼς
436 2620 497 2690 οὐκ
511 2620 555 2691 άν
570 2627 667 2692 δοκοῖ
678 2634 718 2713 τῇ
732 2627 890 2712 προτάσει
906 2623 1110 2712 ἀσύμφωνος

95 2721 117 2811 η
142 2728 287 2805 έκθεσις;
322 2722 397 2795 ἀλλ’
419 2723 624 2816 άσύμφωνος
646 2731 708 2817 μέν
732 2732 822 2798 ἐστιν
850 2730 1034 2817 νοονμένη,
1065 2728 1110 2810 ὡς

95 2837 237 2916 είρηται,
260 2847 437 2918 συμφωνεῖ
453 2833 491 2903 δέ
508 2838 689 2922 νοουμένη,
713 2832 757 2915 ὡς
775 2834 967 2922 ῥηθήσεται.
995 2839 1026 2902 εί
1042 2839 1109 2925 γάρ

94 2932 116 3022 ἡ
149 2934 310 3023 πρότασις
341 2938 402 3025 μὲν
434 2941 522 3027 λέγει
554 2947 642 3028 ἔχειν
673 2943 712 3008 τά
746 2941 828 3028 μέρη
856 2944 924 3008 τὼν
950 2937 1110 3022 ὡσαύτως
1128 2962 1161 3013 25

92 3049 355 3112 πολλαπλασίων
375 3072 435 3115 τιν
458 3045 563 3115 αὐτὸν
586 3047 690 3133 λόγον
713 3048 887 3134 ληφθέντα
908 3045 1108 3134 κατάλληλα,

92 3172 134 3215 τα
159 3148 196 3216 δέ
220 3146 378 3232 ὡσαύτως
396 3152 630 3241 Ιπολλαπλάσιά
654 3159 720 3222 είσι
749 3155 788 3223 τό
814 3180 849 3222 τε
873 3161 939 3222 AB
967 3154 1109 3240 μέγεθος

165 3315 207 3364 72.
227 3311 258 3364 Β.
333 3317 375 3367 73.
394 3311 442 3366 V⁴.
517 3317 559 3367 74.
577 3313 610 3366 A.
684 3319 726 3369 75.
746 3315 760 3367 t
777 3311 873 3384 (νέον).

165 3455 191 3505 2.
209 3450 288 3506 Idem
305 3450 412 3519 legitur
430 3451 467 3506 ad
486 3469 566 3523 prop.
582 3459 614 3508 12
631 3458 660 3510 et
674 3460 717 3526 16,
735 3453 773 3510 ad
786 3471 869 3526 ρτορ.
883 3462 921 3511 14
930 3460 1045 3512 mm.
1062 3456 1118 3508 m&

93 3513 142 3574 έπλ
160 3513 306 3588 ὁμογενῶν
323 3519 372 3574 καί
391 3517 439 3576 ἐπὶ
458 3518 646 3598 άνομογενὼν
663 3527 699 3584 B.
