2362 3796
124 199 188 262 102
275 198 431 250 SGHOLIA
448 199 488 250 IN
506 197 782 250 ELEMENTORUM
799 197 939 249 LIBRUM
952 197 974 248 1.

124 339 161 408 δὲ
176 338 370 425 ὀρθογώνια
382 339 457 425 μέν,
479 334 541 406 ούκ
555 337 737 422 ἰσόπλευρα
751 339 800 422 δέ,
822 337 867 417 ῶς
884 335 924 404 τά
944 338 1152 427 ἑτερομήκη,

122 445 162 514 τὰ
178 445 215 513 δέ
226 451 366 533 ἔμπαλιν
381 445 563 531 ἰσόπλευρα
577 446 649 530 μέν,
664 441 932 532 ούκόρθογῶνια
942 446 990 529 δέ,
1005 441 1139 524 ῶςτοὺς

124 553 280 642 ῥόμβους.
308 546 407 640 ήγδιρ
422 550 595 638 ἀμφότερα
609 555 696 637 ἔχειν
715 548 900 635 άυαγκαίον
917 547 981 637 τήν
1001 553 1137 639 ἰσότητα

121 663 190 729 τῶν
203 663 358 746 πλευρῶν
372 659 428 726 καὶ
441 656 504 744 τήν
514 655 683 745 ὀρθότητα
696 665 764 725 τῶν
778 652 943 743 γωνιῶνῆ
957 655 1137 746 ούδέτερον

89 762 145 854 σή
168 766 206 834 τὸ
231 767 356 853 ἕτερον,
380 765 435 833 καὶ
458 767 557 832 τούτο
578 767 690 850 διχῶς,
714 761 760 842 ῶς
776 766 940 851 τετραχῶς
957 761 1137 851 ὑφίσταται

122 871 161 942 τὸ
185 871 543 960 παραλληλόγραμμον.
575 869 700 939 τῶνδὲ
718 869 762 956 μή
781 873 1136 960 παραλληλογράμμων

122 978 163 1048 τὰ
191 978 252 1066 μὲν
282 977 345 1046 δύο
373 977 483 1064 μόνον
511 983 576 1065 ἔχει
603 976 851 1064 παραλλήλους,
880 974 990 1045 ούκέτι
1019 976 1057 1044 δὲ
1080 978 1135 1045 καὶ

122 1083 181 1164 τὰς
203 1084 331 1168 λοιπάς,
355 1082 395 1151 τὰ
419 1082 451 1151 δ’
478 1080 552 1151 οὐδ’
580 1081 666 1163 ὅλως
688 1088 754 1169 ἔχει
776 1086 844 1150 τῶν
867 1087 1022 1171 πλευρῶν
1043 1109 1136 1163 τινας

123 1190 369 1279 παραλλήλους·
409 1189 466 1256 καὶ
495 1188 535 1258 τά
567 1188 628 1276 μὲν
658 1197 806 1257 καλεῖται
832 1190 1000 1277 τραπέζια,
1031 1188 1072 1256 τὰ
1086 1188 1134 1256 ’δὲ

70 1317 104 1365 10
123 1299 346 1383 τραπεζοειδῆ.
385 1299 454 1362 τῶν
479 1293 516 1363 δέ
538 1301 720 1381 τραπεζίων
743 1293 783 1364 τά
808 1294 869 1382 μὲν
894 1304 965 1376 ίσας
986 1297 1050 1381 ἔχει
1070 1291 1132 1372 τὰς

124 1403 357 1481 συναπτούσας
379 1401 612 1490 παραλλήλους
633 1401 765 1488 ταύτας,
788 1400 828 1470 τὰ
852 1401 890 1469 δὲ
908 1401 1054 1485 ἀνίσους,
1076 1400 1133 1467 καὶ

123 1517 271 1580 καλεῖται
297 1507 338 1576 τδι
366 1507 429 1596 μὲν
458 1512 613 1594 ίσοσκελή
643 1511 813 1594 τραπέζια,
845 1507 886 1575 τὰ
918 1507 957 1576 δέ
986 1504 1136 1592 σκαληνὰ

123 1618 286 1704 τραπέζια.
338 1615 376 1685 τὸ
405 1613 471 1703 άρα
498 1613 744 1704 τετράπλευρον
773 1615 919 1702 έπταχῶς
946 1611 1029 1700 ήμίν
1058 1611 1137 1680 ὑπο-

123 1723 291 1810 στήσεται·
304 1721 343 1791 τὸ
357 1721 419 1810 μὲν
432 1721 498 1811 γάρ
513 1724 581 1790 έστι
594 1721 817 1809 τετράγωνον,
830 1720 869 1789 τὸ
885 1719 921 1788 δὲ
932 1719 1138 1807 ἑτερόμηκες,

71 1845 103 1894 15
122 1829 160 1898 τὸ
195 1830 232 1898 δὲ
265 1828 404 1916 ῥόμβος,
436 1827 475 1896 τό
509 1826 547 1896 δὲ
580 1827 789 1914 ῥομβοειδές,
820 1825 858 1894 τὸ
892 1825 930 1894 δέ
960 1827 1137 1912 τραπέζιον

123 1937 304 2020 ἰσοσκελές,
336 1934 373 2004 τό
409 1935 446 2003 δὲ
479 1932 648 2021 σκαληνόν
678 1933 867 2020 τραπέζιον,
899 1930 937 2000 τὸ
962 1930 999 1999 δὲ
1021 1956 1137 2020 τραπε-

124 2044 254 2124 ζοειδές.
300 2038 374 2107 ἀλλ’
401 2038 419 2109 δ
449 2041 510 2126 μὲν
538 2039 771 2119 Ποσειδώνιος
798 2043 927 2107 τελείαν
954 2043 1002 2117 είς
1032 2042 1137 2106 ταῦτα

123 2153 298 2233 πεποίηται
321 2144 382 2231 τήν
401 2150 469 2214 τῶν
488 2146 740 2233 τετραπλεύρων
759 2144 1011 2233 εὐθυγράμμων
1029 2142 1137 2232 τομήν

125 2253 204 2319 ἑπτὰ
227 2252 282 2319 καὶ
305 2250 435 2319 τούτων
457 2250 497 2319 τὰ
522 2257 594 2339 εἴδη
616 2254 769 2339 θέμενος,
793 2250 903 2340 ῶσπερ
928 2251 970 2338 δή
993 2251 1050 2319 καὶ
1068 2254 1137 2319 τῶν

71 2373 105 2423 20
123 2357 306 2444 τριγῶνων.
344 2354 362 2425 ό
387 2357 424 2425 δὲ
447 2357 631 2445 Εὐκλείδης
655 2365 703 2438 είς
725 2359 786 2444 μέν
807 2357 1137 2447 παραλληλόγραμμα

123 2465 179 2531 καί
203 2462 247 2550 μή
270 2464 601 2553 παραλληλόγραμμα
626 2470 769 2552 διαιρεῖν
797 2461 860 2531 οὐκ
883 2461 1032 2550 ήδύνατο
1056 2465 1137 2550 μήτε

125 2571 200 2657 περὶ
227 2580 294 2638 τῶν
326 2570 549 2658 παραλλήλων
582 2570 685 2640 είπῶν
718 2570 798 2658 μήτε
829 2569 905 2656 περὶ
938 2568 1044 2638 αὐτοῦ
1073 2572 1136 2637 τού

124 2677 475 2766 παραλληλογράμμου
507 2676 644 2758 διδάξας
681 2676 776 2764 ήμᾶς.
829 2673 870 2742 τδι
907 2674 945 2742 δὲ
980 2675 1137 2763 τραπέζια

126 2784 236 2852 πάντα
259 2785 315 2851 καί
338 2783 377 2851 τὰ
402 2787 615 2870 τραπεζοειδῆ
637 2787 740 2875 κοινῷ
759 2787 979 2869 προσείρηκεν
998 2777 1140 2867 ὀνόματι

69 2904 104 2954 25
124 2892 279 2979 τραπέζια
302 2888 520 2978 περιγράφων
539 2887 624 2956 αὐτὰ
641 2892 709 2956 τῶν
727 2886 894 2975 τεττάρων
913 2889 1063 2971 ἐκείνων,
1088 2879 1138 2965 οἷς

125 2996 327 3084 ἐπαληθεύει
353 2995 392 3065 τὸ
420 2999 487 3063 τῶν
511 2994 867 3082 παραλληλογράμμων
892 2997 991 3061 ίδιου.
1036 2995 1136 3060 τοῦτο

126 3100 157 3169 δ’
175 3104 244 3171 ἐστὶ
262 3103 298 3170 τό
319 3101 378 3182 τὰς
397 3099 600 3170 ἀπεναντίον
622 3101 766 3189 πλευράς
787 3126 823 3167 τε
845 3099 901 3166 καὶ
919 3103 1045 3185 γωνίας
1064 3105 1138 3176 ίσας

126 3211 229 3293 ἔχειν·
265 3209 321 3276 καὶ
344 3207 408 3297 γάρ
430 3207 468 3276 τὸ
492 3205 704 3292 τετράγωνον
727 3207 782 3273 καὶ
805 3204 842 3275 τὸ
867 3204 1060 3292 ἑτερόμηκες
1083 3202 1138 3271 καὶ

127 3309 146 3380 ό
170 3312 295 3400 ῥόμβος
319 3320 383 3401 ἔχει
406 3313 465 3394 τὰς
488 3312 689 3381 άπεναντίον
713 3311 857 3400 πλευράς
877 3337 912 3379 τε
934 3310 990 3378 καὶ
1013 3315 1139 3396 γωνίας

197 3551 221 3599 9.
242 3541 292 3614 δέ]
312 3560 465 3612 suprascr.
539 3549 581 3598 22.
601 3542 665 3612 περὶ
683 3542 757 3613 τῶν]
777 3542 922 3608 περιττῶν.
994 3539 1064 3613 τοῦ]
1084 3557 1139 3596 om.
