2362 3796
332 171 514 223 Αεειιιιυιιε
533 169 769 222 SOHOLIORUM
786 170 822 220 11.
940 141 943 145 ⁶
1021 161 1085 228 697

76 309 131 381 ὁτὲ
154 310 216 398 μὲν
240 309 321 398 μετά
345 314 404 397 τῆς
425 308 523 395 ύλης,
552 306 607 377 ὁτὲ
630 307 667 376 δὲ
690 309 773 376 ἀνευ
795 310 855 392 τής
876 305 975 393 ύλης,
997 329 1089 373 τουτ-

76 419 146 486 έστι
169 420 299 486 ἐπίνοια
321 415 412 503 ψιλή.

143 529 173 594 4.
209 528 289 591 Πάν
312 528 479 611 τρίγωνον
503 519 614 602 ὀξεῖαν
638 525 704 606 ἔχει
726 524 855 605 γωνίαν
872 521 929 587 καὶ
948 517 989 587 ού
1007 523 1088 605 μίαν

76 629 213 716 ταύτην,
235 628 320 697 ἀλλά
339 627 416 697 δύο·
440 635 504 696 εἴτε
524 625 740 714 ὀρθογώνιον
764 633 829 694 είτε
851 623 1089 713 ἀμβλυγώνιόν

78 739 164 822 ἐστι,
190 735 249 816 τάς
272 733 390 814 λοιπάς
413 733 477 803 δύο
500 738 626 820 γωνίας
649 731 757 814 ὀξείας
780 736 855 818 ἔχει.
899 729 937 799 τὸ
960 731 999 800 δὲ
1021 732 1089 799 ίσό-
1126 752 1144 802 σ

78 851 223 929 πλευρου
248 839 289 909 ού
311 840 371 921 τὰς
394 842 473 925 δύο,
496 837 582 907 ἀλλά
606 837 665 918 τὰς
687 851 776 925 τρεῖς
799 842 865 924 ἔχει
889 835 1011 924 ὀξείας,
1033 837 1090 904 καί

80 947 136 1014 διά
159 950 259 1016 τοῦτο
283 945 471 1034 ὀξυγώνιον
498 949 598 1014 τούτο
627 944 783 1014 ἐκάλεσεν
811 943 937 1030 μόνον,
963 948 1032 1012 τών
1056 940 1087 1011 δ’

79 1052 192 1121 ἀλλων
223 1079 260 1122 το
293 1052 355 1139 μὲν
383 1051 599 1142 ὀρθογώνιον
631 1048 697 1119 ἀπὸ
725 1053 786 1119 τού
814 1053 1091 1130 καλλιστεύοντος

79 1164 207 1244 εἴδους,
234 1157 272 1226 τὸ
300 1157 338 1226 δὲ
366 1156 604 1245 ἀμβλυγώνιον
628 1153 693 1225 ἀπὸ
718 1161 779 1226 τοῦ
802 1160 848 1248 τῳ
872 1157 1008 1244 μεγέθει
1035 1155 1091 1223 καὶ

80 1264 163 1332 αύτδ
186 1263 460 1345 καλλιστεύουτος
480 1263 658 1351 ύπάρχειν·
696 1269 808 1350 μεῖζον
835 1261 900 1352 γὰρ
929 1260 1011 1331 αύτδ
1035 1262 1091 1330 καὶ
1111 1283 1147 1333 10

78 1374 137 1457 τῆς
161 1369 267 1457 ὀρθής
289 1368 390 1439 εἶπεν.

147 1480 177 1546 5.
218 1476 263 1546 Τὸ
287 1477 480 1565 ἑτερόμηκες
508 1482 553 1569 τῳ
577 1481 646 1546 τών
667 1460 833 1564 πλευράν.
853 1474 959 1567 ἀνίσῳ
984 1475 1093 1563 μόνον

79 1580 292 1652 ἀπολείπεται
313 1583 537 1669 τετραγώνου·
576 1582 617 1650 οὐ
641 1581 774 1662 πάντως
797 1579 922 1669 ὁμοίως
945 1586 1010 1669 ἔχει
1033 1581 1093 1661 τάς

67 1690 225 1776 κπλευράς
248 1698 330 1769 ἴσοις.
368 1685 438 1756 εἶτά
463 1689 533 1754 ἐστι
556 1687 697 1775 ῥόμβος·
721 1686 786 1755 ἀπὸ
809 1687 873 1774 γάρ
897 1692 959 1756 τοῦ
982 1714 1094 1775 τετρα-

80 1795 195 1882 γώνου
213 1795 412 1874 πιεσθέντος
429 1791 513 1861 κατά
530 1796 590 1873 τδις
609 1791 811 1861 ἀπεναντίον
824 1799 949 1878 γωνίας
966 1799 1092 1881 γίνεται
1112 1810 1147 1860 15

80 1898 99 1969 ὁ
124 1902 250 1988 ῥόμβος
271 1899 484 1988 τετράγωνον
511 1900 548 1967 ἐν
572 1903 771 1985 διαστροφή.
815 1900 972 1988 τέταρτον
995 1899 1031 1969 δὲ
1054 1904 1092 1969 τὸ

81 2007 278 2095 ῥομβοειδὲς
304 2004 349 2085 ώς
376 2003 443 2074 ἀπὸ
470 2009 533 2074 τοῦ
560 2005 783 2093 ἑτερομήκους
807 2002 1094 2093 καθ’·δμοιότητα

82 2112 213 2199 ῥόμβου
235 2111 377 2200 γεγονὸς
397 2112 454 2180 καὶ
472 2108 554 2180 αύτδ
575 2114 761 2200 ἀναστροφῇ
779 2114 842 2179 τοῦ
861 2111 1094 2200 ἑτερομήκους·

83 2218 239 2305 ἑκάτερον
261 2217 327 2307 γὰρ
351 2218 509 2304 ἑκατέρου
532 2214 722 2286 ἀντικείται.

150 2328 180 2393 6.
209 2322 342 2410 Ἐπειδὴ
364 2335 453 2410 ’τρεῖς
475 2327 540 2392 είσι
558 2326 619 2391 τοῦ
637 2323 803 2411 τριγώνου
819 2323 904 2393 κατά
921 2324 980 2406 τάς
997 2332 1093 2394 πλευ·
1113 2342 1149 2390 20

83 2427 144 2518 ράς
167 2434 343 2519 διαφοραί,
372 2428 588 2517 ἰσοπλεύρου,
616 2433 810 2512 ίσοσκελούς
833 2432 889 2500 καὶ
912 2436 1094 2519 σκαληνού,
1169 2463 1179 2474 ·

83 2532 212 2623 ἀνάγκη
235 2537 290 2604 καὶ
312 2534 375 2624 τήν
398 2536 560 2605 σύστασιν
582 2540 651 2606 τών
674 2541 802 2606 λοιπών
825 2537 888 2607 δύο
912 2536 1093 2619 ἀποδείξαι.

83 2647 277 2711 συνίσταται
295 2634 360 2712 ούν
377 2640 416 2711 τδ
436 2642 604 2721 ἰσοσκελὲς
616 2647 783 2730 τρίγωνον
798 2644 851 2712 ἐπὶ
864 2648 922 2730 τῆς
936 2649 1095 2731 δοθείσης

84 2745 219 2828 εὐθείας
251 2745 369 2827 οὕτως·
406 2751 488 2816 ἔστω
516 2745 538 2833 ή
567 2750 709 2816 δοθεῖσα
736 2747 854 2818 εύθεϊιι
881 2747 901 2837 ή
929 2759 1010 2836 ΑΒ,
1038 2750 1094 2817 καὶ

83 2855 208 2946 κέντρῳ
226 2865 273 2947 τῳ
291 2864 334 2939 Α,
357 2853 555 2940 διαστήματι
571 2852 610 2922 δὲ
626 2865 672 2946 τῷ
687 2863 752 2922 AB
771 2858 894 2936 κύκλος
911 2855 1094 2943 γεγράφθω
1114 2870 1151 2920 25

85 2957 249 3047 όΑΔΕ,
280 2961 336 3028 καὶ
363 2960 488 3049 κέντρῳ
516 2961 562 3050 τῷ
590 2965 634 3044 Β,
667 2959 864 3046 διαστήματι
898 2960 935 3028 δὲ
961 2971 1007 3051 τῷ
1030 2968 1096 3028 ΒΑ

1159 2210 1177 2244 c.

83 3066 207 3147 κύκλος
240 3065 424 3155 γεγράφθω
458 3061 476 3132 δ
509 3071 577 3133 ΒΔ
583 3072 625 3151 Ζ,
661 3066 717 3134 καὶ
753 3055 1021 3153 καταγεγράφθω
1057 3068 1094 3135 τὸ

84 3176 203 3260 σχῆμα.
254 3181 309 3260 ίση
343 3170 385 3259 δή
417 3174 512 3241 ἐστιν.
540 3168 561 3258 ἡ
589 3179 659 3239 ΑΕ
688 3175 729 3260 τῇ
760 3180 834 3240 ΒΖ·
872 3169 946 3239 ἀλλ’
980 3171 1001 3259 ή
1031 3180 1098 3241 ΑΕ

83 3347 298 3358 ...ιι-*-

161 3446 186 3494 4.
206 3443 220 3495 t
238 3439 305 3494 ibid.
326 3438 404 3508 (adl
423 3437 478 3494 def.
493 3440 547 3503 21).
636 3443 663 3494 b.
678 3439 696 3493 k
710 3437 785 3493 ἰ’ώδ.
802 3437 892 3506 &zm
904 3437 1046 3496 αεὶέωὴ.

85 3519 109 3567 ο.
130 3511 199 3566 Μελ
217 3510 259 3566 ΠΙ
274 3515 325 3565 B4
344 3514 411 3567 ante
430 3509 524 3570 Elem.
540 3509 648 3569 mon}
667 3509 720 3583 ka&
730 3508 765 3581 Χ,
777 3512 824 3579 ἢ.
