2362 3796
70 127 163 184 XXVI
358 132 629 186 PROLEGOMENA
648 133 800 188 CRITIOA.

73 270 212 339 scrIptura
231 270 357 339 antiqua,
377 288 448 340 quae
468 276 629 342 euanuerat,
649 289 765 328 umanu
780 288 852 328 saec.
867 273 931 328 XVI
950 277 1086 332 renouata

74 353 103 405 et
121 350 270 404 obscurata
289 352 340 418 est,
360 351 409 406 sed
428 351 526 407 eudem
544 369 652 421 manue,
671 354 868 423 praeterquam
886 354 961 421 quod
979 355 1084 410 multus

73 428 188 484 lacunas
202 429 324 484 minores
338 447 509 501 pergameno
523 435 606 501 rupto
622 432 801 501 laceratoque
814 436 889 488 ortas
899 435 1087 492 resarcinauit

73 510 174 578 pannis
188 509 352 579 pergameni
365 513 485 566 recentis
496 511 690 580 adglutinatis,
705 513 780 567 totas
794 514 888 583 partes
903 512 1009 568 codicis
1025 513 1086 571 sine

73 588 159 643 dubio
177 591 303 658 tempore
322 592 352 644 et
370 589 425 645 situ
443 589 487 645 ite
505 606 609 656 exesas,
629 590 661 642 ut
679 589 737 658 legi
755 607 812 645 non
830 594 953 660 possent,
973 593 1003 646 in
1020 611 1086 662 per-

73 685 192 737 gameno
221 669 286 724 albo
313 669 458 738 nigrisque
485 666 597 736 punctis
621 667 668 722 hie
689 669 750 725 illic
774 671 908 726 distincto
932 672 1085 742 suppleuit.

72 745 193 802 maiores
211 748 279 802 illae
292 750 411 803 lacunas
426 747 581 816 scripturae
596 745 729 815 antiquae
744 749 960 820 absumpserunt
975 753 1034 820 VII,
1051 759 1087 810 12

72 846 100 897 p.
120 833 182 895 216,
200 834 235 882 20
256 824 332 883 ἐστιν
352 829 456 893 -IX,
477 832 509 881 16
528 845 556 897 p.
576 831 641 891 318,
661 834 677 883 6
697 830 804 898 δεῖξαι,
832 848 903 898 quae
927 847 1011 885 manu
1033 832 1088 888 illa

72 908 188 977 recenti,
207 925 291 977 quam
311 927 333 976 φ
352 905 516 976 significaui,
538 906 568 960 in
586 905 678 960 XXIII
696 908 772 963 foliis
792 909 922 980 supplete
942 915 1008 966 sunt
1027 916 1085 982 (ex-

74 988 201 1043 ciderunt
220 987 416 1054 quaterniones
435 990 459 1040 6
477 988 506 1040 et
525 989 554 1055 r),
574 989 604 1041 et
621 987 705 1041 finem
723 989 788 1043 inde
807 989 897 1057 aXIl,
915 997 931 1044 3
950 1010 977 1060 p.
994 998 1053 1061 164,
1070 1000 1086 1048 7

72 1088 160 1137 πυρα·
185 1066 229 1134 (in
249 1068 346 1122 ΗΜΘ
363 1065 402 1119 IV
425 1085 452 1136 p.
469 1073 531 1133 144,
559 1074 573 1122 1
599 1066 703 1123 desinit
726 1069 873 1135 quaternio
898 1073 935 1136 ιζ,
960 1089 993 1126 ex
1018 1089 1089 1140 qua·

73 1147 201 1202 ternione
216 1165 244 1214 ιη
259 1164 345 1200 unum
359 1147 471 1201 tantum
485 1145 586 1201 folium
601 1149 711 1217 exstat).
739 1146 835 1216 itaque
848 1151 961 1218 praeter
974 1153 1087 1219 partem

74 1227 227 1280 extremam
250 1225 452 1281 elementorum
480 1226 565 1281 etiam
595 1228 691 1297 opticu
719 1229 748 1281 et
773 1229 967 1297 phaenomena
988 1232 1086 1286 manui

73 1306 180 1360 recenti
203 1305 354 1373 debentur,
380 1321 432 1359 nec
451 1303 565 1374 scimus,
594 1305 662 1374 quid
683 1308 795 1375 praeter
813 1308 943 1363 elemeut.
962 1309 1088 1366 I-XIII

74 1387 133 1441 cod.
148 1386 170 1439 F
190 1385 226 1440 ab
242 1384 325 1439 initio
344 1384 522 1440 continuerit.
549 1401 616 1439 nam
635 1402 698 1440 aum
717 1405 739 1454 φ
758 1385 789 1440 in
807 1386 946 1456 scriptura
963 1390 1087 1446 euanide

73 1465 235 1520 renouanda
255 1467 282 1519 et
299 1463 330 1518 in
343 1464 450 1520 lacunis
464 1464 618 1520 minoribus
633 1465 777 1534 explendis
791 1468 987 1537 plerumque*)
1005 1469 1086 1526 nullo

75 1544 171 1599 codice
190 1544 246 1600 alic
265 1561 317 1598 usa
335 1560 395 1598 esse
414 1543 545 1600 uideatur
563 1575 598 1584 -
617 1544 786 1600 documento
805 1547 861 1601 sint
879 1546 919 1600 HI
936 1567 964 1618 p.
979 1553 1040 1617 288,
1061 1556 1086 1619 7,

74 1623 124 1679 ubi
138 1621 209 1678 εἰσιν
224 1620 254 1677 d·
270 1623 300 1676 in
314 1620 371 1690 ἄρα
385 1620 402 1692 ἡ
417 1629 455 1690 {a
473 1623 629 1693 renouauit,
648 1641 674 1692 p.
691 1629 752 1692 290,
766 1632 791 1695 2,
810 1626 860 1681 nbi
874 1629 932 1681 ΕΚ
950 1644 965 1681 e
980 1629 1087 1698 pagins

75 1703 205 1774 opposita
222 1703 326 1759 litteris
345 1710 404 1774 W)
423 1705 559 1775 expressis
579 1704 814 1761 commaculatum
833 1710 889 1774 est,
909 1707 982 1761 unde
1002 1729 1023 1776 φ
1042 1725 1087 1763 re-

74 1785 206 1839 nouando
230 1783 323 1840 effecit
341 1792 411 1856 W,
431 1803 458 1855 p.
479 1790 545 1853 324,
565 1789 595 1854 6,
618 1784 667 1839 ubi
690 1789 874 1856 συγκείμενον
898 1783 929 1842 ἐκ
953 1789 1009 1842 τῶν
1028 1784 1086 1843 ἀπὸ

74 1870 130 1918 τῶν
140 1869 205 1933 ΑΗ,
220 1882 338 1933 quorum
351 1867 501 1921 uerborum
515 1865 592 1918 certa
606 1866 719 1919 exstant
733 1866 862 1936 uestigia,
877 1867 908 1920 in
919 1863 976 1922 ἀπὸ
987 1869 1037 1936 τῆς
1048 1874 1085 1938 dp

74 1945 223 1999 renouauit
241 1965 276 2014 φ,
296 1961 467 2013 quamquam
485 1944 524 2000 sic
543 1942 691 1998 dimidium
709 1946 765 2000 loci
784 1947 896 2000 euenidi
915 1950 1012 2014 uacat3
1036 1948 1085 2003 afr.

76 2024 162 2077 etiam
176 2023 216 2077 IV
228 2041 256 2091 p.
268 2030 356 2090 1169
371 2055 413 2092 —,
429 2026 526 2079 contra
543 2023 572 2077 in
588 2021 696 2077 duobus
710 2022 767 2076 illis
782 2025 983 2094 supplementis
999 2028 1086 2083 maio·

75 2103 151 2157 ribus
162 2102 577 2171 codicemLaurent.XXVlII,6
588 2101 833 2157 saecXIII-XIV
842 2106 1001 2174 descripsit3
1012 2109 1087 2162 uude

77 2180 262 2248 concluditur,
277 2182 337 2235 cod.
348 2181 369 2235 F
379 2184 440 2236 tum
451 2183 563 2237 demum
574 2198 633 2237 esse
643 2182 851 2249 resarcinatum,
866 2201 929 2238 cum
943 2185 973 2239 in
987 2203 1087 2241 manue

77 2260 267 2316 Mediceorum
285 2260 467 2329 peruenisset.
497 2264 549 2317 hcc
568 2261 603 2315 ad
623 2260 871 2315 demonstrandum
886 2282 908 2328 φ
927 2281 988 2317 cum
1004 2265 1087 2321 Laur.

76 2339 201 2407 XXVIII,
218 2347 233 2395 6
252 2355 356 2409 magna
373 2358 407 2395 ex
420 2345 500 2411 purte
516 2344 545 2396 et
558 2342 587 2394 in
601 2338 680 2394 libris
695 2338 879 2394 arithmeticis
895 2339 966 2393 etin
981 2343 1088 2400 stereo-

78 2417 216 2486 metricis‚
240 2417 353 2488 opticis,
372 2419 575 2489 phaenomenis
594 2416 701 2472 centuli
719 2418 796 2472 etin
814 2415 958 2485 scripturis
976 2421 1087 2477 tantam

79 2498 176 2553 inueni
194 2498 384 2565 concordiam,
408 2500 515 2566 quante
538 2496 628 2551 maior
651 2495 770 2565 cogitari
793 2512 849 2550 non
868 2496 962 2563 pessit.
1001 2514 1089 2558 unum

78 2577 211 2632 adferam.
230 2578 269 2632 IV
287 2596 314 2647 p.
335 2582 400 2645 164,
421 2583 450 2632 11
477 2574 702 2644 incunctancter
722 2574 825 2630 ultima
843 2573 940 2628 littera
957 2574 987 2628 in
1004 2575 1086 2636 Laut.

77 2657 205 2727 XXVIII,
224 2665 239 2713 6
262 2657 304 2712 ita
324 2658 429 2726 scripta
448 2661 490 2712 est
508 2659 572 2723 (ur),
596 2656 628 2707 ut
650 2653 754 2708 lineola
773 2653 865 2707 finalis
883 2653 979 2722 paullo
998 2657 1088 2730 maior

78 2737 128 2806 sit3
155 2740 184 2792 et
206 2737 277 2807 inp
301 2736 420 2804 legimus
439 2733 618 2804 τυχάνονται
641 2734 701 2803 (sed
720 2755 730 2787 ι
749 2736 878 2801 erasum).
918 2734 975 2789 iem
999 2739 1088 2794 codex

76 2817 125 2872 ille
148 2819 230 2872 Laur.
250 2815 381 2881 XXVIII,
405 2820 420 2868 6
448 2813 615 2883 (membran.
635 2812 726 2866 forma
744 2814 824 2881 Ita),
852 2829 934 2879 quem
957 2815 1053 2871 littera
1076 2820 1091 2872 f

78 2896 243 2966 algnificeui,
263 2911 278 2948 e
294 2894 353 2948 cod.
369 2891 490 2947 Uindcb.
506 2892 531 2945 V
549 2891 705 2961 descriptus
721 2893 771 2946 est.
800 2909 866 2946 nam
878 2893 999 2960 primum
1013 2896 1088 2952 inter

77 2976 164 3030 libros
183 2971 346 3028 VII-VIII
365 2971 437 3024 sicut
456 2990 477 3037 φ
502 2970 639 3024 scholium
662 2971 734 3025 illud
755 2973 784 3026 in
802 2976 882 3027 textu
900 2973 987 3029 habet
1004 2994 1041 3029 m.
1063 2985 1087 3044 1,

78 3055 153 3122 quod
171 3054 198 3105 II
216 3071 242 3122 p.
258 3055 319 3116 432,
334 3054 367 3102 21
379 3067 420 3117 sq.
439 3048 588 3118 edidimus,
608 3052 636 3105 et
655 3051 729 3119 quod
748 3051 777 3106 in
796 3050 821 3104 V
839 3051 868 3105 in
887 3054 978 3121 spatie
997 3071 1088 3109 uacuo

76 3169 289 3180 *-

149 3235 174 3302 *)
194 3232 336 3287 Interdum
356 3232 430 3287 enim
454 3234 598 3300 librarius,
626 3235 675 3290 ubi
699 3254 747 3300 suo
772 3237 886 3307 ingenio
904 3255 1004 3308 parum
1023 3255 1088 3293 cen-

77 3306 190 3371 fidebet,
210 3305 255 3358 hic
270 3319 381 3372 quoque
395 3304 475 3360 Luur.
491 3306 616 3373 XXVIII,
633 3313 649 3362 6
664 3325 730 3362 usus
745 3312 796 3376 est,
815 3309 895 3363 uelut
908 3309 947 3363 IV
961 3327 987 3378 p.
1003 3315 1047 3378 80,
1062 3316 1088 3379 7,

78 3376 127 3428 ubi
145 3393 195 3443 pre
215 3376 259 3444 ἴση
286 3374 336 3442 (sic
356 3391 371 3430 e
390 3375 516 3447 uestigiis
536 3377 619 3432 certis
638 3378 667 3432 in
685 3378 707 3432 F
724 3378 810 3436 fuisse
829 3381 956 3449 adparet)
981 3397 1044 3434 cum
1063 3382 1089 3436 V

78 3448 107 3497 et
126 3446 208 3500 Laur.
227 3443 351 3514 XXVIII,
371 3455 386 3503 6
406 3445 486 3520 βάσις
503 3447 605 3517 posuit.
