2362 3796
92 153 160 219 498
248 154 405 209 scnom
423 156 462 207 m
480 152 753 207 ατωαυαυοιιυα
772 150 911 205 mmm
924 152 959 202 x,

97 294 171 381 ήτοι
189 293 230 363 τὰ
249 299 269 366 ξ
287 301 325 364 ιῖὲ
342 286 381 376 λξ
398 301 422 382 μ
439 300 477 363 τῖε
499 293 588 381 παρὰ
607 292 668 380 τήν
681 299 756 360 ΚΝ
770 289 999 377 παραβληδελς
1018 314 1118 358 τουτ·

97 399 252 488 ἐστιτήν
277 408 347 469 ΖΗ
366 405 488 481 πλάτος
511 402 644 486 ἐποίησε
667 397 730 486 τήν
753 395 865 465 ΚΛ”
844 420 920 484 ητοι
943 406 966 464 οἳ
989 423 1036 482 μγ
1059 402 1118 465 νδ

95 509 152 575 καὶ
178 505 327 594 φανερὸν
351 509 482 593 ἐγένετο
510 509 546 575 έκ
572 508 640 573 τῶν
668 502 843 610 ἀριθμῶν,
876 500 928 570 ὅτι
954 508 1017 571 τοῦ
1046 501 1116 573 ὑπὸ

95 617 165 683 τῶν
189 615 251 681 δύο
275 613 388 699 μέσων
409 638 478 700 χωρ
480 617 535 680 ου
558 610 632 699 ήτοι
655 615 722 679 τῶν
744 601 881 692 {vo
846 636 888 695 νγ
911 636 953 696 κη
976 636 997 677 α
1021 609 1116 699 παρὰ

62 717 157 793 στὸν
186 709 207 786 δ
239 716 388 807 ἀριθμὸν
415 717 716 806 παραβαλλόμενον
747 716 803 784 καλ
829 716 975 796 πλάτους
998 718 1118 804 ἐκβλη-

97 827 218 905 θέντος
244 822 357 893 αὐτῶν
383 851 445 893 του
468 831 489 910 β
517 823 667 911 ἀριθμοῦ
695 821 798 913 ῥητὸν
825 826 954 907 γίνεται
980 821 1020 890 τὸ
1044 829 1121 890 ΘΝ

98 927 286 1018 χωρίον,“
267 957 285 998 ο
313 927 540 1018 περιέχεται’
523 929 589 998 υπὸ
620 929 683 997 δύο
712 931 824 1015 ῥητῶν
847 925 992 996 εὐθειῶν
1016 927 1117 1014 μήκει

98 1037 297 1123 συμμέτρων
319 1040 378 1122 τῆς
399 1062 434 1104 τε
449 1043 528 1103 ΘΜ
545 1034 649 1122 οὔσης
671 1033 831 1122 μονάδων
854 1025 881 1101 δ
897 1033 1011 1102 ταδ’
971 1058 1032 1120 της
1046 1040 1118 1102 ΘΚ

100 1140 203 1227 οὔσης
221 1140 382 1226 μονάδων
400 1134 431 1228 ῥ’
468 1146 499 1210 ελ
518 1142 556 1210 δὲ
572 1139 594 1229 ή
611 1149 682 1210 ΖΗ
701 1139 764 1228 οὐχ
786 1138 933 1226 ὑπετέθη
951 1139 1115 1226 μονάδων

48 1271 82 1320 10
101 1246 284 1332 τεσσάρων,
298 1250 449 1317 τουτέστι
462 1248 559 1336 μήκει
572 1247 667 1336 ῥητή,
681 1245 765 1316 άλλά
780 1272 829 1326 τις
842 1244 969 1334 πλευρά
984 1243 1113 1331 άλόγου

100 1352 266 1440 ἀριθμοῦ,
298 1355 449 1422 τουτέστι
482 1354 625 1441 δυνάμει
652 1353 759 1441 μόνον
791 1351 890 1440 ῥητή,
922 1345 977 1439 ἦν
997 1347 1044 1419 άν
1074 1348 1115 1420 τδ

99 1464 225 1545 χωρίον
247 1457 285 1527 τὸ
306 1466 379 1527 ΘΝ
398 1460 501 1544 μέσον
525 1460 581 1528 διὰ
606 1459 643 1528 τδ
668 1457 756 1528 εἶναι
778 1459 834 1526 καὶ
856 1457 919 1545 τήν
936 1464 1017 1527 ΘΜ
1035 1465 1116 1543 ἴσην

100 1569 139 1652 τή
156 1570 227 1631 ΖΗ
245 1564 301 1631 καὶ
319 1562 380 1650 τήν
395 1570 464 1632 ΘΚ
485 1565 518 1645 ἐξ
537 1560 685 1651 άνάγκης
708 1563 753 1651 μή
773 1562 989 1649 εὑρίσκεσθαι
1007 1561 1118 1650 ῥητήν

101 1669 212 1757 μήκει,
236 1668 321 1737 άλλὰ
344 1670 399 1737 καὶ
423 1670 574 1757 δυνάμει.
618 1669 657 1739 τὸ
679 1670 718 1738 δέ
739 1667 805 1738 ὑπὸ
832 1669 894 1737 δύο
919 1671 1030 1757 ῥητῶν
1056 1672 1119 1737 δυ-

52 1801 85 1850 15
103 1776 202 1862 νάμει
234 1775 341 1863 μόνον
374 1778 571 1864 συμμέτρων
602 1775 839 1865 περιεχόμενον
875 1775 978 1862 μέσον
1011 1777 1116 1843 ἐστίν.

102 1884 206 1970 μέσον
233 1881 300 1971 άρα
326 1877 369 1950 άν
397 1879 520 1969 εὑρέθη
553 1879 591 1950 τὸ
620 1888 692 1948 ΖΝ
719 1886 860 1968 χωρίον,
892 1883 923 1946 ελ
952 1876 999 1965 μή
1032 1877 1119 1966 ῥητὴ

102 1986 248 2076 ὑπετέθη
272 1987 292 2075 ή
317 1994 401 2073 ΘΜ,
426 1989 596 2056 τουτέστιν
620 1984 641 2074 ή
665 1994 743 2055 ΖΗ.

174 2099 245 2163 182.
282 2097 330 2161 Αλ
350 2097 447 2180 μέσαι
471 2098 502 2161 εἰ
523 2093 585 2180 μὲν
607 2093 704 2180 μήκει
730 2093 786 2160 καὶ
814 2092 922 2179 μόνον
944 2091 1009 2159 εἰσὶ
1034 2091 1119 2178 σάμ-

103 2225 228 2287 μετροι,
252 2200 355 2286 μέσον
373 2200 412 2268 τὸ
431 2199 681 2287 περιεχόμενον,
705 2197 786 2286 ὅπερ
806 2202 844 2268 έν
859 2202 904 2288 τῷ
923 2196 988 2282 πρὸ
1007 2195 1116 2266 αὐτοί

50 2329 85 2378 20
105 2308 207 2385 ἔδειξε
238 2305 439 2393 θεωρήματι.
490 2309 521 2373 εἰ
548 2305 584 2373 δέ
612 2305 756 2392 δυνάμει
783 2303 891 2391 μόνον
921 2302 1119 2391 σύμμετροι,

104 2409 246 2477 δύναται
264 2409 302 2477 τὸ
322 2413 354 2491 ἐξ
374 2409 485 2479 αὐτῶν
504 2410 741 2499 περιεχόμενον
760 2411 834 2498 ήτοι
853 2410 956 2498 ῥητδν
974 2405 995 2496 ή
1011 2410 1120 2496 μέσον

104 2513 200 2583 εἶναι.
242 2514 260 2583 6
285 2516 322 2584 δέ
345 2515 520 2603 διορισμὸς
542 2507 654 2596 οὗτος·
677 2521 709 2584 εί
730 2517 791 2604 μὲν
814 2515 879 2605 γάρ
901 2513 922 2603 ή
942 2522 1011 2584 ΘΚ
1032 2515 1121 2602 ῥητή

103 2619 237 2701 πάντως
259 2614 345 2690 οὖσα
371 2624 427 2690 καὶ
453 2621 515 2709 τήν
543 2621 691 2709 δύναμιν
718 2622 903 2710 σύμμετρος
929 2614 951 2710 ή
979 2624 1019 2710 τῇ
1042 2628 1124 2689 ΘΜ

104 2725 179 2813 ήτοι
198 2731 237 2817 τή
252 2735 330 2814 ΖΗ,
350 2726 452 2816 ῥητὸν
469 2727 508 2798 τὸ
527 2728 776 2818 περιεχόμενον,
794 2732 826 2797 εἰ
843 2727 881 2795 δέ
899 2724 1120 2814 ἀσύμμετρος,

51 2856 87 2906 25
106 2834 218 2920 μέσον.
255 2834 376 2922 τὸγὰρ
397 2833 463 2904 ὑπὸ
487 2837 598 2924 ῥητῶν
623 2835 764 2921 δυνάμει
786 2833 896 2921 μόνον
919 2834 1121 2920 συμμέτρων

108 2938 253 3008 εὐθειῶν
275 2943 512 3028 περιεχόμενον
536 2938 751 3031 ὀρθογώνιον
773 2941 879 3027 μέσον
898 2942 999 3025 ἐστίν,
1021 2939 1059 3007 τὸ
1081 2939 1122 3008 δὲ

109 3044 174 3114 άπὸ
199 3053 267 3114 ΘΚ
287 3051 479 3135 δείκνυσιρ
461 3048 564 3135 ρητδν
588 3050 624 3116 έκ
646 3051 707 3116 τοῦ
728 3046 839 3115 καὶ
806 3072 844 3114 το
868 3043 934 3114 ὑπὸ
958 3052 1030 3130 ΘΖ,
1049 3051 1123 3113 ΚΛ

107 3151 212 3269 ῥητὸν
240 3151 342 3240 εἶναι,
376 3154 431 3221 καὶ
459 3153 571 3241 ἐπειδή
600 3153 721 3241 ῥητόν,
754 3157 852 3239 φησί,
884 3151 923 3219 τὸ
950 3148 1015 3219 άπὸ
1041 3159 1123 3239 ΘΚ,
