2362 3796
277 126 435 178 SGHOLIA
454 128 493 178 IN
510 127 786 180 ELEMENTORUM
803 129 942 181 LIBRUM
955 131 977 182 I.
1088 126 1130 191 83

113 264 178 352 τὴν
203 270 376 355 διαίρεσιν.
423 264 441 334 ὁ
477 265 514 334 δὲ
546 268 734 354 γεωμέτρης
764 269 823 346 τάς
855 267 1131 355 ἆρχοειδεστάτας

114 375 323 457 παραδιδοὺς
346 375 497 440 ἐνταῦθα
520 371 581 459 μέν
604 377 665 440 τὸυ
688 382 748 458 τῆς
765 370 901 453 εῦθείας
918 376 1129 445 ἀποδέδωκεν

115 477 235 564 λόγον,
267 480 305 545 έν
337 477 374 546 δὲ
403 482 449 569 τῷ
477 479 553 563 περὶ
584 481 647 546 τοῦ
678 477 806 546 κύκλου
833 483 892 564 τῆς
918 485 1129 568 περιφεροῦς,

59 585 60 588 ’
115 594 231 671 μικτῆς
244 584 282 652 δὲ
296 582 450 670 οὐδαμοῦ
464 585 641 670 μέμνηται·
654 589 764 652 καίτοι
777 588 903 671 γωνίας
913 582 1006 653 οίδεν
1016 591 1131 672 μικτὰς

115 682 260 776 τὴντῶν
279 687 495 777 ἡμικυκλίων,
514 688 577 777 τὴν
594 693 802 777 κερατοειδη,
820 689 877 758 καὶ
896 690 1046 778 σχήματα
1066 694 1130 759 ἐπί·
1171 737 1177 757 .

115 799 201 862 πεδα
224 798 322 882 μικτὰ
345 798 425 875 τοὺς
444 797 564 883 τομέας
585 797 642 865 καὶ
665 799 783 881 στερεὰ
810 822 891 877 τους
918 797 1050 877 κώνους
1076 799 1132 866 καί

114 904 329 988 κυλίνδρους,
365 904 434 969 τῶν
465 901 503 969 δὲ
533 907 697 990 γραμμῶν
732 902 970 990 διαλεγόμενος
1001 902 1132 972 τούτων

115 1008 222 1093 μόνον
254 1005 502 1094 ἐμνημόνευσεν
534 1007 722 1096 ἡγούμενος
754 1013 827 1078 δεῖν
859 1023 930 1089 τοῖς
958 1010 1035 1098 περὶ
1063 1013 1132 1077 τῶν

115 1110 231 1182 ἁπλῶν
252 1115 292 1181 τά
316 1109 405 1181 άπλά
429 1113 712 1201 παραλαμβάνειν.

177 1216 370 1307 Ἐπιφάνεια
390 1220 430 1287 δέ
447 1220 550 1306 ἐστιν,
569 1217 706 1307 δμῆκος
719 1221 775 1288 καὶ
789 1220 913 1302 πλάτος
927 1221 1035 1309 μόνον
1055 1226 1130 1308 ἔχει.
1150 1245 1178 1292 1ι

177 1325 396 1413 ἡέπιφάυεια
417 1329 492 1414 διχῆ
513 1329 676 1394 διαστᾶσα
693 1325 750 1394 καὶ
769 1327 871 1417 ταάτη
891 1326 1049 1415 ῦποβῦσα
1066 1326 1129 1413 τήν

109 1457 144 1500 τε
166 1435 324 1520 γραμμὴν
346 1432 404 1499 καὶ
427 1435 464 1500 τὸ
485 1446 623 1519 σημείου
642 1430 777 1519 ἀβαθὴς
796 1440 936 1520 μείνασα
952 1439 1013 1503 τοῦ
1034 1438 1128 1521 τριχῆ

112 1537 312 1615 διαστάντος
349 1535 581 1624 ἁπλουστέραν
617 1542 735 1624 ἔλαχεν
767 1537 886 1623 φύσιν·
934 1542 988 1607 διο
1021 1539 1078 1606 καὶ
1110 1537 1127 1607 ὁ

112 1642 301 1726 γεωμέτρης
323 1638 361 1707 τὸ
387 1639 494 1724 μόνον
516 1643 727 1726 προσέθηκεν
752 1642 804 1707 έπὶ
825 1654 897 1719 τοῖς
917 1642 979 1710 δύο
999 1644 1133 1727 διαστήυ

95 1815 97 1819 ,
114 1764 229 1831 μασιν,
247 1747 304 1811 ’ίνα
323 1743 501 1810 κάνταῦθα
518 1747 581 1830 τὴν
595 1743 656 1831 μὲν
672 1742 840 1833 ὑπεροχὴν
859 1750 917 1832 τῆς
936 1749 1132 1831 ἐπιφανείας
1150 1773 1181 1821 1:

114 1955 170 2024 διὰ
193 1959 253 2043 τῆς
276 1953 476 2040 ἀποφάσεως
493 1951 515 2042 ἢ
533 1959 594 2042 τῆς
613 1955 887 2042 ίσοδυυαμούσης
904 1960 944 2044 τῇ
964 1954 1131 2042 άποφάσει

83 2105 86 2109 ·
113 2061 321 2152 προσθήκης,
343 2059 406 2148 τὴν
427 2060 465 2128 δὲ
482 2061 606 2147 ὕφεσιν
625 2060 688 2149 τὴν
706 2064 789 2151 πρὸς
806 2065 847 2131 τὰ
866 2065 932 2151 πρὸ
951 2061 1055 2150 αὐτῆς
1073 2067 1129 2132 διὰ

111 2173 180 2237 τάν
199 2166 431 2253 καταφάσεων.
457 2166 554 2236 άλλοι
573 2168 611 2236 δὲ
633 2170 735 2257 πέρας
754 2166 861 2255 αὐτὴν
880 2167 1047 2258 ὡρίσαντο
1067 2169 1128 2238 σιδ-

113 2296 229 2360 ματος·
265 2276 303 2341 τὸ
327 2275 391 2362 γάρ
414 2279 584 2358 περατοῦν
609 2280 671 2343 τοῦ
698 2278 950 2364 περατουμένου
977 2281 1038 2368 μιᾷ
1063 2284 1127 2347 λεί·
1147 2305 1176 2352 ει

113 2404 209 2447 πεται
228 2379 413 2466 διαστάσει,
434 2402 479 2460 ως
498 2380 674 2467 έπιφάνεια
695 2382 857 2469 σώματος,
876 2386 1071 2470 ἐπιφανείας
1090 2384 1127 2453 δὲ

113 2484 259 2574 νεαννά,
282 2490 436 2574 νεανικῆς
459 2485 496 2554 δὲ
520 2501 667 2574 σημεῖον·

177 2591 390 2678 Ἐπιφανείας
414 2592 452 2660 δὲ
474 2595 598 2681 πέρατα
620 2602 777 2683 γραμμαί.

178 2698 232 2765 καὶ
256 2696 322 2766 ἀπο
344 2699 474 2768 τούτων
498 2697 545 2779 οδς
568 2700 709 2769 είκόυων
736 2704 894 2788 ληπτέον,
923 2701 975 2770 ὅτι
998 2706 1065 2769 πᾶν
1088 2727 1117 2768 τ(

111 2808 282 2891 προσεχοῦς
309 2804 450 2873 ἑκάστου
478 2809 548 2874 τῦυ
576 2804 686 2875 ὄντων
709 2804 939 2895 ἁπλούστερον
961 2810 1019 2875 τὸν
1044 2804 1126 2894 ὅρον
1145 2832 1179 2882 25

112 2908 225 2996 έπάγει
256 2909 311 2977 καλ
342 2937 381 2979 το
413 2913 524 3000 πέρας.
572 2914 629 2980 καλ
660 2939 726 3001 γαρ
757 2940 778 3000 η
811 2925 901 3001 ψυχη
929 2939 995 2999 την
1020 2911 1126 2998 φύσιν

109 3030 222 3104 μετρεῖ
246 3019 303 3084 καὶ
329 3021 388 3096 τὰς
415 3020 582 3104 ένεργείας
610 3015 712 3106 αὐτῆς
738 3021 795 3087 καὶ
821 3022 905 3097 νοῦς
932 3042 991 3095 τας
1018 3022 1127 3104 ψυχῆς

107 3121 286 3210 περιόδους
303 3124 360 3190 καὶ
377 3125 483 3191 αὑτοῦ
502 3127 563 3191 τοῦ
581 3127 647 3192 νοῦ
665 3127 727 3210 τὴν
748 3123 835 3211 ζωὴν
854 3149 892 3191 το
913 3124 964 3190 έν·
987 3123 1125 3194 πάντων

108 3233 172 3315 γὰρ
202 3232 309 3297 έκεῖνο
333 3230 470 3316 μέτρον,
505 3227 614 3318 ὥσπερ
642 3229 697 3296 καὶ
726 3244 865 3316 σημεῖον
893 3235 1047 3318 γραμμῆς
1068 3233 1124 3301 καὶ

109 3349 322 3357 u--—.-..-—

181 3394 222 3441 12.
242 3384 371 3459 άβαθής]
392 3382 439 3454 -ής
456 3387 487 3440 in
504 3403 558 3443 ras.
577 3405 613 3440 m.
635 3393 659 3442 1.
715 3393 756 3442 16.
776 3388 915 3455 σημαίνει.
977 3396 1018 3445 17.
1037 3409 1125 3444 κατα-

110 3453 237 3526 φάσεως;
258 3457 307 3512 cfr.
327 3457 442 3512 Proclus
461 3475 488 3526 p.
510 3462 569 3525 114,
590 3464 631 3512 12.

938 3547 978 3604 Q*
