2362 3796
118 116 181 180 126
267 117 423 169 SOHOLIA
441 118 479 167 IN
497 116 772 168 ELEMENTORUM
789 116 929 169 LIBRUM
941 118 963 171 1.

116 256 336 344 συμπέρασμα
358 252 522 336 ὑπόθεσις
551 258 588 324 έν
616 260 661 346 τῷ
691 257 835 346 δευτέρῳ
862 261 1005 341 γίνεται,
1038 253 1060 343 ή
1094 255 1132 324 δὲ

116 360 278 442 ὑπόθεσις
296 359 341 443 ῶς
355 364 574 450 συμπέρασμα
593 360 760 448 έπάγεται,
779 365 998 450 συμπέρασμα
1013 362 1052 431 δὲ
1068 362 1131 449 τήν

119 466 254 555 ίσότητα
285 473 353 537 τῶν
385 473 540 554 πλευρῶν
575 472 644 536 τῶν
678 467 930 536 ὑποτεινουσῶν
961 465 1021 548 τὰς
1058 476 1133 547 ίσας

116 576 245 655 ἐκείνας
266 581 399 662 γωνίας.
444 573 585 643 δύναται
610 573 648 643 δὲ
670 574 725 642 καὶ
748 578 794 665 τῶ
819 574 852 641 δ’
874 572 1070 661 θεωρήματι
1092 571 1131 644 τό

80 709 96 758 5
116 679 240 768 όγδοον
259 680 485 769 ἀναστρέψαι.
522 686 576 749 δεῖ
597 681 635 749 δὲ
658 682 796 765 είδέναι,
820 678 872 749 ότι
894 680 1016 748 πολλαὶ
1039 678 1131 749 ἀντι-

116 790 259 876 στροφαί
286 795 440 875 γίνονται
468 791 604 869 ψευδεῖς
630 787 686 855 καὶ
715 785 776 856 οὐκ
804 787 869 854 είσί
893 792 1018 874 κυρίως
1041 785 1131 856 ἀντι-

116 901 273 983 στροφαί·
298 891 372 964 οἷον
396 897 459 975 πῶς
482 894 649 980 ἕξάγωνος
672 892 818 981 ἀριθμὸς
840 891 1005 980 τρίγωνός
1028 895 1132 979 ἐστιν,

116 1000 190 1070 ἀλλ’
208 999 318 1070 οὐκέτι
333 1002 508 1088 ἐπαληθές,
528 998 579 1068 ὅτι
593 1004 656 1080 πῶς
669 1004 834 1088 τρίγωνος
848 996 1016 1085 ἑξάγωνός
1029 1001 1132 1068 έστιν.

115 1105 153 1175 τὸ
172 1106 234 1194 μὲν
253 1105 317 1195 γὰρ
336 1105 449 1175 αὐτῶν
471 1106 680 1193 κοινότερον,
702 1104 740 1174 τὸ
765 1105 803 1173 δὲ
825 1103 1059 1192 μερικῶτερον.
1089 1103 1131 1172 τὰ

64 1239 97 1287 10
116 1212 178 1299 μὲν
201 1211 312 1281 αὐτῶν
335 1217 476 1281 καλοῦσι
498 1213 750 1301 προηγούμενα,
777 1210 817 1280 τὰ
841 1212 878 1280 δὲ
905 1209 1128 1298 ἀντίστροφα·

116 1321 154 1385 αί
171 1318 208 1386 δὲ
226 1323 273 1398 είς
292 1317 463 1387 ἀδύνατον
481 1317 656 1405 ἀπαγωγαὶ
675 1324 722 1398 είς
740 1315 911 1386 ἀδύνατον
929 1324 1125 1386 τελευτῶσιν

117 1425 264 1510 ἐναργές,
282 1425 338 1492 καὶ
353 1415 394 1492 οὗ
409 1423 447 1493 τό
463 1421 694 1512 ἀντικείμενον
710 1421 932 1512 ὡμολόγηται,
951 1425 1130 1510 συμβαίνει

116 1530 155 1599 δὲ
177 1530 259 1599 αὐτὸ
285 1532 338 1598 ἐπὶ
360 1529 401 1599 τά
425 1529 598 1618 μαχόμενα
624 1544 696 1610 ταῖς
722 1545 852 1610 κοιναῖς
880 1533 1028 1608 ἐννοίαις
1054 1524 1131 1613 ήτοι

116 1637 295 1725 αἰτήμασιν
316 1634 337 1724 ή
356 1652 428 1718 ταῖς
445 1634 629 1705 ὑποθέσεσι
646 1641 813 1705 τελευτᾶν.
848 1636 904 1703 καὶ
923 1636 960 1703 έν
978 1637 1024 1727 τῶ
1044 1643 1131 1702 θεω-

65 1768 97 1816 15
117 1742 237 1830 ρήματι
260 1745 369 1835 τούτῳ
395 1741 433 1813 τὸ
462 1748 651 1829 συμβαῖνον
680 1741 852 1811 ἀδύνατον
877 1745 1050 1808 δείκνυσιν
1075 1738 1131 1808 διὰ

116 1847 153 1916 τὸ
176 1849 298 1936 κοινὴν
317 1854 456 1917 ἔννοιαν
474 1847 673 1933 ἀνατρέπειν
692 1846 753 1935 τήν
772 1846 810 1916 τὸ
827 1845 909 1915 όλον
927 1851 989 1915 τοῦ
1008 1849 1132 1934 μέρους

116 1961 228 2042 μεῖζον
247 1957 426 2042 λέγουσαν,
444 1954 482 2022 τὸ
503 1954 540 2022 δὲ
559 1953 685 2040 όγδοον
704 1952 746 2022 οὐ
763 1963 881 2041 κοινῆς
899 1956 1034 2032 ἑννοίας
1052 1951 1130 2022 ἀνα-

115 2061 306 2148 τρεπτικόν,
337 2059 423 2129 ἀλλά
454 2064 515 2128 τοῦ
548 2066 765 2148 δεδειγμένου
798 2058 854 2128 διὰ
886 2063 948 2128 τοῦ
981 2059 1132 2146 ἑβδόμου

116 2166 346 2253 θεωρήματος·
370 2163 389 2234 δ
409 2165 473 2251 γὰρ
492 2164 663 2254 ἀπέφησεν
676 2164 714 2234 τὸ
729 2168 887 2253 ἕβδομον,
905 2169 1005 2234 τοῦτο
1021 2167 1131 2233 έκεῖνο

63 2297 98 2345 20
117 2274 268 2338 δείκνυσι
290 2271 590 2359 καταφασκόμενον
613 2287 683 2352 τοῖς
710 2271 754 2359 μή
780 2274 994 2358 συγχωροῦσι
1016 2269 1056 2339 τὸ
1080 2277 1131 2357 ζη-

116 2374 289 2463 τοόμενον.

488 2469 545 2534 Ad
567 2492 672 2554 prop.
695 2469 769 2534 VII.

183 2591 235 2656 40.
282 2591 357 2656 Τῶν
389 2593 620 2676 γεωμετρικῶν
652 2592 706 2657 καὶ
735 2587 968 2677 ἀριθμητικῶν
998 2596 1130 2673 θεωρη

116 2692 230 2782 μάτων
253 2692 313 2773 τάς
334 2696 511 2781 προτάσεις
533 2695 757 2782 καταφατικάς
776 2693 923 2781 ἐχόντων
941 2721 979 2763 το
1000 2693 1028 2776 ζ’
1043 2692 1131 2761 θεῶ-

63 2825 97 2876 25
117 2827 206 2888 ρημα
228 2798 441 2887 ἀποφατικῶς
463 2806 504 2890 τῇ
526 2800 683 2888 προτάσει
700 2804 865 2888 κέχρηται.
906 2801 990 2888 φησὶ
1013 2799 1053 2868 δὲ
1074 2799 1131 2867 καὶ

117 2904 135 2975 ὁ
156 2905 396 2994 Ἀριστοτέλης,
425 2905 477 2975 ότι
504 2906 541 2976 τὸ
566 2906 720 2975 καθόλου
746 2905 784 2974 τὸ
807 2902 1036 2992 καταφατικὸν
1059 2918 1132 2983 ταῖς

117 3012 310 3100 ἐπιστήμαις
333 3014 401 3080 ἐστὶ
425 3013 567 3101 μάλιστα
590 3017 761 3101 προσηκον
791 3010 835 3092 ῶς
862 3011 1131 3098 αὐταρκέστατον

116 3120 171 3186 καὶ
185 3119 291 3206 μηδὲν
304 3123 363 3205 τῆς
377 3118 578 3205 ἀποφάσεως
592 3118 768 3206 δεόμενον·
786 3117 823 3187 τὸ
838 3116 902 3205 γὰρ
917 3114 1132 3204 ἀποφατικόν

187 3460 228 3507 15,
250 3450 351 3527 τούτῳ]
371 3455 455 3509 τοῦτο
472 3455 503 3510 Ρ.
559 3459 601 3509 27.
621 3450 861 3526 αὐταρκέστατον]
880 3455 911 3523 Ρ,
929 3453 1063 3509 lacunam
1081 3452 1132 3509 Vf.
