2362 3796
213 155 369 208 SOHOLIA
387 157 426 208 IN
443 156 717 208 ELEMENTORUM
734 159 873 208 LIBRUM
886 159 918 208 X.
1008 156 1074 219 415

61 305 150 364 αίτια
168 296 224 364 καί
242 293 404 383 άρχηγικὺ
419 298 475 364 καὶ
489 294 577 364 άπλᾶ
593 296 856 382 ἐπισκέπτεσθαι,
880 295 921 366 οὐ
936 296 976 365 τά
991 296 1069 365 καθ’

59 404 180 471 ἕκαστα
197 402 253 470 καὶ
271 400 400 491 ἄπειρα.
437 404 603 470 ἐκτίθεται
623 400 655 469 δ’
673 394 736 471 οὖν
750 407 818 471 τόν
837 401 969 489 ἀλόγων
984 401 1072 472 διπλᾶ

59 515 133 597 είδη
160 515 196 597 ἦ
223 507 406 598 εὑρεθέντα
432 505 515 576 κατά
542 506 687 595 τρόπους
717 523 819 596 τρεῖς,
839 507 933 597 ’παρ’
960 506 981 576 ά
1011 508 1072 596 οὐχ

59 615 277 704 εὑρεθήσεται
300 614 384 684 άλλα
407 613 503 683 ὑπλά.
551 615 616 682 είσὶ
641 614 679 683 δέ
702 619 738 682 oc
756 615 875 703 τρόποι
899 614 971 684 ὅτε
989 615 1071 683 κατὰ

59 721 255 809 ἀναλογίαν,
279 719 324 790 δι’
342 713 384 792 οὑ
402 727 483 809 μίαν
502 720 660 809 εὑρίσκει,
683 722 738 790 καὶ
758 718 775 790 ὁ
794 721 876 790 κατὰ
894 722 1071 809 σύνθεσιν,
1108 750 1124 799 5

58 826 104 896 δι’
127 821 168 899 οὑ
191 831 236 915 ἔξ,
258 830 315 898 καί
338 826 356 898 ὑ
380 828 462 898 κατὰ
483 833 660 917 διαίρεσιν,
685 825 731 896 δι’
755 823 796 897 οὑ
815 827 875 907 τάς
894 827 1010 909 λοιπάς
1030 830 1072 911 ἐξ.

57 931 169 1023 ήλθον
192 936 230 1004 δέ
252 962 315 1023 την
333 934 445 1023 ,ἀρχήν
468 936 521 1004 ἐπὶ
545 934 607 1021 τήν
630 940 688 1022 τής
712 940 912 1023 συμμετρίας
937 934 1072 1022 ζήτησιν

58 1045 94 1111 οί
115 1042 349 1128 Πυθαγόρειοι
371 1044 497 1129 πρῶτοι
520 1037 626 1128 αὑτήν
651 1040 841 1129 ἐξευρόντες
865 1044 900 1110 ἐκ
923 1047 982 1128 τής
1003 1046 1071 1109 τῶν

56 1145 215 1236 ἀριθμῶν
247 1146 486 1235 κατανοήσεως.
536 1150 655 1216 κοινοῦ
687 1145 752 1236 γάρ
785 1145 946 1235 ἁπάντων
975 1145 1072 1228 όντος

57 1256 180 1343 μέτρου
194 1257 253 1341 τής
265 1252 415 1342 μονάδος
428 1253 484 1322 καὶ
498 1254 552 1323 ἐπὶ
566 1256 634 1321 τόν
648 1264 803 1341 μεγεθῶν
817 1253 934 1322 κοινὸν
948 1255 1071 1342 μέτρον
1092 1280 1124 1328 ιο

57 1360 171 1449 εὑρεῖν
196 1359 257 1429 οὑκ
280 1359 513 1447 ήδυνήθησαν.
550 1368 659 1428 αἴτιον
683 1360 721 1428 δὲ
742 1359 780 1429 τὸ
803 1360 912 1427 πάντα
936 1360 997 1447 μὲν
1015 1360 1071 1428 καὶ

58 1465 242 1537 ὁποιονοῦν
257 1465 408 1555 άριθμδν
420 1463 499 1535 καθ’
513 1464 699 1535 ὁποιασοῦν
713 1466 816 1554 τομάς
830 1466 1070 1554 διαιρούμενον

58 1571 181 1660 μόριόν
208 1599 240 1640 τι
266 1571 528 1659 καταλιμπάνειν
551 1572 726 1659 ἐλάχιστον
752 1573 808 1640 καὶ
830 1577 935 1660 τομῆς
959 1570 1071 1640 άνεπί-

60 1684 189 1763 δεκτον,
212 1681 280 1745 πᾶν
304 1678 342 1746 δὲ
364 1680 506 1766 μέγεθος
530 1677 579 1746 ἐπ’
601 1677 741 1768 άπειρον
765 1679 1006 1767 διαιρούμενον
1024 1678 1070 1765 μή

57 1781 320 1871 καταλιμπάνειν
339 1783 471 1873 μόριον,
494 1781 513 1852 δ
534 1783 645 1854 διὰτὸ
665 1783 752 1854 εἶναι
771 1785 944 1871 ἐλάχιστον
963 1783 1069 1871 τομήν
1090 1809 1122 1858 15

58 1889 120 1961 οὐκ
140 1891 332 1978 ἐπιδέξεται,
350 1887 436 1959 άλλδι
449 1890 505 1960 καὶ
519 1894 625 1960 ἐκεῖνο
641 1891 692 1960 ἐπ’
709 1891 850 1981 άπειρου
864 1891 1070 1979 τεμνόμενον

57 2011 168 2067 ποιεῖν
178 1996 297 2086 άπειρα
306 1995 420 2086 μόρια,
434 1989 483 2065 οἷν
493 1998 634 2065 ἕκαστον
646 1995 696 2066 ἐπ’
704 1997 843 2086 άπειρον
853 1995 1070 2084 τμηθήσεται,

55 2104 112 2172 καὶ
137 2101 249 2183 άπλῶς
273 2101 313 2170 τὸ
342 2101 405 2190 μὲν
431 2103 573 2190 μέγεθος
605 2101 687 2170 κατὰ
716 2102 777 2189 μὲν
809 2102 847 2172 τὸ
878 2109 1070 2191 μερίζεσθαι

56 2211 204 2297 μετέχειν
223 2213 282 2296 τής
302 2211 365 2278 τοῦ
387 2206 528 2297 άπείρου
550 2207 665 2296 ἀρχῆς,
688 2209 772 2277 κατὰ
791 2209 829 2277 δὲ
847 2209 909 2295 τήν
928 2206 1071 2296 ὑλότητα

56 2318 115 2401 τής
142 2319 203 2383 τοῦ
230 2317 386 2402 πέρατος,
415 2313 476 2384 τὸν
504 2315 541 2383 δέ
569 2313 721 2403 ἀριθμὸν
748 2313 830 2383 κατδι
859 2315 920 2402 μὲν
950 2312 988 2384 τὸ
1016 2341 1069 2402 με·
1089 2340 1123 2392 ευ

58 2426 209 2508 ρίξεσθαι
231 2425 290 2508 τής
311 2425 373 2490 τοῦ
397 2423 553 2508 πέρατος,
584 2421 668 2489 κατὰ
697 2421 735 2489 δὲ
761 2419 823 2507 τήν
847 2418 989 2507 ὁλότητα
1011 2424 1070 2509 τής

57 2530 118 2594 τοὺ
146 2525 293 2616 άπείρου.
339 2529 409 2596 ἐπεὶ
438 2519 500 2596 οὑν
531 2525 573 2594 τὰ
600 2528 702 2616 μέτρα
735 2530 802 2595 τῶν
835 2528 1070 2615 μετρουμένων

58 2632 217 2701 ἐλάττονα
245 2631 331 2702 εἶναι
359 2634 534 2722 προσήκει,
566 2645 732 2722 μετρεῖται
762 2633 799 2702 δέ
828 2637 891 2713 τάς
913 2631 1071 2720 άριθμός,

57 2737 185 2826 άυάγκη
208 2738 344 2809 πάντων
368 2739 505 2809 ἔλαττόν
528 2766 560 2808 τι
579 2737 723 2809 εἶναιτὸ
742 2742 874 2827 μέτρον.
912 2734 1070 2807 ὥστεκαὶ

55 2849 125 2914 τόν
144 2850 308 2933 μεγεθῶν,
328 2850 359 2914 εἰ
375 2845 484 2914 πάντα
498 2858 663 2933 μετρεῖται
676 2849 779 2936 κοινῷ
793 2845 914 2936 μέτρῳ,
937 2842 1067 2931 ἀνάγκη
1087 2867 1123 2917 2⁶

130 3084 153 3132 1.
177 3071 320 3145 άπλῶςη.
390 3082 415 3130 2.
439 3071 467 3130 δ’
488 3065 557 3146 οὑν]
582 3065 634 3130 οὑν
658 3093 686 3145 q
703 3076 824 3146 γοῦυΒ.
891 3081 916 3130 3.
935 3071 1068 3146 ιγ]δέιια

56 3147 106 3202 καὶ
125 3149 188 3215 τρία
206 3147 296 3202 FVat.
304 3146 520 3236 ,δεκατρίαΒ,
539 3145 617 3200 ῑκαλ
635 3147 699 3217 τρία
716 3146 747 3203 Ρ.
821 3140 927 3214 οὑκΡ,
947 3155 976 3200 et
994 3146 1068 3216 Vnt„

55 3217 107 3272 sed
126 3235 195 3274 corr.
273 3224 297 3273 4.
304 3188 378 3272 ἄλλ’
399 3216 429 3273 Ρ.
513 3222 538 3272 5.
557 3215 760 3287 συνήθειαυο.
842 3221 867 3273 8.
886 3188 1070 3304 Πὺθαγόριοι

54 3288 148 3344 PVat.
259 3295 301 3344 17
320 3294 443 3357 ποιεῖς.
522 3293 564 3343 19
584 3288 741 3358 μετέχεις
814 3293 856 3343 20.
876 3285 941 3358 μέν]
961 3282 1099 3356 μήνΡ.Ι

92 3365 135 3415 21.
142 3308 301 3446 ὑλότητα
305 3360 362 3446 Rq,
379 3357 510 3484 πολλότή
502 3376 537 3414 τα
555 3358 673 3415 PFVat.
728 3365 771 3415 22.
791 3379 829 3430 τῳ
816 3353 1069 3428 μετρουμένου.

91 3435 134 3486 24.
156 3427 270 3486 πάντων
302 3428 417 3486 πάντων
436 3380 517 3486 δέΡ.
598 3430 637 3501 τι]
658 3447 711 3485 om.
730 3446 757 3500 q
847 3432 894 3484 ‘ab
909 3372 1112 3505 maffia}

54 3502 141 3572 κοινῷ
159 3520 185 3571 q.
