2362 3796
79 145 121 209 27
125 146 145 210 8
224 146 381 198 SCHOLIA
398 148 438 198 IN
455 149 728 205 ELEMENTORUM
746 154 886 206 LIBRUM
898 154 945 207 IV.

149 291 198 355 12.
237 284 374 372 Ἱστέον,
407 283 451 366 ῶς
478 287 515 356 τὸ
543 291 706 381 θεώρημα
732 297 831 361 τοῦτο
860 295 913 361 ἐπὶ
939 293 1003 381 μὲν
1026 297 1099 361 τῶν

81 396 263 462 ἰσοσκελῶν
285 392 378 459 καὶί
365 394 575 484 ἰσοπλεύρων
593 399 767 485 τριγώνων
787 398 883 481 σώζει
901 397 938 467 τὸ
958 402 1099 486 οἰκεῖον,

81 1348 133 1416 ἐκλ
162 1348 199 1416 δὲ
226 1361 293 1420 τῶν
321 1355 449 1419 λοιιιῶν
477 1349 526 1418 οὔ.
571 1351 627 1419 καὶ
657 1353 763 1437 δῆλον
791 1347 856 1418 ἀπὸ
879 1354 940 1418 τοῦ
964 1375 1100 1438 ιιροκει-

82 1456 188 1542 μένου
212 1455 436 1545 ὀρθογωνίου.

47 1670 63 1720 5
160 1700 162 1705 -
456 1654 513 1719 Ad
535 1676 641 1739 prop.
663 1653 722 1719 III.

151 1779 200 1843 13.
240 1773 435 1863 Ἐτειδήκερ
471 1774 527 1842 καὶ
560 1778 607 1854 εςί
646 1773 708 1842 δύο
740 1780 888 1863 τρίγωνα
921 1777 1101 1860 διαιρεῖται

82 1907 113 1969 p.
136 1885 215 1968 276,
240 1881 346 1965 18]
328 1883 403 1960 ενδς
431 1880 469 1948 δὲ
496 1879 638 1948 ἕκαστον
665 1891 734 1949 τῶν
763 1878 827 1948 δνό
855 1878 1035 1968 τριγώνων
1066 1883 1104 1948 αί

81 2000 169 2073 τρεῖς
187 1996 306 2073 γωνίαι
326 1997 395 2055 ίσαι
411 1987 511 2055 δυσὶν
531 1984 652 2075 ὀρθαῖς
669 2013 684 2054 ε
687 1991 734 2053 ίσι
687 1984 860 2053 ίδιδι
827 2011 888 2055 τον
906 1984 961 2072 λβ’
975 1990 1040 2054 τοῦ
1058 1984 1101 2072 α’,

81 2097 149 2162 τῶν
165 2093 228 2161 δύο
243 2091 318 2179 ἄρα,
333 2090 415 2173 είςδὶ
432 2097 609 2180 διαιρεῖται
618 2090 656 2160 τὸ
666 2091 921 2181 τετράπλευρον,
934 2092 1102 2178 τέτρασιν.

33 2217 65 2266 10
154 2203 203 2265 14.
246 2190 295 2266 ῶν
322 2196 344 2285 ἡ
371 2197 437 2266 ὑπὸ
463 2206 566 2267 ΑΚΒ
589 2226 621 2288 p.
643 2201 723 2284 276,
746 2201 807 2283 23]
836 2195 1010 2266 ὑπόκειται
1032 2199 1100 2285 γὰρ

82 2304 137 2370 καὶ
161 2302 353 2390 συνεστάθη
378 2303 435 2371 διὰ
458 2303 519 2372 τὸν
541 2304 597 2390 κγ’
620 2309 682 2373 τοῦ
704 2305 748 2374 α’.

462 2517 518 2582 Ad
540 2540 644 2603 prop.
666 2516 723 2584 IV.

153 2641 203 2707 15.
241 2637 298 2707 ’Ev
325 2652 396 2720 τοῖς
423 2637 578 2726 ἀνωτέρω
607 2641 685 2708 δνσὶ
712 2645 995 2727 κροβληματικοῖς
1016 2647 1104 2708 θεω-

85 2749 206 2833 ρήμασι
236 2743 298 2813 τὸν
330 2744 455 2814 κύκλον
487 2748 619 2830 ἐδίδου,
656 2747 757 2833 ἐζήτει
789 2745 826 2814 δὲ
852 2746 915 2833 τὴν
944 2747 981 2814 ἐν
1009 2743 1102 2837 αὐτῷ

32 2889 66 2940 15
85 2851 258 2939 ἐγγραφὴν
280 2851 336 2920 καὶ
359 2849 570 2940 περιγραφὴν
593 2854 654 2919 τοῦ
677 2853 855 2938 τριγώνου.
893 2853 1045 2920 ἐνταῦθα
1065 2851 1104 2919 δὲ

83 2960 138 3026 καὶ
166 2963 213 3039 είς
239 2957 277 3026 τδ
306 2955 388 3045 μετὰ
415 2961 514 3025 τοῦτο
537 2954 575 3025 τὸ
598 2962 766 3045 τρίγωνον
791 2961 933 3044 ἔμπαλιν
958 2960 1104 3041 δίδοται,

85 3072 224 3153 ζητεῖται
255 3064 293 3132 δὲ
319 3061 340 3150 ἡ
365 3068 413 3144 είς
443 3061 525 3132 αὐτὸ
554 3061 705 3150 ἐγγραφὴ
731 3064 788 3131 καλ
819 3060 1011 3151 περιγραφὴ
1039 3065 1105 3131 τοῦ

84 3173 221 3241 κύκλον.

88 3299 301 3311 ——u—

158 3354 200 3403 12.
219 3347 242 3400 B
262 3346 396 3416 (pertinet
414 3344 473 3400 sine
492 3343 578 3400 dubio
596 3361 652 3401 non
670 3345 707 3400 ad
724 3344 772 3414 IV,
791 3352 816 3414 2,
836 3346 885 3401 sed
903 3345 940 3402 ad
954 3344 1044 3401 schol.
1062 3352 1106 3415 11,

85 3418 136 3475 aed
156 3419 196 3472 sio
215 3433 327 3486 quoque
347 3414 497 3472 ἰσοσκελῶν
516 3416 633 3484 falsum
652 3418 681 3473 et
700 3415 794 3472 obstat
751 3388 920 3486 tat’figura).
1014 3421 1107 3489 18.p.

113 3494 202 3558 lap
279 3494 370 3560 16.p.
