2362 3796
77 123 144 188 292
230 124 388 177 SCHOLIA
405 125 445 176 IN
462 123 737 175 ELEMENTORUM
755 122 896 175 LIBRUM
909 123 940 173 V.

77 263 315 350 τετραπλάσιος
347 259 396 332 νόν
429 266 491 332 τοῦ
523 260 588 332 ιἰπὸ
622 268 691 333 τῶν
723 267 895 348 πλευροόνΙ
915 267 1102 330 διπλασίου

79 369 177 449 ὄντος
206 369 381 449 διπλάσιός
408 371 513 437 ἐστιν·
549 373 611 437 τοῦ
638 367 702 455 γὰρ
731 373 911 451 διπλασίου
940 364 958 435 6
983 393 1102 452 τετρα-

78 479 217 556 πλάσιος
242 477 423 554 διπλάσιος.

147 586 199 651 30.
233 578 312 649 Ἐάν
336 579 482 668 άριθμὸς
506 582 559 660 δὶς
578 582 722 668 ληφθεὶς
743 585 847 671 γεννᾷ
869 606 955 665 τινα,
975 576 998 646 ‘6
1023 605 1102 665 γεν-

46 689 199 775 ὀνηθελς
223 687 398 767 διπλάσιός
421 690 490 756 ἐστι
513 691 575 755 τοῦ
596 686 834 774 γεννήσαντος,
859 679 933 754 οἷον
957 682 975 753 6
1000 676 1023 752 6
1047 685 1103 765 δλς

80 794 225 881 ληφθεὶς
255 794 413 881 γεννήσει
444 793 505 862 τὸν
533 805 570 880 6,
604 791 641 873 ὅς
668 795 738 861 ἐστι
765 791 889 861 τούτου
912 791 1100 872 διπλάσιος.

81 898 140 968 ἐὰν
164 891 229 967 οὖν
246 891 316 968 ἰόσι
338 906 413 987 τρία
437 900 563 986 μεγέθη
588 897 775 986 ἀνάλογον,
799 898 855 965 καὶ
879 895 897 966 6
921 897 1033 985 λόγος,
1058 895 1100 966 δν

81 1011 147 1093 ἔχει
162 1003 180 1073 6
197 1011 327 1092 πρῶτος
340 1004 425 1094 πρὸς
437 1004 500 1073 τόν
517 1002 689 1091 δεύτερον,
709 1006 761 1085 δὶς
775 1009 903 1094 ληφθῇ,
925 1006 1101 1074 τουτέστιν

82 1109 183 1191 αὐτὸς
211 1109 289 1198 μεθ’
319 1113 456 1198 ἑαυτοῦ,
489 1109 661 1201 άπογεννᾷ
687 1109 749 1179 τόν
773 1110 891 1199 λόγον,
925 1107 967 1179 δν
991 1115 1058 1198 ἔχει
1083 1108 1136 1180 6·

31 1237 64 1285 10
83 1221 212 1301 πρῶτος
226 1214 310 1303 πρὸς
323 1216 383 1285 τὸν
397 1216 515 1304 άκρον,
534 1218 591 1284 καὶ
609 1218 738 1304 λέγεται
756 1244 775 1286 ο
789 1221 858 1285 τῶν
871 1216 987 1304 ἄκρων
1000 1217 1103 1303 λόγος

81 1322 164 1406 πρὸς
181 1319 243 1389 τὸν
261 1327 323 1390 τοῦ
343 1322 376 1389 α’
396 1322 452 1389 καὶ
475 1322 580 1409 με’σου
603 1322 706 1409 λόγον
730 1323 914 1404 διπλάσιος.
952 1318 1027 1392 οἷον
1047 1324 1101 1391 ἐπὶ

82 1425 327 1514 ὑποδείγματος
345 1433 495 1498 ἔστωσαν
513 1433 589 1516 τρία
610 1430 736 1515 μεγέθη
755 1428 927 1515 άνάλογον
945 1429 985 1497 τὰ
1000 1420 1029 1497 6
1043 1434 1101 1516 γᾶ

83 1535 121 1601 ἐν
143 1539 355 1619 τριπλασίονι
378 1531 476 1626 λόγῳ.
519 1531 536 1600 6
562 1532 673 1619 λόγος,
697 1530 740 1602 δν
763 1539 829 1622 ἔχει
853 1531 871 1602 6
896 1532 995 1603 ἐννέα
1017 1533 1103 1620 πρὸς

83 1639 144 1708 τόν
185 1645 260 1727 τρία
302 1640 354 1720 δὶς
395 1641 540 1726 ληφθεὶς
580 1638 690 1728 ἤγουν
726 1638 810 1725 πρὸς
847 1639 967 1709 ἑαυτὸν
1002 1648 1103 1709 πολυ-

33 1764 66 1813 15
84 1751 315 1825 πλασιασθείς·
358 1749 457 1813 τοῦτο
489 1743 554 1831 γὰρ
583 1749 752 1826 καλοῦμεν
781 1745 1104 1832 διακαταχριγστικιό-

83 1876 194 1942 τερον·
219 1849 440 1939 άπογεννήσει
462 1850 523 1921 τδν
541 1855 610 1920 τῶν
633 1850 747 1939 άνροιν
765 1852 879 1938 λόγον.
916 1849 1018 1938 ὁγὰρ
1038 1879 1105 1938 τρι-

84 1959 226 2040 πλάσιος
243 1957 488 2046 τριπλασιόνως
507 1956 758 2044 ἕννεαπλάσιος,
777 1957 833 2023 καὶ
853 1957 958 2036 οὕτως
973 1958 1104 2042 λέγεται

86 2061 104 2132 6
128 2066 368 2144 ἐννεαπλάσιος
389 2068 449 2132 τοῦ
472 2068 673 2150 τριπλασίου
696 2062 881 2148 διπλάσιος,
905 2060 1012 2132 ὅτιτὸ
1032 2064 1106 2149 τρὶς

85 2174 172 2256 τρεῖς
196 2174 247 2249 δίς
271 2167 430 2256 ἐστιν,’
411 2165 471 2256 αφ’
499 2161 583 2237 066
613 2169 804 2255 διπλάσιος,
838 2170 948 2255 ὥσπερ
970 2167 1009 2237 τὸ
1033 2170 1107 2254 τρίς

34 2294 68 2342 20
86 2283 161 2359 τρία
184 2275 256 2361 τρὶς
278 2280 349 2361 τρίς
373 2272 518 2358 ἐστιν,’
500 2272 559 2361 αφ’
581 2266 623 2343 06
646 2272 664 2342 6
687 2275 889 2361 τριπλάσιος.
933 2279 1044 2354 καλῶς
1068 2275 1107 2344 δε

87 2377 234 2509 εἶπεγ,“
215 2407 266 2447 οτι
290 2381 460 2466 λέγεται·
489 2384 519 2447 εί
541 2379 604 2467 γὰρ
628 2380 711 2448 κατὰ
734 2379 907 2467 ἀλήθειαν,
929 2383 1013 2448 τὰθ
1035 2385 1106 2450 τῶν

87 2512 117 2571 γ
132 2513 172 2553 ου
197 2485 380 2572 διπλάσιος,
403 2484 490 2554 άλλδι
514 2486 722 2574 τριπλάσιος·
746 2483 861 2553 άλλ’“
841 2513 931 2573 ομως
953 2492 993 2575 τῇ
1017 2491 1107 2574 εἰρη-

88 2592 170 2680 μένῃ
191 2591 302 2685 ἐφόδφ
322 2621 340 2661 ο
362 2593 602 2673 ἐννεαπλάσιος
621 2592 796 2672 διπλάσιος
813 2596 875 2661 τοῦ
893 2598 1107 2678 τριπλασίου·

87 2700 125 2766 τδ
151 2696 216 2784 γάρ
244 2700 315 2787 τρὶς
337 2713 429 2785 τρεῖς
454 2704 561 2788 γεννᾷ
585 2699 647 2787 μὲν
669 2691 795 2785 τόνδ’,
823 2699 875 2777 δὶς
905 2698 942 2766 66
966 2707 1107 2787 εἴρηται,

36 2827 71 2878 25
89 2802 148 2890 ἀφ’
170 2796 211 2872 οὗ
236 2803 253 2871 6
280 2803 463 2884 διπλάσιος.
500 2810 586 2873 ἔστω
611 2805 648 2873 66
670 2808 726 2873 καὶ
749 2805 803 2873 ἐπὶ
823 2806 1045 2872 διπλασίων*
1027 2805 1108 2875 υπό-

90 2914 216 2998 δειγμα.
254 2916 403 2980 ἔστωσαν
425 2909 490 3039 γάρ
513 2912 685 2997 μεγεθη
664 2938 716 2998 γ
709 2908 723 2978 ‹‘
746 2917 766 2997 6
792 2901 855 2978 66
875 2903 944 2998 66.
982 2908 1107 2997 όγοῦν

89 3017 189 3103 λόγος
206 3021 304 3158 6066
321 3018 404 3104 πρὸς
421 3044 481 3086 τον
497 3014 572 3103 δ
553 3044 590 3097 ος
609 3017 678 3083 ἐστι
698 3015 884 3103 διπλάσιος,
904 3017 1108 3104 διαληφθεὶς

162 3218 204 3267 30
224 3214 249 3266 A
264 3212 352 3279 (Coisl
354 3214 382 3280 ..)

165 3395 188 3442 1.
199 3333 287 3459 άπό]
308 3388 398 3443 deleo.
470 3387 619 3460 πλευρόν]
638 3385 852 3457 τετραπλεύρων
871 3372 989 3444 BE‘Vat.
1063 3395 1109 3445 20.

92 3457 152 3528 τρὶς
169 3458 240 3529 τρίς]
260 3458 368 3530 scripsi,
387 3460 446 3531 τρίς
463 3461 496 3513 Α.
571 3464 614 3514 27.
634 3460 820 3531 διαληφθείς]
838 3457 882 3521 δὶς
900 3461 1041 3528 ληφθείςλ
