2362 3796
118 150 183 216 724
370 151 553 204 mum
571 149 809 203 εοΗοιιοιιυοι
826 150 877 202 111.

115 290 343 380 παραλλήλοις
360 294 438 360 είοί·
466 289 678 378 παράλληλος
695 287 762 377 ἄρα
783 293 824 378 τῇ
848 293 892 374 αβ
914 285 936 375 ή
955 292 1009 375 γδ.
1051 289 1135 374 λέγω

117 397 177 486 δή,
211 395 262 467 ὅτι
293 397 351 466 καὶ
380 400 440 484 της
464 401 508 484 γδ
540 402 652 483 μεῖζον
685 395 828 464 δύναται
860 389 959 481 ήάβ
992 405 1038 484 τῷ
1072 391 1137 462 ἀπὸ

118 512 204 572 ἴσων
237 502 321 592 αὐτῇ
358 507 461 590 τριῶν
493 504 658 591 πλευρῶν.
718 502 789 570 ἐπεὶ
825 499 889 589 γὰρ
926 500 1137 587 παραλληλό-

116 609 273 699 γραμμόν
291 611 382 677 ἐστιν
401 608 560 697 ἑκάτερον
578 612 647 676 τῶν
662 613 745 695 αγδε
762 607 819 676 καὶ
833 611 916 693 βὸγε
934 606 991 674 καὶ
1011 609 1049 674 ἐν
1069 619 1138 686 ταῖς

79 715 235 797 οαύταλς
267 714 493 801 παραλλήλοις
523 727 596 794 ταῖς
622 718 682 800 γᾶ,
701 720 744 800 αβ
774 713 830 780 καὶ
863 712 916 780 ἐπὶ
947 715 1008 798 τῆς
1037 708 1138 799 αὐτῆς

118 824 247 909 βάσεως
277 825 337 907 τῆς
367 824 425 907 γδ,
462 829 519 890 ίσα
552 819 710 907 ἀλλήλοις

119 932 215 997 είσίυ.
255 936 310 1014 ἴση
330 924 396 1015 ἄρα
414 927 506 995 ἐστὶν
523 924 544 1013 ή
560 953 603 1013 αγ
616 937 656 1015 τῇ
672 930 710 994 εδ

118 1034 175 1102 καὶ
198 1030 219 1119 ή
244 1037 288 1119 βᾶ
310 1037 350 1122 τῇ
371 1054 422 1118 εγ·
449 1043 518 1102 τῶν
542 1032 607 1121 γὰρ
630 1056 710 1121 παρ·

120 1138 408 1227 αλληλογρῶμμων
431 1143 565 1225 χωρίων
593 1141 632 1206 αί
651 1136 710 1205 ἆπ-

69 1265 102 1315 10
121 1248 279 1314 εναυτίου
302 1250 445 1333 πλευραί
463 1270 499 1312 τε
516 1245 571 1313 ιιαλ
589 1248 711 1330 γωνίαι

121 1359 191 1419 ίσαι
205 1347 364 1437 ἀλλήλαις
377 1355 473 1419 είσίν.
496 1359 552 1437 ἴση
567 1348 633 1438 ἄρα
646 1351 703 1417 οιαὶ
716 1348 738 1437 ἡ
753 1355 797 1437 γᾶ
811 1351 949 1441 ἑκατέρᾳ
963 1362 1032 1420 τῶν
1042 1378 1091 1438 αε,
1102 1357 1134 1437 εβ

120 1484 181 1526 τον
209 1455 330 1543 ὅμοιον
357 1455 493 1544 τρόπον.
548 1454 611 1542 ὅλη
638 1453 704 1543 ἄρα
732 1453 752 1542 ή
782 1462 826 1543 αβ
854 1461 1043 1526 διπλασίων
1073 1457 1135 1526 ἐστὶ

120 1567 179 1651 της
201 1567 257 1649 γὸ·
293 1561 334 1629 τὰ
358 1561 396 1630 δὲ
419 1561 516 1649 μήκει
541 1561 702 1631 διπλάσια
729 1562 874 1650 δυνάμει
901 1565 1133 1650 τετραπλάσια·

121 1667 362 1756 τετραπλάσιον
385 1665 452 1758 ἄρα
474 1666 512 1737 τὸ
536 1666 601 1737 ἀπὸ
624 1679 683 1755 τῆς
701 1674 745 1755 αβ
767 1679 828 1737 τοῦ
847 1666 913 1737 ἀπὸ
931 1673 991 1756 τῆς
1008 1673 1066 1756 γδ.
1100 1668 1134 1739 τὰ

70 1774 188 1863 τείρει
220 1773 286 1843 ἀπὸ
318 1779 387 1844 τῶν
413 1779 518 1864 τριῶν
545 1778 700 1863 πλευρῶν
726 1774 918 1864 τετράγωνα
946 1779 1006 1862 τῆς
1036 1803 1073 1845 τε
1100 1803 1137 1862 αγ

121 1882 177 1950 καὶ
204 1885 248 1968 γδ
278 1881 335 1948 καὶ
363 1885 406 1965 δβ
437 1879 599 1949 ἐλοίττονοί
633 1883 699 1948 είσι
729 1884 792 1949 τοῦ
822 1879 888 1949 ἀπὸ
920 1885 981 1968 τῆς
1013 1889 1061 1970 αβ
1094 1883 1137 1952 ἕνλ

121 1987 252 2057 τούτων
275 1985 479 2078 τετραγῶυμ.
525 1992 637 2072 μεῖζον
666 1984 731 2075 ἄρα
757 1985 796 2055 τὸ
824 1985 891 2054 ἀπὸ
915 1991 975 2073 τῆς
1000 1996 1049 2076 αβ
1075 1995 1138 2059 τῶν

122 2091 187 2161 ἀπὸ
214 2097 283 2161 τῶν
309 2096 414 2182 τριῶν
441 2095 596 2179 πλευρῶν
624 2093 813 2179 γινομένων
840 2092 1070 2181 τετραγῶνωυ
1098 2099 1138 2190 τῷ

121 2196 187 2266 ἆπὸ
220 2203 298 2285 μιᾶς
328 2201 471 2286 πλευρᾶς
503 2201 571 2265 τῶν
603 2202 707 2286 τριῶν
735 2198 901 2288 γινομένῳ
930 2202 1140 2294 τετραγῶνμ.

69 2323 104 2374 20
123 2304 175 2372 ἐπὶ
193 2307 252 2390 τῆς
271 2307 430 2389 δοθείσης
448 2301 515 2390 ἄρα
529 2300 664 2384 εὐθείας
678 2304 923 2394 τετράπλευρον
938 2311 1139 2379 συνέσταται

121 2408 176 2476 καί
199 2407 240 2474 τὰ
264 2409 351 2495 ἑξῆς·
379 2406 461 2497 ὅπερ
485 2412 554 2477 ἔδει
579 2411 694 2491 δεῖξαι.
