2362 3796
103 130 170 194 210
259 130 415 182 SCHOLIA
433 131 472 181 IN
490 129 764 181 ELEMENTORUM
781 129 921 181 LIBRUM
934 130 958 184 Ι.

104 272 222 338 δεῖται·
249 268 286 338 τὸ
308 268 345 337 δὲ
373 266 566 354 ἀναγράψαι
585 272 649 355 ἔφη
670 265 716 348 ἀς
734 267 799 337 ἀπὸ
819 272 897 354 μιάς
915 265 1022 356 ἀρχῆς
1040 265 1123 338 ἀπο-

103 375 320 462 γεννώμενον
342 377 399 442 καί
422 374 621 463 ἀναγραφῆς
644 373 807 459 δεόμενον
830 373 944 460 μόνης.

173 485 245 550 145.
289 489 406 548 Λελται
438 481 501 568 μὲν
532 484 593 547 τοῦ
625 479 860 566 προβλήματος
890 479 1017 550 τούτου
1049 487 1123 550 δια-

105 588 276 677 φερόντως
300 591 347 667 εἰς
369 584 431 673 τὴν
449 590 511 654 τού
531 588 648 674 ἐφεξῆς
666 584 884 674 θεωρήματος
901 585 1125 674 κατασκευήν,

69 719 86 767 5
105 700 214 763 ἔοικεν
237 693 276 762 δὲ
298 697 366 761 τών
391 691 453 760 δύο
479 693 624 777 γενέσεις
643 693 802 778 ἐθελῆσαι
819 694 1034 779 παραδοῦναι
1054 697 1125 762 τών

104 804 142 869 ἐν
178 798 408 889 εὐθυγράμμῳ
446 796 593 884 ἀρίστων
630 796 832 884 ἰσοπλεύρου
863 796 1034 885 τριγώνου
1067 800 1124 868 καὶ

104 906 331 993 τετραγώνου,
369 903 456 972 διότι
489 902 531 989 δὴ
564 903 620 971 καί
651 901 735 990 πρὸς
766 901 828 991 τὴν
861 902 1025 973 σύστασιν
1054 916 1125 975 τών

106 1017 277 1100 κοσμικών
306 1010 485 1098 σχημάτων
513 1010 568 1077 καί
596 1009 738 1096 μάλιστα
765 1013 834 1078 τών
861 1009 1046 1099 τεττάρων,
1076 1002 1126 1080 οἶν

106 1120 162 1186 καί
176 1120 306 1204 γε’νεσίς
320 1120 389 1185 ἐστι
407 1118 463 1184 καί
482 1115 656 1202 ἀνάλυσις,
675 1115 805 1185 τούτων
823 1120 918 1203 χρεία
936 1126 1007 1185 τών
1020 1115 1127 1185 εὐθυ·

55 1247 88 1296 10
107 1226 279 1312 γράμμων.
321 1221 359 1290 τδ
384 1222 445 1309 μὲν
468 1220 533 1309 γάρ
557 1221 774 1310 εἰκοσάεδρον
797 1223 853 1290 καλ
875 1220 913 1291 τδ
938 1218 1127 1312 ὀκτάεδρον

107 1331 163 1398 καί
181 1327 201 1416 ἡ
221 1328 367 1416 πυραμὶς
385 1330 421 1395 ίκ
438 1331 506 1397 τών
522 1326 731 1412 ἰσοπλεύρων
747 1325 916 1413 σύγκειται
935 1328 1128 1415 τριγώνων,

110 1432 127 1502 ὁ
153 1434 191 1502 δὲ
213 1432 317 1519 κύβος
339 1437 374 1502 ἐκ
396 1445 466 1503 τών
488 1433 717 1520 τετραγώνων.
764 1433 818 1501 διό
841 1460 898 1519 μοι
927 1438 1021 1503 δοκεῖ
1041 1457 1126 1520 προτ

109 1541 305 1627 ηγουμένως
331 1539 370 1609 τὸ
400 1540 462 1626 μὲν
495 1539 743 1626 συστήσασθαι,
775 1536 812 1606 τὸ
847 1539 884 1607 δὲ
916 1537 1129 1628 ἀναγράψαι·

110 1649 278 1735 πρέποντα
306 1644 370 1733 γάρ
395 1645 437 1732 δὴ
460 1651 564 1715 ταῦτα
591 1645 631 1713 τδι
662 1642 811 1732 ὀνόματα
839 1643 984 1735 ἀνεῦρεν
1011 1651 1130 1716 τοῖσδε

57 1776 89 1825 15
109 1767 179 1832 τοῖς
202 1751 354 1839 σχήμασι.
400 1748 438 1821 τὸ
462 1751 523 1838 μὲν
546 1750 611 1837 γὰρ
636 1748 681 1830 ώς
704 1753 740 1818 ἐκ
761 1754 897 1819 πολλῶν
921 1752 1129 1839 συγκροτού-

110 1886 213 1945 μενον
237 1856 427 1936 συστάσεως
449 1860 572 1942 δεῖται,
595 1855 633 1923 τὸ
659 1855 697 1924 δὲ
720 1853 765 1936 ἀς
788 1854 853 1925 ἀπὸ
877 1861 955 1943 μιᾶς
978 1862 1130 1944 πλευρᾶς

110 1963 392 2050 ἀπογεννώμενον
416 1960 622 2048 ἀναγραφῆς.
660 1960 701 2029 ού
723 1963 801 2048 γάρ,
825 1959 935 2050 ὥσπερ
954 1961 993 2031 τδ
1014 1964 1130 2052 τετρά·

110 2096 222 2154 γωνου
251 2074 371 2155 ἔχομεν
401 2065 751 2148 πολλαπλασιάσαντες
783 2067 843 2136 τὸν
874 2071 934 2156 τῆς
966 2072 1130 2157 δοθείσης

111 2173 246 2252 εὐθείας
269 2172 418 2262 ἀριθμὸν
442 2172 495 2261 ἐφ’
517 2172 649 2259 ἑαυτόν,
674 2171 797 2243 οὑτωσὶ
815 2176 871 2243 καὶ
888 2172 927 2243 τὸ
944 2180 1129 2263 τρίγωνον,

58 2303 93 2353 20
112 2277 303 2366 ἀλλαχόθεν
336 2281 558 2361 ἐπιζεύξαντες
590 2281 643 2348 ἐπὶ
674 2279 715 2347 τδι
748 2282 873 2368 πέρατα
904 2284 963 2366 τῆς
990 2280 1131 2363 εὐθείας

113 2390 363 2473 σνγκροτοῦμεν
387 2386 421 2452 ἐκ
441 2385 571 2454 τούτων
591 2389 628 2454 ἓν
648 2385 849 2471 ἰσόπλευρον
867 2391 1049 2476 τρίγωνον,
1072 2390 1130 2457 καὶ

112 2489 133 2577 ἡ
159 2495 225 2559 τών
248 2490 380 2559 κύκλων
403 2490 598 2580 καταγραφὴ
623 2500 775 2561 συντελεῖ
801 2490 885 2579 πρὸς
906 2491 943 2561 τδ
969 2490 1130 2583 ἀνευρεῖν

114 2597 220 2665 ἐκεῖνο
239 2595 276 2665 τδ
294 2611 444 2684 σημεῖον,
462 2594 523 2684 ἀφ’
541 2588 583 2665 οὐ
598 2601 651 2666 δεῖ
662 2595 722 2677 τὰς
736 2595 872 2677 εὐθείας
886 2602 934 2678 εἰς
946 2596 988 2667 τδι
1001 2601 1130 2689 πέρατα

113 2709 171 2792 τῆς
185 2705 374 2791 ίκκειμένης
393 2701 527 2782 εὐθείας
542 2705 713 2785 ἐπιζεῦξαι.
745 2707 849 2773 ταῦτα
867 2703 929 2791 μὲν
949 2699 1014 2774 οὐν
1030 2712 1129 2795 δῆλα·

60 2833 95 2882 25
114 2813 263 2881 δεικτέον
286 2807 362 2878 ἀντί
379 2813 448 2878 τῶν
467 2807 613 2877 εὐθειῶν
633 2817 727 2895 ἰσων,
750 2807 810 2898 ἀφ’
828 2802 877 2879 ών
895 2810 1129 2902 ἀναγράφετιιι

113 2918 153 2987 τά
176 2915 378 3005 τετράγωνα,
401 2916 456 2984 καί
480 2913 565 2984 αὐτὰ
589 2923 645 2983 λσα
668 2918 766 2984 ἐστίν.

184 3028 255 3092 146.
283 3020 422 3109 Ὁμοίως
439 3023 495 3090 καὶ
514 3020 573 3091 ίάν
592 3019 657 3090 ἀπὸ
678 3030 762 3089 ἰσων
777 3020 922 3092 εὐθειών
934 3026 1129 3113 τετράγωνα

115 3128 369 3216 ἀναγραφώσιν,
393 3135 449 3194 ἰσα
473 3132 615 3197 ἔσονται.
653 3133 801 3196 ἔστωσαν
824 3126 888 3215 γάρ
907 3137 977 3198 ἰσαι
996 3135 1036 3199 αἰ
1053 3140 1129 3219 AB,

188 3275 247 3325 145.
266 3269 296 3325 P.
372 3274 430 3324 146.
449 3267 495 3323 Ψ.

188 3399 212 3447 6.
233 3387 444 3464 εὐθυγράμμων
463 3392 493 3447 Ρ.
573 3398 615 3447 14.
634 3392 682 3463 δή]
703 3395 753 3448 δεῖ
765 3393 796 3452 P.
869 3401 912 3451 22.
931 3402 1081 3455 συντελεῖν
1100 3399 1129 3453 Ρ.

145 3466 189 3517 25.
209 3456 293 3535 ἀντι]
309 3464 349 3520 sic
363 3464 451 3522 etiam
465 3463 547 3522 codd.
561 3463 638 3535 apud
651 3465 780 3520 Proelum
794 3483 821 3536 p.
831 3471 893 3535 424,
905 3472 933 3534 ’λς
953 3485 1009 3529 τοι.
1024 3459 1063 3527 αὖ
1078 3464 1129 3526 ὅτι

68 3532 93 3594 ἱ
