2362 3796
97 147 164 211 216
251 147 408 200 SCHOLIA
427 147 467 198 IN
484 144 760 198 ELEMENTORUM
777 142 917 195 LIBRUM
929 143 952 195 Ι.

97 286 115 356 ὑ
139 287 357 368 Πλατωνικὸς
380 285 548 372 διάδοχος.
594 283 654 354 ἐάν
677 284 715 352 δὲ
737 275 759 373 ᾖ
783 281 804 372 ἡ
826 282 971 360 κάθετος
1000 278 1112 367 άρτιος

96 391 258 481 ἀριθμός,
286 389 306 479 ἡ
336 392 398 480 μὲν
426 390 575 478 μέθοδός
602 393 670 459 ἐστι
694 388 894 475 Πλατωνικὴ
922 386 1008 454 κατδι
1036 384 1112 466 τοὺς

96 499 293 587 εἰρημένους
307 497 446 585 Ἥρωνά
468 498 577 566 τεκαὶ
596 496 767 585 Πρόκλον,
789 494 921 583 πρόεισι
935 493 975 562 δὲ
994 491 1111 573 οὕτως·

96 605 256 692 λαμβάνω
279 605 318 673 τὸ
342 605 446 692 ἥμισυ
468 608 527 691 τῆς
548 604 709 672 καθέτου·
740 598 996 681 πολυπλασιάζω
1021 599 1111 669 αὑτά.

60 731 77 779 ο
96 709 230 799 άφαιροῖ
254 715 315 779 τοῦ
339 712 638 795 πολυπλασιασμοῦ
657 705 802 794 μονάδα·
824 706 862 775 τὸ
882 718 1004 792 μείναν
1028 708 1112 775 ποιά

97 817 211 904 βάσιν·
235 822 441 904 προστίθημι
463 820 503 904 τῇ
527 815 623 902 βάσει
647 814 758 882 δυάδα
775 814 832 882 καὶ
848 816 934 883 ποιῶ
953 809 1018 900 τὴν
1035 811 1113 882 ὑπο·

96 928 288 991 τείνουσαν.
327 916 403 991 οἷον
427 922 480 990 ἐπὶ
502 919 747 1008 ὑποδείγματος
769 925 853 988 ἔστω
875 917 897 1007 ἡ
920 919 1068 1000 κάθετος
1084 930 1113 1006 ἦ.

96 1027 137 1096 τὰ
160 1026 261 1115 ἡμίση
286 1028 416 1097 τούτων
434 1025 702 1108 πολυτλασιάζω·
725 1030 932 1112 γίνονται“
898 1046 941 1097 ις.
977 1023 1113 1114 άφαιρὺ

98 1132 242 1219 μονάδα,
264 1134 321 1201 καὶ
342 1129 505 1219 γίνεται
489 1162 509 1221 η
528 1132 673 1220 βάσις”“
644 1161 682 1202 ιε.
704 1137 911 1221 προστίθημι
929 1130 1042 1200 δυάδα
1060 1132 1115 1199 καὶ

46 1258 80 1307 10
99 1241 183 1305 ποιοὸ
206 1236 268 1324 τὴν
291 1237 537 1306 ὑποτείνουσαν
557 1246 594 1321 ιζ.
631 1245 722 1309 ἔστιν
741 1231 804 1307 οὑν
822 1237 861 1306 τὸ
876 1235 942 1306 άπὺ
957 1240 1017 1323 τῆς
1034 1234 1114 1305 ὑπο-

97 1341 274 1429 τεινούσης
304 1342 516 1431 τετράγωνον
549 1350 628 1415 σ’πθ.
684 1343 768 1414 άίλδι
799 1345 856 1413 καὶ
887 1342 926 1412 τὸ
959 1341 1024 1413 άπὸ
1055 1347 1115 1429 τῆς

97 1449 245 1516 καθέτου
274 1447 355 1536 μετά
383 1453 445 1518 τοῦ
473 1448 538 1519 άπὸ
566 1455 625 1538 τῆς
651 1450 781 1538 βάσεως
807 1449 868 1518 τὸν
896 1448 998 1519 αὑτὸν
1027 1467 1113 1535 συμ

97 1557 286 1643 πληροῦσιν
300 1552 458 1643 άριθμόυ.
494 1567 563 1625 των
586 1556 651 1644 γάρ
670 1569 692 1644 η
714 1556 751 1625 τὸ
771 1554 984 1643 τετράγωνον
1001 1545 1041 1637 ξδ
1058 1554 1115 1622 καὶ

97 1671 166 1729 τῶν
190 1668 219 1728 ἴε
241 1666 313 1730 ff·
341 1660 428 1750 ὁμοῦ
451 1669 531 1732 σῖιθ.

46 1794 80 1843 15
169 1770 241 1836 154.
273 1766 319 1837 ‘H
337 1769 398 1856 μὲν
421 1766 487 1837 ὑπὸ
510 1773 614 1836 ΒΑΓ
637 1774 744 1855 γωνία
771 1767 991 1857 προαπεδόθη
1015 1765 1116 1855 ὀρθή,

97 1869 119 1959 ἡ
143 1873 180 1941 δὲ
203 1870 270 1943 ὑπὸ
294 1883 406 1944 ΒΑΗ
425 1874 482 1943 διὰ
505 1874 543 1942 τδ
568 1873 639 1962 με’·
669 1879 709 1963 τῇ
733 1872 799 1961 γάρ
822 1870 942 1964 εὑθείηι
965 1869 1032 1942 άπο
1056 1876 1115 1942 τοὺ

97 1978 181 2066 πρὸς
204 1979 288 2068 αὑτῇ
312 1988 452 2068 σημείου
474 1981 559 2069 πρὸς
582 1977 689 2066 ὀρθὰς
711 1977 841 2067 ἤχθηὴ
866 1981 962 2066 ἑτέρα
985 1977 1116 2065 εὐθεῖα,

97 2084 154 2151 καὶ
187 2083 437 2172 άπεδείχδησαν
464 2091 570 2153 πᾶσαι
602 2089 640 2154 οιί
664 2092 786 2172 γωνίαι
813 2089 874 2154 τοῦ
901 2085 1117 2172 τετραγώνου

100 2186 211 2273 ὀρθαί.
257 2191 313 2256 καί
342 2192 493 2258 ἐνταῦθα
519 2197 637 2260 τοίνυν
666 2189 731 2259 άπὸ
759 2195 819 2278 τῆς
846 2196 940 2276 Β[Α]
970 2194 1118 2280 πλευράς

46 2317 81 2367 20
99 2292 137 2360 τὸ
157 2301 225 2361 ΗΒ
245 2296 388 2381 συνέστη
406 2296 629 2383 τετράγωνον,
653 2298 710 2365 καὶ
729 2296 837 2384 ὀρθαί
852 2301 938 2365 εἰσιν
957 2300 996 2365 αί
1011 2308 1118 2365 πᾶσαι

99 2405 228 2483 γωνίαι.

169 2507 241 2574 155.
279 2504 418 2594 Ἰστέον,
452 2509 503 2576 ὅτι
530 2511 603 2577 τότε
627 2509 805 2597 δυνάμεθα
828 2507 995 2596 εὑρίσκειν
1018 2509 1119 2596 μήκει

100 2609 205 2699 ῥητὴν
232 2610 293 2699 τὴν
321 2609 567 2682 ὑποτείνουσαν
596 2613 736 2683 εὐθεῖαν
762 2614 826 2701 τὴν
849 2613 961 2702 ὀρθὴν
984 2620 1117 2700 γωνίαν

99 2714 161 2805 τὴν
184 2728 246 2787 τοῦ
270 2717 485 2808 ὀρθογωνίου
506 2719 690 2808 τριγώνου,
714 2719 769 2789 ὅτε
791 2721 847 2788 καὶ
870 2717 1043 2807 σκαληνὸν
1066 2729 1118 2808 είη

46 2851 82 2901 2⁶
99 2825 156 2893 καί
178 2824 237 2905 τάς
258 2824 320 2912 τὴν
340 2823 451 2913 ὀρθὴν
470 2832 599 2912 γωνίαν
617 2826 834 2914 περιεχούσας
851 2823 997 2912 πλευράς
1014 2824 1120 2915 ῥητὰς

100 2936 174 3020 ἔχη,
199 2930 254 3001 ὅτε
278 2932 315 3001 δὲ
339 2932 383 3020 μὴ
407 2932 564 3000 τοιοῦτόν
588 2934 693 3017 ἐστιν,
717 2930 791 3001 ἀλλ’
813 2932 997 3018 ἰσοσκελές,
1019 2931 1120 3019 μήκει

100 3037 162 3124 μὲν
182 3036 351 3126 οὐδαμῶς,
376 3036 519 3124 δυνάμει
539 3039 586 3124 δέ,
609 3041 725 3118 καθῶς
747 3039 803 3106 καί
825 3037 863 3106 τὸ
888 3042 936 3118 είς
957 3039 1020 3125 τὴν
1040 3063 1121 3125 προ-

174 3233 279 3289 154..b
354 3238 413 3288 155
432 3231 517 3287 B²b³.
613 3245 616 3251 '
733 3240 740 3253 '

100 3349 314 3360 ——.-.-.—

174 3405 1125 3492 αποκαιιασιαιμοιο.19.ΒΑ]Αωιη.ο.εο.ἔγγ]Β,

99 3474 403 3552 1]ιιὺ;ιοιτ“ὑ.ἔγοι.
