2362 3796
72 121 123 176 LII
357 123 628 175 PROLEGOMENA
647 125 798 180 CRITICA.

74 279 181 318 errores
205 262 252 317 uel
275 263 310 317 ab
328 263 446 318 Euclide
470 264 514 317 uel
539 280 556 318 a
579 264 702 320 librariis
721 267 863 322 commissi
882 270 959 333 suut3
988 283 1091 326 recon-

77 343 194 398 ditiores
213 343 301 410 enim,
325 344 358 395 ut
376 343 446 410 dixi,
469 360 525 398 non
547 343 696 400 intellexit.
734 344 816 400 huius
839 347 956 417 generis¹
969 350 1090 404 conatus

75 421 197 478 Theonis
215 423 259 477 his
277 422 348 478 locis
365 421 472 477 inueni:

145 502 197 571 VI,
222 508 254 556 19
278 501 408 557 Euchios
432 503 611 557 corollarium
636 503 748 557 eddidit
771 504 817 558 uix
840 506 910 560 satis
937 507 1001 576 ipsa
1022 525 1090 579 pro-

75 582 216 652 positione
234 583 436 637 confirmatnm.
468 597 556 650 quere
575 582 605 636 id
623 582 722 636 Theon
740 583 863 640 mutauit
880 587 1019 655 τρίγωνον
1035 607 1089 660 pro

76 659 152 725 εἶδος
174 679 312 731 reponens
337 663 366 716 et
384 661 538 730 genuinum
561 662 740 717 corollarium
763 665 829 733 post
846 662 893 733 Vl,
912 671 947 720 20
971 665 1090 722 demon·

77 741 210 796 stratione
230 742 328 796 addita
346 738 508 805 collocauit3
528 741 577 796 cfr.
596 740 623 795 Il
640 759 667 811 p.
688 747 738 796 131
758 745 815 797 not

144 820 192 889 IX,
214 827 246 875 19
265 823 342 875 recte
361 818 511 886 intellexit,
530 819 737 875 conclusionem
756 841 783 892 p.
803 827 863 890 884,
880 828 912 876 18
923 839 965 892 sq.
984 822 1090 880 falsam

77 917 150 970 esse,
170 902 230 955 siue
249 898 381 953 Euclides
400 897 474 967 ipse,
493 900 569 967 quod
588 901 678 970 megis
698 902 876 970 crediderim,
900 902 958 957 siue
977 902 1090 959 librarii

75 981 239 1036 errauerunt
267 978 302 1046 (si
325 977 433 1032 librarii
456 978 485 1032 in
510 980 593 1050 culpa
617 985 694 1050 sunt,
721 983 813 1036 totum
837 982 1089 1038 demonstrationis

73 1063 200 1116 tenorem
223 1059 417 1126 mutauerant,
445 1059 520 1127 quod
544 1076 644 1128 parum
668 1060 804 1115 credibile
828 1064 883 1128 est,
913 1062 937 1115 si
954 1061 1088 1119 Euclides

73 1157 172 1194 uerum
187 1137 322 1205 dederat).
351 1153 435 1206 quere
454 1139 544 1193 totam
564 1139 833 1194 demonstrationem
845 1139 1017 1210 immutauit,
1038 1143 1089 1198 sed

74 1235 175 1288 perum
193 1216 326 1282 feliciter;
344 1234 434 1287 neque
454 1219 529 1272 enim
543 1233 608 1273 eum
622 1234 718 1272 cesum
731 1221 893 1288 pertrectat,
912 1220 963 1276 ubi
976 1227 1008 1290 A,
1020 1228 1052 1293 B,
1064 1229 1092 1278 Γ

75 1297 207 1366 deinceps
226 1297 448 1367 proportionales
467 1316 524 1353 non
539 1301 616 1367 suut3
637 1315 671 1353 ee
683 1298 746 1368 ipse
759 1299 794 1354 de
808 1315 893 1354 causa
906 1301 936 1354 in
948 1299 1088 1371 προτάσει

74 1377 187 1447 scripsit
206 1377 234 1431 εἰ
251 1395 301 1447 pro
319 1376 387 1432 πόιε
406 1379 444 1448 (p.
463 1383 524 1448 384,
538 1385 563 1446 3,
580 1381 619 1447 6);
639 1379 688 1434 cfr.
706 1378 734 1431 ΙΙ
752 1397 778 1449 p.
798 1385 850 1433 385
868 1381 927 1435 not.

142 1459 174 1511 In
197 1456 276 1525 VIII,
295 1464 312 1512 4
336 1460 431 1512 eutem
454 1459 529 1528 quod
552 1453 695 1526 ἀνάλογον
717 1457 747 1512 in
769 1458 910 1528 plerisque
934 1461 1088 1518 Theoninis

73 1536 227 1605 omittitur,
250 1538 298 1592 uix
317 1536 508 1592 emendationi
526 1536 649 1591 Theonis
672 1538 801 1608 debetur,
829 1557 894 1594 nam
912 1558 940 1610 p.
959 1546 1021 1609 2⁷8,
1041 1546 1089 1609 183

72 1623 192 1684 280,14
215 1618 288 1673 inV
311 1618 440 1672 additum
463 1619 507 1672 est
530 1634 548 1671 a
571 1634 656 1672 manu
676 1625 704 1687 1,
732 1619 762 1672 in
781 1638 800 1688 q
822 1619 852 1672 in
870 1621 950 1674 textu
969 1622 1020 1674 est.
1058 1624 1090 1676 et

72 1697 192 1752 fortasse
210 1715 275 1752 usus
294 1698 427 1754 insolitus
445 1697 596 1753 uerborum
616 1691 681 1765 ἑξῆς
698 1693 840 1767 ἀνάλογον
859 1697 974 1753 defendi
991 1701 1089 1767 potest

72 1776 109 1847 (ll
127 1795 154 1847 p.
169 1783 221 1833 279
239 1777 350 1849 not.).*)

143 1857 190 1926 IX,
208 1865 240 1912 11
258 1859 438 1915 corollarium
452 1876 566 1930 prorsus
585 1856 774 1912 necessarium
787 1856 889 1926 omisit,
909 1856 1002 1926 credo,
1021 1857 1091 1927 quia

73 1937 109 1993 ob
129 1955 249 1993 errorem
274 1938 415 1993 scribendi
432 1957 459 2008 p.
480 1945 541 2008 362,
562 1944 594 1991 11
619 1933 692 1991 κατὰ
712 1932 762 1990 τόν
784 1952 834 2006 pro
854 1930 901 1990 ἐπὶ
919 1933 951 1990 τό
975 1953 1090 1992 sensum

73 2033 131 2071 non
148 2019 329 2087 perspiceret.
358 2019 444 2073 etiam
463 2018 501 2071 IV
515 2036 543 2087 p.
558 2023 618 2086 336,
634 2023 667 2071 19
687 2015 723 2070 ob
735 2014 904 2084 scripturam
921 2016 1088 2072 mendosam

73 2097 151 2166 (quid
168 2098 199 2152 in
217 2098 239 2151 P
257 2096 356 2165 fuerit,
379 2098 531 2167 nescimus,
551 2097 600 2152 sed
618 2111 717 2151 rasura
734 2094 797 2165 ipsa
817 2095 953 2162 ostendit,
976 2095 1090 2165 aliquid

71 2179 221 2248 peccatum
239 2176 337 2246 fuisse)
356 2176 545 2232 coniecturam
563 2175 718 2230 uiolentsm
737 2191 788 2229 uec
810 2172 992 2229 uerisimilem
1012 2171 1087 2245 (ἀλλ’

73 2254 142 2313 eddi
162 2253 254 2309 ἄλλων
273 2254 337 2324 δύο)
355 2256 533 2325 periclitatus
552 2272 612 2310 esse
630 2254 721 2309 uideri
738 2255 841 2323 potest.

143 2335 195 2388 His
218 2335 288 2390 locis
311 2335 411 2404 igitur,
437 2335 491 2390 etsi
515 2353 613 2391 uerum
631 2351 687 2389 non
705 2332 792 2402 uidit,
817 2333 925 2403 aliquid
944 2336 1040 2389 tamen
1058 2335 1089 2390 in

71 2412 249 2470 emendando
260 2417 372 2470 secutus
382 2417 427 2469 est
441 2416 470 2470 et
482 2419 559 2472 recte
574 2432 696 2470 errorem
710 2414 824 2469 subesse
838 2414 989 2484 perspexit.
1018 2414 1089 2469 alibi

71 2497 168 2549 autem
187 2495 246 2550 sine
266 2510 350 2549 causa
367 2496 455 2549 uerba
472 2495 598 2550 Euclidis
617 2495 691 2549 falsa
708 2495 787 2548 ratus
805 2512 894 2564 prauo
907 2493 1012 2548 iudicio
1027 2511 1088 2548 mu-

71 2573 160 2640 tauit,
185 2590 256 2643 quoe
280 2573 446 2643 diligentius
470 2574 661 2630 consideranti
678 2576 754 2628 recte
777 2574 825 2628 uel
843 2575 939 2628 saltim
957 2590 1020 2626 cum
1039 2589 1087 2626 ex-

77 2653 220 2708 cusatione
239 2653 315 2708 iusta
334 2653 479 2724 scripsisse
493 2655 625 2710 Euclides
644 2654 764 2708 uidetur.
793 2653 871 2708 cuius
890 2650 1000 2724 generis
1014 2651 1088 2708 hoec

73 2733 164 2789 babeo
183 2734 318 2801 exempla.

143 2811 191 2880 111,
211 2817 246 2865 24
269 2831 296 2882 p.
317 2817 383 2881 226,
403 2818 469 2884 8sq.
489 2810 554 2883 ἤτοι
573 2809 654 2875 ἐντὸς
672 2809 762 2867 αὐτοῦ
781 2819 910 2868 πεσεῖται
932 2807 950 2879 ἢ
970 2806 1051 2876 ἐκτὸς
1069 2809 1087 2883 ἢ

73 2887 248 2960 παραλλάξει
263 2887 300 2954 ὡς
314 2890 345 2946 τὸ
358 2897 454 2961 ΓΗΔ,
473 2893 522 2947 καὶ
536 2889 638 2955 κύκλος
651 2888 756 2946 κύκλον
770 2892 866 2961 τέμνει
880 2890 954 2946 κατὰ
968 2894 1088 2948 πλείονα

73 2977 175 3040 σημεῖα
193 2964 211 3038 ἢ
232 2968 297 3025 drio·
318 2968 389 3042 ὅπερ
409 2969 485 3028 ἐστὶν
504 2969 657 3040 ἀδύνατον,
676 2986 749 3040 quae
766 2972 855 3025 habet
868 2972 897 3039 P,
919 2971 1026 3039 optime
1045 2973 1088 3027 in-

74 3048 176 3119 tellegi
193 3055 325 3120 possunt,
344 3070 527 3122 quamquam,
551 3069 614 3106 cum
631 3050 720 3105 uerba
737 3049 786 3104 καὶ
805 3050 959 3113 κύκλος-
979 3047 1032 3104 δύο
1052 3052 1089 3106 ad

70 3131 246 3197 postremum
264 3132 375 3185 tantum
394 3133 550 3187 membrum
569 3126 762 3200 (παραλλάξει)
787 3129 957 3198 referantur,
980 3130 1090 3200 aliquid

143 3236 170 3304 ³⁸)
189 3237 338 3293 Euclidem
356 3254 413 3291 non
432 3253 541 3306 semper·
560 3236 681 3290 esitasse
700 3236 793 3289 uerbis
813 3253 831 3290 a
848 3254 877 3293 se
891 3236 1014 3292 definitis
1030 3236 1088 3292 alio

71 3321 186 3376 quoque
196 3324 279 3363 sensu
289 3309 340 3376 uti,
356 3308 530 3362 demonstrat
539 3323 605 3360 usus
615 3305 752 3387 formulae
767 3303 808 3361 δι’
819 3309 882 3363 ἴσον
896 3307 924 3360 Il
954 3313 1006 3364 ,13
1015 3311 1088 3373 not.;

71 3373 416 3519 tsslpllttlilttss‘d?
429 3378 835 3518 inl?'sllqillffnuffil
849 3395 921 3448 q...
944 3395 991 3433 ²¹⁰
1005 3381 1050 3434 ee
1063 3379 1089 3432 x
