<?xml version="1.0" encoding="UTF-8"?>
<!DOCTYPE html PUBLIC "-//W3C//DTD XHTML 1.0 Transitional//EN"
    "http://www.w3.org/TR/xhtml1/DTD/xhtml1-transitional.dtd">
<html xmlns="http://www.w3.org/1999/xhtml" xml:lang="en" lang="en">
 <head>
  <title>
</title>
<meta http-equiv="Content-Type" content="text/html;charset=utf-8" />
  <meta name='ocr-system' content='tesseract 3.04.00' />
  <meta name='ocr-capabilities' content='ocr_page ocr_carea ocr_par ocr_line ocrx_word'/>
</head>
<body>
  <div class='ocr_page' id='page_1' title='image "./euclidisoperaom02unkngoog_0699.png"; bbox 0 0 2362 3796; ppageno 0'>
   <div class='ocr_carea' id='block_1_1' title="bbox 88 157 947 224">
    <p class='ocr_par' dir='ltr' id='par_1_1' title="bbox 88 157 947 224">
     <span class='ocr_line' id='line_1_1' title="bbox 88 157 947 224; baseline -0.001 -10"><span class='ocrx_word' id='word_1_1' title='bbox 88 157 154 224; x_wconf 82' lang='grc'><strong><em>582</em></strong></span> <span class='ocrx_word' id='word_1_2' title='bbox 236 158 393 211; x_wconf 77' lang='lat' dir='ltr'><strong>scnom</strong></span> <span class='ocrx_word' id='word_1_3' title='bbox 410 159 449 211; x_wconf 82' lang='lat' dir='ltr'><strong><em>IN</em></strong></span> <span class='ocrx_word' id='word_1_4' title='bbox 467 158 742 211; x_wconf 72' lang='lat' dir='ltr'>ELEMENTORUM</span> <span class='ocrx_word' id='word_1_5' title='bbox 759 157 898 211; x_wconf 74' lang='lat' dir='ltr'>LIBRUM</span> <span class='ocrx_word' id='word_1_6' title='bbox 912 158 947 215; x_wconf 80' lang='grc' dir='ltr'><strong><em>Χ.</em></strong></span> 
     </span>
    </p>
   </div>
   <div class='ocr_carea' id='block_1_2' title="bbox 36 296 1117 1766">
    <p class='ocr_par' dir='ltr' id='par_1_2' title="bbox 86 296 1116 705">
     <span class='ocr_line' id='line_1_2' title="bbox 153 296 1116 387; baseline 0 -19"><span class='ocrx_word' id='word_1_7' title='bbox 153 302 229 368; x_wconf 82' lang='grc'><strong>450.</strong></span> <span class='ocrx_word' id='word_1_8' title='bbox 267 296 428 367; x_wconf 87' lang='grc' dir='ltr'><strong><em>Δυνατὸν</em></strong></span> <span class='ocrx_word' id='word_1_9' title='bbox 455 297 493 366; x_wconf 72' lang='grc' dir='ltr'><strong><em>δὲ</em></strong></span> <span class='ocrx_word' id='word_1_10' title='bbox 519 296 586 367; x_wconf 77' lang='grc' dir='ltr'><strong><em>ἀπὸ</em></strong></span> <span class='ocrx_word' id='word_1_11' title='bbox 610 298 716 385; x_wconf 85' lang='grc' dir='ltr'><strong><em>μέσου</em></strong></span> <span class='ocrx_word' id='word_1_12' title='bbox 743 296 847 387; x_wconf 72' lang='grc' dir='ltr'><strong><em>ῥητὸν</em></strong></span> <span class='ocrx_word' id='word_1_13' title='bbox 869 297 1116 387; x_wconf 73' lang='grc' dir='ltr'><strong><em>ἀφαιρεθῆναι</em></strong></span> 
     </span>
     <span class='ocr_line' id='line_1_3' title="bbox 87 403 1116 497; baseline 0.002 -25"><span class='ocrx_word' id='word_1_14' title='bbox 87 406 196 496; x_wconf 81' lang='grc' dir='ltr'><strong><em>τούτῳ</em></strong></span> <span class='ocrx_word' id='word_1_15' title='bbox 223 408 268 497; x_wconf 75' lang='grc' dir='ltr'><strong><em>τῷ</em></strong></span> <span class='ocrx_word' id='word_1_16' title='bbox 297 403 423 496; x_wconf 80' lang='grc' dir='ltr'><strong><em>τρόπῳ·</em></strong></span> <span class='ocrx_word' id='word_1_17' title='bbox 460 406 622 473; x_wconf 76' lang='grc' dir='ltr'><strong><em>ἐκκείσθω</em></strong></span> <span class='ocrx_word' id='word_1_18' title='bbox 650 404 752 494; x_wconf 73' lang='grc' dir='ltr'><strong><em>χωρίς</em></strong></span> <span class='ocrx_word' id='word_1_19' title='bbox 777 406 882 493; x_wconf 82' lang='grc' dir='ltr'><strong><em>μέσον</em></strong></span> <span class='ocrx_word' id='word_1_20' title='bbox 907 404 947 474; x_wconf 85' lang='grc' dir='ltr'><strong><em>τὸ</em></strong></span> <span class='ocrx_word' id='word_1_21' title='bbox 971 411 1116 475; x_wconf 86' lang='grc' dir='ltr'><em>ΒΑΓΔ</em></span> 
     </span>
     <span class='ocr_line' id='line_1_4' title="bbox 87 509 1116 601; baseline -0.002 -20"><span class='ocrx_word' id='word_1_22' title='bbox 87 511 327 600; x_wconf 70' lang='grc' dir='ltr'><strong><em>περιεχόμενον</em></strong></span> <span class='ocrx_word' id='word_1_23' title='bbox 358 510 425 580; x_wconf 77' lang='grc' dir='ltr'><strong><em>ὑπὸ</em></strong></span> <span class='ocrx_word' id='word_1_24' title='bbox 459 513 571 599; x_wconf 77' lang='grc' dir='ltr'><strong><em>ῥητῶν</em></strong></span> <span class='ocrx_word' id='word_1_25' title='bbox 599 509 742 597; x_wconf 76' lang='grc' dir='ltr'><em>δυνάμει</em></span> <span class='ocrx_word' id='word_1_26' title='bbox 769 509 877 598; x_wconf 79' lang='grc' dir='ltr'><strong><em>μόνον</em></strong></span> <span class='ocrx_word' id='word_1_27' title='bbox 903 512 1116 601; x_wconf 80' lang='grc' dir='ltr'><strong><em>συμμέτρων</em></strong></span> 
     </span>
     <span class='ocr_line' id='line_1_5' title="bbox 86 616 1116 705; baseline 0.001 -18"><span class='ocrx_word' id='word_1_28' title='bbox 86 623 154 687; x_wconf 80' lang='grc' dir='ltr'><strong><em>τῶν</em></strong></span> <span class='ocrx_word' id='word_1_29' title='bbox 187 626 263 705; x_wconf 87' lang='grc' dir='ltr'><strong><em>ΒΑ,</em></strong></span> <span class='ocrx_word' id='word_1_30' title='bbox 287 624 366 703; x_wconf 85' lang='grc' dir='ltr'><strong><em>ΓΔ,</em></strong></span> <span class='ocrx_word' id='word_1_31' title='bbox 402 616 459 686; x_wconf 81' lang='grc' dir='ltr'><strong><em>καὶ</em></strong></span> <span class='ocrx_word' id='word_1_32' title='bbox 491 623 574 686; x_wconf 79' lang='grc' dir='ltr'><strong><em>ἔστω</em></strong></span> <span class='ocrx_word' id='word_1_33' title='bbox 607 616 759 685; x_wconf 79' lang='grc' dir='ltr'><strong><em>ἐλάσσων</em></strong></span> <span class='ocrx_word' id='word_1_34' title='bbox 790 616 811 704; x_wconf 76' lang='grc' dir='ltr'>ἡ</span> <span class='ocrx_word' id='word_1_35' title='bbox 835 624 912 685; x_wconf 88' lang='grc' dir='ltr'><strong><em>ΒΑ.</em></strong></span> <span class='ocrx_word' id='word_1_36' title='bbox 965 617 1027 685; x_wconf 78' lang='grc' dir='ltr'><strong><em>καὶ</em></strong></span> <span class='ocrx_word' id='word_1_37' title='bbox 1062 620 1116 688; x_wconf 76' lang='grc' dir='ltr'><strong><em>ἐκ·</em></strong></span> 
     </span>
    </p>

    <p class='ocr_par' dir='ltr' id='par_1_3' title="bbox 52 720 1117 1238">
     <span class='ocr_line' id='line_1_6' title="bbox 52 720 1117 813; baseline 0.001 -21"><span class='ocrx_word' id='word_1_38' title='bbox 52 729 280 799; x_wconf 78' lang='grc' dir='ltr'><strong><em>εκείσθωσαν</em></strong></span> <span class='ocrx_word' id='word_1_39' title='bbox 304 722 368 792; x_wconf 80' lang='grc' dir='ltr'><strong><em>δύο</em></strong></span> <span class='ocrx_word' id='word_1_40' title='bbox 390 720 533 811; x_wconf 71' lang='grc' dir='ltr'><strong><em>ἀριθμοὶ</em></strong></span> <span class='ocrx_word' id='word_1_41' title='bbox 556 727 592 791; x_wconf 84' lang='grc' dir='ltr'><strong><em>οί</em></strong></span> <span class='ocrx_word' id='word_1_42' title='bbox 613 729 653 808; x_wconf 87' lang='grc' dir='ltr'><strong><em>Ζ,</em></strong></span> <span class='ocrx_word' id='word_1_43' title='bbox 675 730 713 790; x_wconf 88' lang='lat' dir='ltr'><em>H</em></span> <span class='ocrx_word' id='word_1_44' title='bbox 737 721 842 808; x_wconf 87' lang='grc' dir='ltr'><strong><em>λόγον</em></strong></span> <span class='ocrx_word' id='word_1_45' title='bbox 865 727 1002 810; x_wconf 77' lang='grc' dir='ltr'><strong><em>ἔχοντες</em></strong></span> <span class='ocrx_word' id='word_1_46' title='bbox 1024 723 1117 813; x_wconf 72' lang='grc' dir='ltr'><strong><em>πρὸς</em></strong></span> 
     </span>
     <span class='ocr_line' id='line_1_7' title="bbox 88 826 1116 917; baseline 0.003 -19"><span class='ocrx_word' id='word_1_47' title='bbox 88 828 270 917; x_wconf 80' lang='grc' dir='ltr'><strong><em>ἀλλήλους,</em></strong></span> <span class='ocrx_word' id='word_1_48' title='bbox 303 826 346 898; x_wconf 77' lang='grc' dir='ltr'><strong><em>ὃν</em></strong></span> <span class='ocrx_word' id='word_1_49' title='bbox 375 828 585 917; x_wconf 77' lang='grc' dir='ltr'><strong><em>τετράγωνος</em></strong></span> <span class='ocrx_word' id='word_1_50' title='bbox 612 826 760 916; x_wconf 76' lang='grc' dir='ltr'><strong><em>ἀριθμὸς</em></strong></span> <span class='ocrx_word' id='word_1_51' title='bbox 786 828 869 916; x_wconf 77' lang='grc' dir='ltr'><strong><em>πρὸς</em></strong></span> <span class='ocrx_word' id='word_1_52' title='bbox 890 828 1116 916; x_wconf 79' lang='grc' dir='ltr'><strong><em>τετράγωνον</em></strong></span> 
     </span>
     <span class='ocr_line' id='line_1_8' title="bbox 88 935 923 1024; baseline 0.001 -20"><span class='ocrx_word' id='word_1_53' title='bbox 88 935 253 1024; x_wconf 78' lang='grc' dir='ltr'><strong><em>ἀριθμόν,</em></strong></span> <span class='ocrx_word' id='word_1_54' title='bbox 280 935 336 1005; x_wconf 82' lang='grc' dir='ltr'><strong><em>καὶ</em></strong></span> <span class='ocrx_word' id='word_1_55' title='bbox 364 942 447 1005; x_wconf 82' lang='grc' dir='ltr'><strong><em>έστω</em></strong></span> <span class='ocrx_word' id='word_1_56' title='bbox 475 942 595 1023; x_wconf 80' lang='grc' dir='ltr'><strong><em>μείζων</em></strong></span> <span class='ocrx_word' id='word_1_57' title='bbox 622 957 644 1007; x_wconf 77' lang='lat' dir='ltr'><em>A</em></span> <span class='ocrx_word' id='word_1_58' title='bbox 726 955 752 1007; x_wconf 83' lang='grc' dir='ltr'><strong><em>Γι</em></strong></span> <span class='ocrx_word' id='word_1_59' title='bbox 896 955 923 1005; x_wconf 87' lang='grc' dir='ltr'>Γ</span> 
     </span>
     <span class='ocr_line' id='line_1_9' title="bbox 88 1042 596 1129; baseline -0.01 -16"><span class='ocrx_word' id='word_1_60' title='bbox 88 1043 106 1113; x_wconf 85' lang='grc' dir='ltr'>ὁ</span> <span class='ocrx_word' id='word_1_61' title='bbox 132 1050 171 1128; x_wconf 88' lang='grc' dir='ltr'><strong><em>Ζ,</em></strong></span> <span class='ocrx_word' id='word_1_62' title='bbox 193 1043 250 1111; x_wconf 81' lang='grc' dir='ltr'><strong><em>καὶ</em></strong></span> <span class='ocrx_word' id='word_1_63' title='bbox 272 1042 436 1129; x_wconf 76' lang='grc' dir='ltr'><strong><em>γεγονέτω</em></strong></span> <span class='ocrx_word' id='word_1_64' title='bbox 460 1042 506 1122; x_wconf 75' lang='grc' dir='ltr'><strong><em>ὡς</em></strong></span> <span class='ocrx_word' id='word_1_65' title='bbox 529 1042 547 1111; x_wconf 83' lang='grc' dir='ltr'>ὁ</span> <span class='ocrx_word' id='word_1_66' title='bbox 569 1049 596 1108; x_wconf 91' lang='grc' dir='ltr'>Ζ</span> 
     </span>
     <span class='ocr_line' id='line_1_10' title="bbox 87 1145 595 1238; baseline -0.002 -22"><span class='ocrx_word' id='word_1_67' title='bbox 87 1147 170 1238; x_wconf 77' lang='grc' dir='ltr'><strong><em>πρὸς</em></strong></span> <span class='ocrx_word' id='word_1_68' title='bbox 187 1147 249 1218; x_wconf 89' lang='grc' dir='ltr'><strong><em>τὸν</em></strong></span> <span class='ocrx_word' id='word_1_69' title='bbox 263 1155 309 1234; x_wconf 87' lang='grc' dir='ltr'><strong><em>Η,</em></strong></span> <span class='ocrx_word' id='word_1_70' title='bbox 333 1145 439 1228; x_wconf 75' lang='grc' dir='ltr'><strong><em>οὕτως</em></strong></span> <span class='ocrx_word' id='word_1_71' title='bbox 456 1147 477 1235; x_wconf 83' lang='grc' dir='ltr'><em>ἡ</em></span> <span class='ocrx_word' id='word_1_72' title='bbox 502 1146 595 1217; x_wconf 83' lang='grc' dir='ltr'><strong><em>έλοίσ-</em></strong></span> 
     </span>
    </p>

    <p class='ocr_par' dir='ltr' id='par_1_4' title="bbox 36 1253 1117 1766">
     <span class='ocr_line' id='line_1_11' title="bbox 36 1253 646 1343; baseline -0.011 -13"><span class='ocrx_word' id='word_1_73' title='bbox 36 1279 70 1329; x_wconf 90' lang='lat'><strong><em>10</em></strong></span> <span class='ocrx_word' id='word_1_74' title='bbox 88 1274 159 1323; x_wconf 92' lang='grc' dir='ltr'><strong><em>σων</em></strong></span> <span class='ocrx_word' id='word_1_75' title='bbox 181 1255 201 1341; x_wconf 80' lang='grc' dir='ltr'><em>ἡ</em></span> <span class='ocrx_word' id='word_1_76' title='bbox 222 1262 290 1323; x_wconf 89' lang='grc' dir='ltr'><strong><em>ΒΑ</em></strong></span> <span class='ocrx_word' id='word_1_77' title='bbox 310 1253 395 1341; x_wconf 81' lang='grc' dir='ltr'><strong><em>τρός</em></strong></span> <span class='ocrx_word' id='word_1_78' title='bbox 417 1255 517 1343; x_wconf 83' lang='grc' dir='ltr'><strong><em>μέρος</em></strong></span> <span class='ocrx_word' id='word_1_79' title='bbox 538 1257 596 1340; x_wconf 75' lang='grc' dir='ltr'><strong><em>τῆς</em></strong></span> <span class='ocrx_word' id='word_1_80' title='bbox 624 1259 646 1309; x_wconf 87' lang='grc' dir='ltr'><strong><em>Β</em></strong></span> 
     </span>
     <span class='ocr_line' id='line_1_12' title="bbox 88 1356 1117 1450; baseline 0.002 -21"><span class='ocrx_word' id='word_1_81' title='bbox 88 1367 239 1449; x_wconf 74' lang='grc' dir='ltr'><strong><em>μείζονος</em></strong></span> <span class='ocrx_word' id='word_1_82' title='bbox 261 1366 320 1447; x_wconf 78' lang='grc' dir='ltr'><strong><em>τῆς</em></strong></span> <span class='ocrx_word' id='word_1_83' title='bbox 339 1366 414 1445; x_wconf 87' lang='grc' dir='ltr'><strong><em>ΑΓ,</em></strong></span> <span class='ocrx_word' id='word_1_84' title='bbox 436 1359 585 1429; x_wconf 83' lang='grc' dir='ltr'><strong><em>τουτέστι</em></strong></span> <span class='ocrx_word' id='word_1_85' title='bbox 608 1358 671 1447; x_wconf 83' lang='grc' dir='ltr'><strong><em>τὴν</em></strong></span> <span class='ocrx_word' id='word_1_86' title='bbox 690 1366 766 1428; x_wconf 86' lang='grc' dir='ltr'><strong><em>ΑΕ.</em></strong></span> <span class='ocrx_word' id='word_1_87' title='bbox 802 1359 824 1446; x_wconf 82' lang='grc' dir='ltr'><em>ἡ</em></span> <span class='ocrx_word' id='word_1_88' title='bbox 843 1367 910 1427; x_wconf 90' lang='lat' dir='ltr'><strong><em>BA</em></strong></span> <span class='ocrx_word' id='word_1_89' title='bbox 932 1356 1002 1446; x_wconf 76' lang='grc' dir='ltr'><strong><em>ἄρα</em></strong></span> <span class='ocrx_word' id='word_1_90' title='bbox 1027 1361 1117 1450; x_wconf 84' lang='grc' dir='ltr'><strong><em>σύμ-</em></strong></span> 
     </span>
     <span class='ocr_line' id='line_1_13' title="bbox 87 1463 1116 1556; baseline 0.001 -20"><span class='ocrx_word' id='word_1_91' title='bbox 87 1469 208 1556; x_wconf 81' lang='grc' dir='ltr'><strong><em>μετρός</em></strong></span> <span class='ocrx_word' id='word_1_92' title='bbox 231 1471 300 1536; x_wconf 83' lang='grc' dir='ltr'><strong><em>ἐστι</em></strong></span> <span class='ocrx_word' id='word_1_93' title='bbox 323 1469 420 1554; x_wconf 78' lang='grc' dir='ltr'><strong><em>μήκει</em></strong></span> <span class='ocrx_word' id='word_1_94' title='bbox 442 1469 483 1554; x_wconf 78' lang='grc' dir='ltr'><strong><em>τῇ</em></strong></span> <span class='ocrx_word' id='word_1_95' title='bbox 502 1475 534 1534; x_wconf 88' lang='grc' dir='ltr'><em>Α</em></span> <span class='ocrx_word' id='word_1_96' title='bbox 540 1474 577 1534; x_wconf 84' lang='grc' dir='ltr'><strong><em>Ε.</em></strong></span> <span class='ocrx_word' id='word_1_97' title='bbox 615 1464 699 1534; x_wconf 77' lang='grc' dir='ltr'><strong><em>ὥστε</em></strong></span> <span class='ocrx_word' id='word_1_98' title='bbox 721 1465 778 1534; x_wconf 81' lang='grc' dir='ltr'><strong><em>καὶ</em></strong></span> <span class='ocrx_word' id='word_1_99' title='bbox 795 1463 834 1534; x_wconf 87' lang='grc' dir='ltr'><strong><em>τὸ</em></strong></span> <span class='ocrx_word' id='word_1_100' title='bbox 852 1465 919 1534; x_wconf 80' lang='grc' dir='ltr'><strong><em>ὑιιο</em></strong></span> <span class='ocrx_word' id='word_1_101' title='bbox 937 1468 1010 1534; x_wconf 79' lang='grc' dir='ltr'><strong><em>τῶν</em></strong></span> <span class='ocrx_word' id='word_1_102' title='bbox 1031 1474 1065 1536; x_wconf 89' lang='grc' dir='ltr'><strong><em>Β</em></strong></span> <span class='ocrx_word' id='word_1_103' title='bbox 1072 1479 1116 1556; x_wconf 86' lang='lat' dir='ltr'><strong><em>A,</em></strong></span> 
     </span>
     <span class='ocr_line' id='line_1_14' title="bbox 88 1569 1114 1661; baseline 0.006 -21"><span class='ocrx_word' id='word_1_104' title='bbox 88 1582 158 1641; x_wconf 84' lang='grc' dir='ltr'><strong><em>ΑΕ</em></strong></span> <span class='ocrx_word' id='word_1_105' title='bbox 186 1572 425 1660; x_wconf 80' lang='grc' dir='ltr'><strong><em>περιεχόμενον</em></strong></span> <span class='ocrx_word' id='word_1_106' title='bbox 458 1572 562 1659; x_wconf 81' lang='grc' dir='ltr'><strong><em>ῥητόν</em></strong></span> <span class='ocrx_word' id='word_1_107' title='bbox 594 1576 698 1642; x_wconf 81' lang='grc' dir='ltr'><strong><em>ἐστιν·</em></strong></span> <span class='ocrx_word' id='word_1_108' title='bbox 739 1573 795 1640; x_wconf 86' lang='grc' dir='ltr'><strong><em>καὶ</em></strong></span> <span class='ocrx_word' id='word_1_109' title='bbox 831 1569 1004 1661; x_wconf 73' lang='grc' dir='ltr'><strong><em>ἀφῄρηται</em></strong></span> <span class='ocrx_word' id='word_1_110' title='bbox 1041 1573 1114 1645; x_wconf 75' lang='grc' dir='ltr'><strong><em>ἀπὸ</em></strong></span> 
     </span>
     <span class='ocr_line' id='line_1_15' title="bbox 89 1680 825 1766; baseline -0.001 -19"><span class='ocrx_word' id='word_1_111' title='bbox 89 1680 194 1766; x_wconf 87' lang='grc' dir='ltr'><strong><em>μέσον</em></strong></span> <span class='ocrx_word' id='word_1_112' title='bbox 215 1683 277 1748; x_wconf 81' lang='grc' dir='ltr'><strong><em>τοῦ</em></strong></span> <span class='ocrx_word' id='word_1_113' title='bbox 300 1684 371 1747; x_wconf 88' lang='grc' dir='ltr'><strong><em>ΒΓ.</em></strong></span> <span class='ocrx_word' id='word_1_114' title='bbox 822 1696 825 1701; x_wconf 85' lang='grc'><strong>’</strong></span> 
     </span>
    </p>
   </div>
   <div class='ocr_carea' id='block_1_3' title="bbox 36 1873 733 1961">
    <p class='ocr_par' dir='ltr' id='par_1_5' title="bbox 36 1873 733 1961">
     <span class='ocr_line' id='line_1_16' title="bbox 36 1873 733 1961; baseline 0 -21"><span class='ocrx_word' id='word_1_115' title='bbox 36 1899 70 1950; x_wconf 74' lang='lat'><strong><em>15</em></strong></span> <span class='ocrx_word' id='word_1_116' title='bbox 459 1875 514 1940; x_wconf 88' lang='lat' dir='ltr'><strong><em>Ad</em></strong></span> <span class='ocrx_word' id='word_1_117' title='bbox 538 1898 642 1961; x_wconf 90' lang='lat' dir='ltr'><strong>prop.</strong></span> <span class='ocrx_word' id='word_1_118' title='bbox 667 1873 733 1941; x_wconf 81' lang='lat' dir='ltr'><strong><em>CX.</em></strong></span> 
     </span>
    </p>
   </div>
   <div class='ocr_carea' id='block_1_4' title="bbox 36 1991 1118 2614">
    <p class='ocr_par' dir='ltr' id='par_1_6' title="bbox 89 1991 1118 2404">
     <span class='ocr_line' id='line_1_17' title="bbox 155 1991 1118 2089; baseline 0.004 -24"><span class='ocrx_word' id='word_1_119' title='bbox 155 2001 230 2066; x_wconf 87' lang='lat'><strong><em>451.</em></strong></span> <span class='ocrx_word' id='word_1_120' title='bbox 268 1997 431 2067; x_wconf 87' lang='grc' dir='ltr'><strong><em>Δυνατὸν</em></strong></span> <span class='ocrx_word' id='word_1_121' title='bbox 454 1997 492 2066; x_wconf 76' lang='grc' dir='ltr'><strong><em>δὲ</em></strong></span> <span class='ocrx_word' id='word_1_122' title='bbox 510 1995 578 2067; x_wconf 80' lang='grc' dir='ltr'><strong><em>ἀπὸ</em></strong></span> <span class='ocrx_word' id='word_1_123' title='bbox 598 1999 703 2085; x_wconf 83' lang='grc' dir='ltr'><strong><em>μέσου</em></strong></span> <span class='ocrx_word' id='word_1_124' title='bbox 721 1995 824 2084; x_wconf 86' lang='grc' dir='ltr'><strong><em>μέσον</em></strong></span> <span class='ocrx_word' id='word_1_125' title='bbox 842 1991 982 2083; x_wconf 81' lang='grc' dir='ltr'><strong><em>ἆφελείν</em></strong></span> <span class='ocrx_word' id='word_1_126' title='bbox 1002 1994 1118 2089; x_wconf 78' lang='grc' dir='ltr'><strong><em>ἀσύμ-</em></strong></span> 
     </span>
     <span class='ocr_line' id='line_1_18' title="bbox 89 2100 1118 2197; baseline 0.006 -25"><span class='ocrx_word' id='word_1_127' title='bbox 89 2131 211 2191; x_wconf 86' lang='grc' dir='ltr'><strong><em>μετρον</em></strong></span> <span class='ocrx_word' id='word_1_128' title='bbox 234 2107 279 2197; x_wconf 78' lang='grc' dir='ltr'><strong><em>τῳ</em></strong></span> <span class='ocrx_word' id='word_1_129' title='bbox 304 2104 372 2195; x_wconf 81' lang='grc' dir='ltr'><strong><em>ὅλῳ</em></strong></span> <span class='ocrx_word' id='word_1_130' title='bbox 395 2106 506 2196; x_wconf 84' lang='grc' dir='ltr'><strong><em>τρόπῳ</em></strong></span> <span class='ocrx_word' id='word_1_131' title='bbox 530 2102 686 2195; x_wconf 84' lang='grc' dir='ltr'><strong><em>τοιούτῳ·</em></strong></span> <span class='ocrx_word' id='word_1_132' title='bbox 710 2108 859 2171; x_wconf 81' lang='grc' dir='ltr'><strong><em>ἔστωσαν</em></strong></span> <span class='ocrx_word' id='word_1_133' title='bbox 883 2100 947 2170; x_wconf 78' lang='grc' dir='ltr'><strong><em>δύο</em></strong></span> <span class='ocrx_word' id='word_1_134' title='bbox 972 2101 1118 2177; x_wconf 74' lang='grc' dir='ltr'><strong><em>εὐθεῖαι</em></strong></span> 
     </span>
     <span class='ocr_line' id='line_1_19' title="bbox 90 2207 1118 2299; baseline 0.004 -22"><span class='ocrx_word' id='word_1_135' title='bbox 90 2209 232 2297; x_wconf 77' lang='grc' dir='ltr'><strong><em>δυνάμει</em></strong></span> <span class='ocrx_word' id='word_1_136' title='bbox 257 2209 462 2299; x_wconf 80' lang='grc' dir='ltr'><strong><em>ἀσύμμετροι</em></strong></span> <span class='ocrx_word' id='word_1_137' title='bbox 487 2220 646 2278; x_wconf 82' lang='grc' dir='ltr'><strong><em>ποιοῦσαι</em></strong></span> <span class='ocrx_word' id='word_1_138' title='bbox 672 2207 711 2278; x_wconf 89' lang='grc' dir='ltr'><strong><em>τὸ</em></strong></span> <span class='ocrx_word' id='word_1_139' title='bbox 741 2208 802 2295; x_wconf 75' lang='grc' dir='ltr'><strong><em>μὲν</em></strong></span> <span class='ocrx_word' id='word_1_140' title='bbox 826 2213 1053 2295; x_wconf 77' lang='grc' dir='ltr'><strong><em>συγκείμενον</em></strong></span> <span class='ocrx_word' id='word_1_141' title='bbox 1080 2219 1118 2285; x_wconf 81' lang='grc' dir='ltr'><strong><em>ἐκ</em></strong></span> 
     </span>
     <span class='ocr_line' id='line_1_20' title="bbox 89 2310 1117 2404; baseline 0.003 -20"><span class='ocrx_word' id='word_1_142' title='bbox 89 2320 158 2384; x_wconf 81' lang='grc' dir='ltr'><strong><em>των</em></strong></span> <span class='ocrx_word' id='word_1_143' title='bbox 180 2314 237 2384; x_wconf 78' lang='grc' dir='ltr'><strong><em>ἀπ’</em></strong></span> <span class='ocrx_word' id='word_1_144' title='bbox 264 2314 376 2385; x_wconf 76' lang='grc' dir='ltr'><strong><em>αὐτῶν</em></strong></span> <span class='ocrx_word' id='word_1_145' title='bbox 399 2316 619 2404; x_wconf 76' lang='grc' dir='ltr'><strong><em>τετραγώνων</em></strong></span> <span class='ocrx_word' id='word_1_146' title='bbox 642 2318 746 2402; x_wconf 84' lang='grc' dir='ltr'><strong><em>μέσον</em></strong></span> <span class='ocrx_word' id='word_1_147' title='bbox 769 2315 824 2382; x_wconf 78' lang='grc' dir='ltr'><strong><em>καὶ</em></strong></span> <span class='ocrx_word' id='word_1_148' title='bbox 847 2311 885 2382; x_wconf 85' lang='grc' dir='ltr'><strong><em>τὸ</em></strong></span> <span class='ocrx_word' id='word_1_149' title='bbox 909 2310 969 2381; x_wconf 81' lang='grc' dir='ltr'><strong><em>ὑπ’</em></strong></span> <span class='ocrx_word' id='word_1_150' title='bbox 992 2315 1117 2392; x_wconf 78' lang='grc' dir='ltr'><strong><em>αὐτῶν</em></strong></span> 
     </span>
    </p>

    <p class='ocr_par' dir='ltr' id='par_1_7' title="bbox 36 2419 1116 2614">
     <span class='ocr_line' id='line_1_21' title="bbox 36 2419 1114 2514; baseline 0.006 -26"><span class='ocrx_word' id='word_1_151' title='bbox 36 2448 71 2499; x_wconf 75' lang='lat'><strong><em>20</em></strong></span> <span class='ocrx_word' id='word_1_152' title='bbox 90 2423 194 2510; x_wconf 82' lang='grc' dir='ltr'><strong><em>μέσον</em></strong></span> <span class='ocrx_word' id='word_1_153' title='bbox 216 2423 271 2490; x_wconf 78' lang='grc' dir='ltr'><strong><em>καὶ</em></strong></span> <span class='ocrx_word' id='word_1_154' title='bbox 296 2427 344 2489; x_wconf 84' lang='grc' dir='ltr'><strong><em>ἔτι</em></strong></span> <span class='ocrx_word' id='word_1_155' title='bbox 367 2419 580 2510; x_wconf 81' lang='grc' dir='ltr'><strong><em>ἀσύμμετρον</em></strong></span> <span class='ocrx_word' id='word_1_156' title='bbox 603 2426 648 2514; x_wconf 80' lang='grc' dir='ltr'><strong><em>τῷ</em></strong></span> <span class='ocrx_word' id='word_1_157' title='bbox 673 2423 878 2512; x_wconf 76' lang='grc' dir='ltr'><strong><em>συγκειμένῳ</em></strong></span> <span class='ocrx_word' id='word_1_158' title='bbox 903 2421 939 2487; x_wconf 87' lang='grc' dir='ltr'><strong><em>έκ</em></strong></span> <span class='ocrx_word' id='word_1_159' title='bbox 956 2425 1029 2490; x_wconf 79' lang='grc' dir='ltr'><strong><em>τῶν</em></strong></span> <span class='ocrx_word' id='word_1_160' title='bbox 1051 2425 1114 2496; x_wconf 76' lang='grc' dir='ltr'><strong><em>ἄττ’</em></strong></span> 
     </span>
     <span class='ocr_line' id='line_1_22' title="bbox 90 2524 1116 2614; baseline 0.003 -19"><span class='ocrx_word' id='word_1_161' title='bbox 90 2527 203 2596; x_wconf 78' lang='grc' dir='ltr'><strong><em>αὐτῶν</em></strong></span> <span class='ocrx_word' id='word_1_162' title='bbox 225 2524 264 2595; x_wconf 88' lang='grc' dir='ltr'><strong><em>τὸ</em></strong></span> <span class='ocrx_word' id='word_1_163' title='bbox 287 2524 345 2594; x_wconf 83' lang='grc' dir='ltr'><strong><em>ὑπ’</em></strong></span> <span class='ocrx_word' id='word_1_164' title='bbox 367 2524 490 2614; x_wconf 80' lang='grc' dir='ltr'><strong><em>αὐτῶν,</em></strong></span> <span class='ocrx_word' id='word_1_165' title='bbox 512 2529 569 2596; x_wconf 84' lang='grc' dir='ltr'><strong><em>καὶ</em></strong></span> <span class='ocrx_word' id='word_1_166' title='bbox 590 2527 784 2603; x_wconf 78' lang='grc' dir='ltr'><strong><em>συνεστάτω,</em></strong></span> <span class='ocrx_word' id='word_1_167' title='bbox 807 2549 829 2598; x_wconf 85' lang='lat' dir='ltr'><em>A</em></span> <span class='ocrx_word' id='word_1_168' title='bbox 911 2547 936 2597; x_wconf 89' lang='grc' dir='ltr'><strong>Ε</strong></span> <span class='ocrx_word' id='word_1_169' title='bbox 1093 2559 1116 2607; x_wconf 84' lang='lat' dir='ltr'><strong><em>B</em></strong></span> 
     </span>
    </p>
   </div>
   <div class='ocr_carea' id='block_1_5' title="bbox 38 2631 1115 3378">
    <p class='ocr_par' dir='ltr' id='par_1_8' title="bbox 38 2631 1115 3378">
     <span class='ocr_line' id='line_1_23' title="bbox 89 2631 780 2728; baseline 0.004 -27"><span class='ocrx_word' id='word_1_170' title='bbox 89 2639 134 2724; x_wconf 75' lang='grc' dir='ltr'><strong><em>τῷ</em></strong></span> <span class='ocrx_word' id='word_1_171' title='bbox 150 2637 185 2702; x_wconf 90' lang='grc' dir='ltr'><strong><em>έκ</em></strong></span> <span class='ocrx_word' id='word_1_172' title='bbox 199 2638 268 2701; x_wconf 78' lang='grc' dir='ltr'><strong><em>τῶν</em></strong></span> <span class='ocrx_word' id='word_1_173' title='bbox 282 2631 341 2701; x_wconf 78' lang='grc' dir='ltr'><strong><em>ἀπ’</em></strong></span> <span class='ocrx_word' id='word_1_174' title='bbox 358 2631 470 2703; x_wconf 79' lang='grc' dir='ltr'><strong><em>αὐτῶν</em></strong></span> <span class='ocrx_word' id='word_1_175' title='bbox 484 2637 688 2728; x_wconf 76' lang='grc' dir='ltr'><strong><em>συγκειμένῳ</em></strong></span> <span class='ocrx_word' id='word_1_176' title='bbox 704 2644 780 2704; x_wconf 88' lang='grc' dir='ltr'><strong><em>ίσον</em></strong></span> 
     </span>
     <span class='ocr_line' id='line_1_24' title="bbox 90 2739 781 2810; baseline 0 -2"><span class='ocrx_word' id='word_1_177' title='bbox 90 2739 127 2808; x_wconf 88' lang='grc' dir='ltr'><strong><em>τὸ</em></strong></span> <span class='ocrx_word' id='word_1_178' title='bbox 152 2747 295 2808; x_wconf 87' lang='grc' dir='ltr'><em>ΑΒΓΔ.</em></span> <span class='ocrx_word' id='word_1_179' title='bbox 340 2741 396 2808; x_wconf 83' lang='grc' dir='ltr'><strong><em>καὶ</em></strong></span> <span class='ocrx_word' id='word_1_180' title='bbox 424 2741 494 2809; x_wconf 80' lang='grc' dir='ltr'><strong><em>έτιεὶ</em></strong></span> <span class='ocrx_word' id='word_1_181' title='bbox 521 2740 559 2809; x_wconf 88' lang='grc' dir='ltr'><strong><em>τὸ</em></strong></span> <span class='ocrx_word' id='word_1_182' title='bbox 583 2739 642 2809; x_wconf 81' lang='grc' dir='ltr'><strong><em>ὑπ’</em></strong></span> <span class='ocrx_word' id='word_1_183' title='bbox 668 2739 781 2810; x_wconf 78' lang='grc' dir='ltr'><strong><em>αὐτῶν</em></strong></span> 
     </span>
     <span class='ocr_line' id='line_1_25' title="bbox 91 2846 1107 2934; baseline 0.002 -20"><span class='ocrx_word' id='word_1_184' title='bbox 91 2846 235 2916; x_wconf 78' lang='grc' dir='ltr'><strong><em>ἔλασσόν</em></strong></span> <span class='ocrx_word' id='word_1_185' title='bbox 255 2849 324 2915; x_wconf 89' lang='grc' dir='ltr'><strong><em>έστι</em></strong></span> <span class='ocrx_word' id='word_1_186' title='bbox 342 2849 403 2915; x_wconf 85' lang='grc' dir='ltr'><strong><em>τοῦ</em></strong></span> <span class='ocrx_word' id='word_1_187' title='bbox 421 2848 642 2934; x_wconf 82' lang='grc' dir='ltr'><strong><em>συγκειμένου</em></strong></span> <span class='ocrx_word' id='word_1_188' title='bbox 660 2849 780 2916; x_wconf 78' lang='grc' dir='ltr'><strong><em>ἐκτῶν</em></strong></span> <span class='ocrx_word' id='word_1_189' title='bbox 810 2851 836 2901; x_wconf 89' lang='grc' dir='ltr'>Γ</span> <span class='ocrx_word' id='word_1_190' title='bbox 1079 2861 1107 2908; x_wconf 84' lang='grc' dir='ltr'><em>Δ</em></span> 
     </span>
     <span class='ocr_line' id='line_1_26' title="bbox 38 2950 1114 3042; baseline 0.008 -22"><span class='ocrx_word' id='word_1_191' title='bbox 38 2978 72 3028; x_wconf 78' lang='lat'><strong><em>25</em></strong></span> <span class='ocrx_word' id='word_1_192' title='bbox 92 2950 148 3020; x_wconf 78' lang='grc' dir='ltr'><strong><em>ἀπ’</em></strong></span> <span class='ocrx_word' id='word_1_193' title='bbox 166 2950 290 3036; x_wconf 74' lang='grc' dir='ltr'><strong><em>αὐτῶν,</em></strong></span> <span class='ocrx_word' id='word_1_194' title='bbox 314 2950 508 3042; x_wconf 76' lang='grc' dir='ltr'><strong><em>ἀφῃρήσθω</em></strong></span> <span class='ocrx_word' id='word_1_195' title='bbox 527 2951 592 3021; x_wconf 82' lang='grc' dir='ltr'><strong><em>ἄτιὸ</em></strong></span> <span class='ocrx_word' id='word_1_196' title='bbox 611 2955 672 3021; x_wconf 80' lang='grc' dir='ltr'><strong><em>τοῦ</em></strong></span> <span class='ocrx_word' id='word_1_197' title='bbox 691 2957 842 3041; x_wconf 80' lang='grc' dir='ltr'><strong><em>μείζονος</em></strong></span> <span class='ocrx_word' id='word_1_198' title='bbox 859 2954 921 3021; x_wconf 82' lang='grc' dir='ltr'><strong><em>τοῦ</em></strong></span> <span class='ocrx_word' id='word_1_199' title='bbox 935 2961 967 3020; x_wconf 88' lang='lat' dir='ltr'><em>A</em></span> <span class='ocrx_word' id='word_1_200' title='bbox 973 2961 1009 3020; x_wconf 83' lang='lat' dir='ltr'><em>A</em></span> <span class='ocrx_word' id='word_1_201' title='bbox 1031 2965 1114 3028; x_wconf 79' lang='grc' dir='ltr'><strong><em>ἴσον</em></strong></span> 
     </span>
     <span class='ocr_line' id='line_1_27' title="bbox 89 3056 1115 3151; baseline 0.006 -25"><span class='ocrx_word' id='word_1_202' title='bbox 89 3062 136 3151; x_wconf 77' lang='grc' dir='ltr'><strong><em>τῷ</em></strong></span> <span class='ocrx_word' id='word_1_203' title='bbox 157 3057 215 3127; x_wconf 82' lang='grc' dir='ltr'><strong><em>ὑπ’</em></strong></span> <span class='ocrx_word' id='word_1_204' title='bbox 233 3056 345 3127; x_wconf 77' lang='grc' dir='ltr'><strong><em>αὐτῶν</em></strong></span> <span class='ocrx_word' id='word_1_205' title='bbox 363 3059 401 3127; x_wconf 89' lang='grc' dir='ltr'><strong><em>τὸ</em></strong></span> <span class='ocrx_word' id='word_1_206' title='bbox 417 3066 494 3128; x_wconf 85' lang='grc' dir='ltr'><strong><em>ΔΕ.</em></strong></span> <span class='ocrx_word' id='word_1_207' title='bbox 530 3057 744 3147; x_wconf 78' lang='grc' dir='ltr'><strong><em>ἀσύμμετρον</em></strong></span> <span class='ocrx_word' id='word_1_208' title='bbox 768 3056 834 3148; x_wconf 79' lang='grc' dir='ltr'><strong><em>ἄρα</em></strong></span> <span class='ocrx_word' id='word_1_209' title='bbox 851 3057 889 3126; x_wconf 90' lang='grc' dir='ltr'><strong><em>τὸ</em></strong></span> <span class='ocrx_word' id='word_1_210' title='bbox 906 3065 978 3125; x_wconf 89' lang='grc' dir='ltr'><strong><em>ΑΔ</em></strong></span> <span class='ocrx_word' id='word_1_211' title='bbox 1001 3063 1115 3148; x_wconf 80' lang='grc' dir='ltr'><strong><em>μέσον</em></strong></span> 
     </span>
     <span class='ocr_line' id='line_1_28' title="bbox 91 3163 843 3257; baseline 0.004 -25"><span class='ocrx_word' id='word_1_212' title='bbox 91 3171 216 3252; x_wconf 82' lang='grc' dir='ltr'><strong><em>χωρίου</em></strong></span> <span class='ocrx_word' id='word_1_213' title='bbox 238 3168 284 3257; x_wconf 77' lang='grc' dir='ltr'><strong><em>τῷ</em></strong></span> <span class='ocrx_word' id='word_1_214' title='bbox 309 3172 379 3232; x_wconf 84' lang='grc' dir='ltr'><strong><em>ΔΕ</em></strong></span> <span class='ocrx_word' id='word_1_215' title='bbox 399 3166 502 3256; x_wconf 86' lang='grc' dir='ltr'><strong><em>μέσῳ·</em></strong></span> <span class='ocrx_word' id='word_1_216' title='bbox 531 3163 611 3252; x_wconf 84' lang='grc' dir='ltr'><strong><em>ὅπερ</em></strong></span> <span class='ocrx_word' id='word_1_217' title='bbox 636 3168 704 3233; x_wconf 76' lang='grc' dir='ltr'><strong><em>ἔδει</em></strong></span> <span class='ocrx_word' id='word_1_218' title='bbox 728 3166 843 3247; x_wconf 74' lang='grc' dir='ltr'><strong><em>δείξαι.</em></strong></span> 
     </span>
     <span class='ocr_line' id='line_1_29' title="bbox 162 3306 1044 3378; baseline 0.001 -17"><span class='ocrx_word' id='word_1_219' title='bbox 162 3312 222 3362; x_wconf 78' lang='lat'><strong><em>450.</em></strong></span> <span class='ocrx_word' id='word_1_220' title='bbox 242 3308 289 3364; x_wconf 92' lang='lat' dir='ltr'><strong><em>V¹.</em></strong></span> <span class='ocrx_word' id='word_1_221' title='bbox 362 3312 424 3362; x_wconf 77' lang='lat'><strong><em>451.</em></strong></span> <span class='ocrx_word' id='word_1_222' title='bbox 441 3306 489 3375; x_wconf 67' lang='lat' dir='ltr'><strong><em>W,</em></strong></span> <span class='ocrx_word' id='word_1_223' title='bbox 510 3307 560 3362; x_wconf 83' lang='lat' dir='ltr'><strong><em>sed</em></strong></span> <span class='ocrx_word' id='word_1_224' title='bbox 576 3309 745 3362; x_wconf 74' lang='lat' dir='ltr'><strong>renouatum</strong></span> <span class='ocrx_word' id='word_1_225' title='bbox 763 3323 782 3362; x_wconf 84' lang='grc' dir='ltr'><strong><em>ο</em></strong></span> <span class='ocrx_word' id='word_1_226' title='bbox 799 3307 838 3373; x_wconf 64' lang='grc' dir='ltr'><strong>Ψ</strong></span> <span class='ocrx_word' id='word_1_227' title='bbox 856 3306 914 3378; x_wconf 81' lang='lat' dir='ltr'>(fig.</span> <span class='ocrx_word' id='word_1_228' title='bbox 933 3307 1044 3378; x_wconf 76' lang='lat' dir='ltr'>habet).</span> 
     </span>
    </p>
   </div>
   <div class='ocr_carea' id='block_1_6' title="bbox 72 3425 1111 3588">
    <p class='ocr_par' dir='ltr' id='par_1_9' title="bbox 72 3425 1111 3588">
     <span class='ocr_line' id='line_1_30' title="bbox 154 3425 1111 3517; baseline 0.001 -27"><span class='ocrx_word' id='word_1_229' title='bbox 154 3433 218 3508; x_wconf 72' lang='lat' dir='ltr'><strong><em>Fig.</em></strong></span> <span class='ocrx_word' id='word_1_230' title='bbox 239 3452 296 3492; x_wconf 88' lang='lat' dir='ltr'><strong><em>om.</em></strong></span> <span class='ocrx_word' id='word_1_231' title='bbox 315 3431 350 3490; x_wconf 89' lang='lat' dir='ltr'><strong><em>V.</em></strong></span> <span class='ocrx_word' id='word_1_232' title='bbox 436 3436 482 3489; x_wconf 60' lang='grc' dir='ltr'><strong><em>λε.</em></strong></span> <span class='ocrx_word' id='word_1_233' title='bbox 501 3425 583 3503; x_wconf 56' lang='lat' dir='ltr'><strong><em>&amp;neq</em></strong></span> <span class='ocrx_word' id='word_1_234' title='bbox 597 3447 688 3517; x_wconf 75' lang='grc' dir='ltr'><strong><em>οοιυρ.</em></strong></span> <span class='ocrx_word' id='word_1_235' title='bbox 707 3431 855 3487; x_wconf 74' lang='lat' dir='ltr'>obscurato</span> <span class='ocrx_word' id='word_1_236' title='bbox 874 3430 908 3487; x_wconf 86' lang='lat' dir='ltr'><strong><em>V.</em></strong></span> <span class='ocrx_word' id='word_1_237' title='bbox 997 3437 1041 3487; x_wconf 79' lang='lat'><strong><em>24.</em></strong></span> <span class='ocrx_word' id='word_1_238' title='bbox 1070 3438 1111 3491; x_wconf 77' lang='grc' dir='ltr'><strong><em>τῶ</em></strong></span> 
     </span>
     <span class='ocr_line' id='line_1_31' title="bbox 72 3492 1111 3588; baseline -0.011 -20"><span class='ocrx_word' id='word_1_239' title='bbox 72 3508 266 3588; x_wconf 79' lang='grc' dir='ltr'><strong><em>συγκειμένῳ</em></strong></span> <span class='ocrx_word' id='word_1_240' title='bbox 286 3509 321 3568; x_wconf 87' lang='lat' dir='ltr'><strong><em>V.</em></strong></span> <span class='ocrx_word' id='word_1_241' title='bbox 406 3511 455 3565; x_wconf 74' lang='lat'><strong><em>25.</em></strong></span> <span class='ocrx_word' id='word_1_242' title='bbox 471 3503 568 3577; x_wconf 62' lang='lat' dir='ltr'><strong><em>Sum</em></strong></span> <span class='ocrx_word' id='word_1_243' title='bbox 584 3497 745 3574; x_wconf 65' lang='grc' dir='ltr'><strong><em>ἀφῃοηοίοω</em></strong></span> <span class='ocrx_word' id='word_1_244' title='bbox 761 3517 817 3556; x_wconf 61' lang='grc' dir='ltr'><strong><em>σοι,</em></strong></span> <span class='ocrx_word' id='word_1_245' title='bbox 830 3499 1054 3569; x_wconf 50' lang='grc' dir='ltr'><strong><em>καοοῆεῆλήτθω</em></strong></span> <span class='ocrx_word' id='word_1_246' title='bbox 1075 3492 1111 3566; x_wconf 72' lang='lat' dir='ltr'><strong><em>V,</em></strong></span> 
     </span>
    </p>
   </div>
   <div class='ocr_carea' id='block_1_7' title="bbox 0 0 1186 3796">
    <p class='ocr_par' dir='ltr' id='par_1_10' title="bbox 0 0 1186 3796">
     <span class='ocr_line' id='line_1_32' title="bbox 0 0 1186 3796; baseline 0 2"><span class='ocrx_word' id='word_1_247' title='bbox 0 0 1186 3796; x_wconf 95' lang='lat' dir='ltr'><strong><em> </em></strong></span> 
     </span>
    </p>
   </div>
  </div>
 </body>
</html>
