<?xml version="1.0" encoding="UTF-8"?>
<!DOCTYPE html PUBLIC "-//W3C//DTD XHTML 1.0 Transitional//EN"
    "http://www.w3.org/TR/xhtml1/DTD/xhtml1-transitional.dtd">
<html xmlns="http://www.w3.org/1999/xhtml" xml:lang="en" lang="en">
 <head>
  <title>
</title>
<meta http-equiv="Content-Type" content="text/html;charset=utf-8" />
  <meta name='ocr-system' content='tesseract 3.04.00' />
  <meta name='ocr-capabilities' content='ocr_page ocr_carea ocr_par ocr_line ocrx_word'/>
</head>
<body>
  <div class='ocr_page' id='page_1' title='image "./euclidisoperaom02unkngoog_0649.png"; bbox 0 0 2362 3796; ppageno 0'>
   <div class='ocr_carea' id='block_1_1' title="bbox 101 148 960 213">
    <p class='ocr_par' dir='ltr' id='par_1_1' title="bbox 101 148 960 213">
     <span class='ocr_line' id='line_1_1' title="bbox 101 148 960 213; baseline -0.012 1"><span class='ocrx_word' id='word_1_1' title='bbox 101 148 167 213; x_wconf 79' lang='lat'><strong><em>532</em></strong></span> <span class='ocrx_word' id='word_1_2' title='bbox 250 150 407 203; x_wconf 75' lang='lat' dir='ltr'><strong>scnom</strong></span> <span class='ocrx_word' id='word_1_3' title='bbox 425 151 464 203; x_wconf 76' lang='lat' dir='ltr'>m</span> <span class='ocrx_word' id='word_1_4' title='bbox 482 149 758 202; x_wconf 74' lang='lat' dir='ltr'><strong>ELRMENTORUM</strong></span> <span class='ocrx_word' id='word_1_5' title='bbox 775 151 914 203; x_wconf 71' lang='lat' dir='ltr'><strong><em>mmm</em></strong></span> <span class='ocrx_word' id='word_1_6' title='bbox 927 151 960 204; x_wconf 78' lang='lat' dir='ltr'><strong><em>X.</em></strong></span> 
     </span>
    </p>
   </div>
   <div class='ocr_carea' id='block_1_2' title="bbox 49 286 1122 2687">
    <p class='ocr_par' dir='ltr' id='par_1_2' title="bbox 100 286 1122 695">
     <span class='ocr_line' id='line_1_2' title="bbox 167 286 1120 378; baseline 0.002 -22"><span class='ocrx_word' id='word_1_7' title='bbox 167 293 241 358; x_wconf 78' lang='lat'><strong>276.</strong></span> <span class='ocrx_word' id='word_1_8' title='bbox 279 294 323 357; x_wconf 81' lang='grc' dir='ltr'><strong><em>Εί</em></strong></span> <span class='ocrx_word' id='word_1_9' title='bbox 353 286 564 378; x_wconf 74' lang='grc' dir='ltr'><strong><em>ὑποθωμεθα</em></strong></span> <span class='ocrx_word' id='word_1_10' title='bbox 596 287 659 376; x_wconf 77' lang='grc' dir='ltr'><strong><em>τὴν</em></strong></span> <span class='ocrx_word' id='word_1_11' title='bbox 691 291 727 358; x_wconf 79' lang='grc' dir='ltr'><strong><em>ἐκ</em></strong></span> <span class='ocrx_word' id='word_1_12' title='bbox 759 288 823 358; x_wconf 84' lang='grc' dir='ltr'><strong><em>δύο</em></strong></span> <span class='ocrx_word' id='word_1_13' title='bbox 856 289 1034 377; x_wconf 77' lang='grc' dir='ltr'><em>ὀνομάτων</em></span> <span class='ocrx_word' id='word_1_14' title='bbox 1069 294 1120 358; x_wconf 64' lang='grc' dir='ltr'><strong><em>διι</em></strong></span> 
     </span>
     <span class='ocr_line' id='line_1_3' title="bbox 101 393 1122 487; baseline 0 -24"><span class='ocrx_word' id='word_1_15' title='bbox 101 405 271 483; x_wconf 74' lang='grc' dir='ltr'><strong><em>αιρεῖσθαι</em></strong></span> <span class='ocrx_word' id='word_1_16' title='bbox 295 399 342 475; x_wconf 86' lang='grc' dir='ltr'><strong><em>είς</em></strong></span> <span class='ocrx_word' id='word_1_17' title='bbox 359 393 400 464; x_wconf 84' lang='grc' dir='ltr'><strong><em>τὰ</em></strong></span> <span class='ocrx_word' id='word_1_18' title='bbox 421 393 572 481; x_wconf 88' lang='grc' dir='ltr'><strong><em>ὀνόματα</em></strong></span> <span class='ocrx_word' id='word_1_19' title='bbox 589 395 644 462; x_wconf 81' lang='grc' dir='ltr'><strong><em>καὶ</em></strong></span> <span class='ocrx_word' id='word_1_20' title='bbox 662 393 734 464; x_wconf 87' lang='grc' dir='ltr'><strong><em>κατ’</em></strong></span> <span class='ocrx_word' id='word_1_21' title='bbox 756 394 837 487; x_wconf 78' lang='grc' dir='ltr'><strong><em>ἄλλο</em></strong></span> <span class='ocrx_word' id='word_1_22' title='bbox 858 408 1009 482; x_wconf 76' lang='grc' dir='ltr'><strong><em>σημεῖον,</em></strong></span> <span class='ocrx_word' id='word_1_23' title='bbox 1034 415 1122 483; x_wconf 82' lang='grc' dir='ltr'><strong><em>συμ·</em></strong></span> 
     </span>
     <span class='ocr_line' id='line_1_4' title="bbox 101 499 1120 590; baseline 0 -21"><span class='ocrx_word' id='word_1_24' title='bbox 101 507 211 587; x_wconf 84' lang='grc' dir='ltr'><strong><em>βαίνει</em></strong></span> <span class='ocrx_word' id='word_1_25' title='bbox 233 499 293 582; x_wconf 81' lang='grc' dir='ltr'><strong><em>τὰς</em></strong></span> <span class='ocrx_word' id='word_1_26' title='bbox 317 505 545 589; x_wconf 78' lang='grc' dir='ltr'><strong><em>διαιρεθείσας</em></strong></span> <span class='ocrx_word' id='word_1_27' title='bbox 568 503 604 569; x_wconf 80' lang='grc' dir='ltr'><strong><em>ἐκ</em></strong></span> <span class='ocrx_word' id='word_1_28' title='bbox 622 505 684 570; x_wconf 84' lang='grc' dir='ltr'><strong><em>τοῦ</em></strong></span> <span class='ocrx_word' id='word_1_29' title='bbox 701 500 737 586; x_wconf 87' lang='grc' dir='ltr'><strong><em>β’</em></strong></span> <span class='ocrx_word' id='word_1_30' title='bbox 758 507 898 588; x_wconf 84' lang='grc' dir='ltr'><em>σημείου</em></span> <span class='ocrx_word' id='word_1_31' title='bbox 916 500 1053 582; x_wconf 78' lang='grc' dir='ltr'><strong><em>εὐθείας</em></strong></span> <span class='ocrx_word' id='word_1_32' title='bbox 1071 501 1120 590; x_wconf 80' lang='grc' dir='ltr'><strong><em>μὴ</em></strong></span> 
     </span>
     <span class='ocr_line' id='line_1_5' title="bbox 100 605 1122 695; baseline 0.002 -21"><span class='ocrx_word' id='word_1_33' title='bbox 100 605 277 695; x_wconf 78' lang='grc' dir='ltr'><em>ὑπάρχειν·</em></span> <span class='ocrx_word' id='word_1_34' title='bbox 301 605 386 676; x_wconf 75' lang='grc' dir='ltr'><strong><em>ὥστε</em></strong></span> <span class='ocrx_word' id='word_1_35' title='bbox 405 605 489 676; x_wconf 78' lang='grc' dir='ltr'><strong><em>οὐδὲ</em></strong></span> <span class='ocrx_word' id='word_1_36' title='bbox 506 605 546 676; x_wconf 89' lang='grc' dir='ltr'><strong><em>τὸ</em></strong></span> <span class='ocrx_word' id='word_1_37' title='bbox 565 607 724 693; x_wconf 82' lang='grc' dir='ltr'><strong><em>δεύτερον</em></strong></span> <span class='ocrx_word' id='word_1_38' title='bbox 742 620 882 694; x_wconf 76' lang='grc' dir='ltr'><strong><em>σημεῖον</em></strong></span> <span class='ocrx_word' id='word_1_39' title='bbox 900 606 1049 695; x_wconf 69' lang='grc' dir='ltr'><strong><em>ὑπάρξει.</em></strong></span> <span class='ocrx_word' id='word_1_40' title='bbox 1088 613 1122 677; x_wconf 87' lang='grc' dir='ltr'><strong><em>εί</em></strong></span> 
     </span>
    </p>

    <p class='ocr_par' dir='ltr' id='par_1_3' title="bbox 49 711 1121 2073">
     <span class='ocr_line' id='line_1_6' title="bbox 66 711 1121 803; baseline -0.001 -19"><span class='ocrx_word' id='word_1_41' title='bbox 66 711 165 799; x_wconf 75' lang='grc' dir='ltr'><strong><em>σμδιρ</em></strong></span> <span class='ocrx_word' id='word_1_42' title='bbox 189 711 388 801; x_wconf 72' lang='grc' dir='ltr'><strong><em>ὑπάρχουσι,</em></strong></span> <span class='ocrx_word' id='word_1_43' title='bbox 410 711 449 783; x_wconf 87' lang='grc' dir='ltr'><strong><em>τὸ</em></strong></span> <span class='ocrx_word' id='word_1_44' title='bbox 473 719 585 800; x_wconf 75' lang='grc' dir='ltr'><strong><em>μεῖζον</em></strong></span> <span class='ocrx_word' id='word_1_45' title='bbox 609 713 718 799; x_wconf 82' lang='grc' dir='ltr'><strong><em>ὄνομα</em></strong></span> <span class='ocrx_word' id='word_1_46' title='bbox 740 717 800 800; x_wconf 81' lang='grc' dir='ltr'><strong><em>τῆς</em></strong></span> <span class='ocrx_word' id='word_1_47' title='bbox 818 716 975 802; x_wconf 79' lang='grc' dir='ltr'><strong><em>δευτέρας</em></strong></span> <span class='ocrx_word' id='word_1_48' title='bbox 993 717 1121 803; x_wconf 78' lang='grc' dir='ltr'><strong><em>διαιρέ-</em></strong></span> 
     </span>
     <span class='ocr_line' id='line_1_7' title="bbox 102 816 1118 908; baseline 0.002 -21"><span class='ocrx_word' id='word_1_49' title='bbox 102 840 185 898; x_wconf 85' lang='grc' dir='ltr'><strong><em>σεως</em></strong></span> <span class='ocrx_word' id='word_1_50' title='bbox 206 819 289 888; x_wconf 81' lang='grc' dir='ltr'><strong><em>κατὰ</em></strong></span> <span class='ocrx_word' id='word_1_51' title='bbox 312 818 350 889; x_wconf 88' lang='grc' dir='ltr'><strong><em>τὸ</em></strong></span> <span class='ocrx_word' id='word_1_52' title='bbox 376 826 489 906; x_wconf 80' lang='grc' dir='ltr'><strong><em>μεῖζον</em></strong></span> <span class='ocrx_word' id='word_1_53' title='bbox 513 816 622 906; x_wconf 78' lang='grc' dir='ltr'><strong><em>ὄνομα</em></strong></span> <span class='ocrx_word' id='word_1_54' title='bbox 644 823 704 906; x_wconf 81' lang='grc' dir='ltr'><strong><em>της</em></strong></span> <span class='ocrx_word' id='word_1_55' title='bbox 726 818 858 907; x_wconf 74' lang='grc' dir='ltr'><strong><em>πρώτης</em></strong></span> <span class='ocrx_word' id='word_1_56' title='bbox 881 820 1076 907; x_wconf 80' lang='grc' dir='ltr'><strong><em>διαιρέσεως</em></strong></span> <span class='ocrx_word' id='word_1_57' title='bbox 1095 818 1118 908; x_wconf 78' lang='grc' dir='ltr'><em>ἢ</em></span> 
     </span>
     <span class='ocr_line' id='line_1_8' title="bbox 101 923 1120 1014; baseline 0.004 -22"><span class='ocrx_word' id='word_1_58' title='bbox 101 935 177 993; x_wconf 85' lang='grc' dir='ltr'><strong><em>ίσον</em></strong></span> <span class='ocrx_word' id='word_1_59' title='bbox 201 926 292 994; x_wconf 81' lang='grc' dir='ltr'><strong><em>ἐστὶν</em></strong></span> <span class='ocrx_word' id='word_1_60' title='bbox 314 923 335 1012; x_wconf 79' lang='grc' dir='ltr'><strong><em>ἢ</em></strong></span> <span class='ocrx_word' id='word_1_61' title='bbox 360 926 491 994; x_wconf 78' lang='grc' dir='ltr'><strong><em>ἄνισον.</em></strong></span> <span class='ocrx_word' id='word_1_62' title='bbox 536 925 593 993; x_wconf 81' lang='grc' dir='ltr'><strong><em>καί</em></strong></span> <span class='ocrx_word' id='word_1_63' title='bbox 616 929 647 993; x_wconf 90' lang='grc' dir='ltr'><strong><em>εί</em></strong></span> <span class='ocrx_word' id='word_1_64' title='bbox 669 924 731 1012; x_wconf 77' lang='grc' dir='ltr'><strong><em>μὲν</em></strong></span> <span class='ocrx_word' id='word_1_65' title='bbox 755 935 848 1009; x_wconf 78' lang='grc' dir='ltr'><strong><em>ἴσον,</em></strong></span> <span class='ocrx_word' id='word_1_66' title='bbox 875 933 1055 1014; x_wconf 81' lang='grc' dir='ltr'><strong><em>συμβαίνει</em></strong></span> <span class='ocrx_word' id='word_1_67' title='bbox 1076 926 1120 996; x_wconf 78' lang='grc' dir='ltr'><strong><em>τό</em></strong></span> 
     </span>
     <span class='ocr_line' id='line_1_9' title="bbox 102 1029 1121 1125; baseline 0.003 -26"><span class='ocrx_word' id='word_1_68' title='bbox 102 1031 209 1099; x_wconf 73' lang='grc' dir='ltr'><strong><em>δοθὲν</em></strong></span> <span class='ocrx_word' id='word_1_69' title='bbox 232 1033 348 1116; x_wconf 80' lang='grc' dir='ltr'><strong><em>ἕτερον</em></strong></span> <span class='ocrx_word' id='word_1_70' title='bbox 372 1044 511 1118; x_wconf 83' lang='grc' dir='ltr'><strong><em>σημεῖον</em></strong></span> <span class='ocrx_word' id='word_1_71' title='bbox 535 1029 623 1099; x_wconf 82' lang='grc' dir='ltr'><strong><em>εἶναι</em></strong></span> <span class='ocrx_word' id='word_1_72' title='bbox 644 1030 682 1101; x_wconf 86' lang='grc' dir='ltr'><strong><em>τὸ</em></strong></span> <span class='ocrx_word' id='word_1_73' title='bbox 707 1030 789 1101; x_wconf 81' lang='grc' dir='ltr'><strong><em>αὐτὸ</em></strong></span> <span class='ocrx_word' id='word_1_74' title='bbox 813 1036 858 1125; x_wconf 76' lang='grc' dir='ltr'><strong><em>τῷ</em></strong></span> <span class='ocrx_word' id='word_1_75' title='bbox 883 1035 916 1114; x_wconf 82' lang='grc' dir='ltr'><strong><em>ἐξ</em></strong></span> <span class='ocrx_word' id='word_1_76' title='bbox 938 1031 1043 1120; x_wconf 77' lang='grc' dir='ltr'><strong><em>ἀρχῆς</em></strong></span> <span class='ocrx_word' id='word_1_77' title='bbox 1061 1037 1121 1102; x_wconf 90' lang='grc' dir='ltr'><strong><em>δο-</em></strong></span> 
     </span>
     <span class='ocr_line' id='line_1_10' title="bbox 100 1136 1120 1225; baseline 0.003 -20"><span class='ocrx_word' id='word_1_78' title='bbox 100 1138 208 1223; x_wconf 78' lang='grc' dir='ltr'><strong><em>θέντι,</em></strong></span> <span class='ocrx_word' id='word_1_79' title='bbox 231 1138 287 1205; x_wconf 82' lang='grc' dir='ltr'><strong><em>καὶ</em></strong></span> <span class='ocrx_word' id='word_1_80' title='bbox 311 1136 374 1206; x_wconf 77' lang='grc' dir='ltr'><strong><em>οὖν</em></strong></span> <span class='ocrx_word' id='word_1_81' title='bbox 392 1136 460 1225; x_wconf 81' lang='grc' dir='ltr'><strong><em>ἄρα</em></strong></span> <span class='ocrx_word' id='word_1_82' title='bbox 478 1138 564 1206; x_wconf 76' lang='grc' dir='ltr'><strong><em>εἰσὶν</em></strong></span> <span class='ocrx_word' id='word_1_83' title='bbox 583 1146 662 1207; x_wconf 85' lang='grc' dir='ltr'><strong><em>ίσαι.</em></strong></span> <span class='ocrx_word' id='word_1_84' title='bbox 700 1143 731 1207; x_wconf 87' lang='grc' dir='ltr'><strong><em>εί</em></strong></span> <span class='ocrx_word' id='word_1_85' title='bbox 749 1137 787 1206; x_wconf 70' lang='grc' dir='ltr'><strong><em>δὲ</em></strong></span> <span class='ocrx_word' id='word_1_86' title='bbox 805 1137 926 1208; x_wconf 74' lang='grc' dir='ltr'><strong><em>ἄνισον</em></strong></span> <span class='ocrx_word' id='word_1_87' title='bbox 944 1137 982 1207; x_wconf 89' lang='grc' dir='ltr'><strong><em>τὸ</em></strong></span> <span class='ocrx_word' id='word_1_88' title='bbox 1002 1146 1120 1225; x_wconf 74' lang='grc' dir='ltr'><strong><em>μεῖζον</em></strong></span> 
     </span>
     <span class='ocr_line' id='line_1_11' title="bbox 49 1241 1119 1334; baseline 0 -20"><span class='ocrx_word' id='word_1_89' title='bbox 49 1267 83 1317; x_wconf 88' lang='lat'><strong><em>10</em></strong></span> <span class='ocrx_word' id='word_1_90' title='bbox 103 1243 210 1329; x_wconf 77' lang='grc' dir='ltr'><strong><em>ὄνομα</em></strong></span> <span class='ocrx_word' id='word_1_91' title='bbox 241 1253 286 1334; x_wconf 75' lang='grc' dir='ltr'><strong><em>τῷ</em></strong></span> <span class='ocrx_word' id='word_1_92' title='bbox 315 1248 459 1329; x_wconf 81' lang='grc' dir='ltr'><strong><em>μείζονι,</em></strong></span> <span class='ocrx_word' id='word_1_93' title='bbox 493 1249 671 1330; x_wconf 82' lang='grc' dir='ltr'><strong><em>συμβαίνει</em></strong></span> <span class='ocrx_word' id='word_1_94' title='bbox 700 1241 808 1324; x_wconf 80' lang='grc' dir='ltr'><strong><em>οὕτως</em></strong></span> <span class='ocrx_word' id='word_1_95' title='bbox 834 1242 973 1314; x_wconf 72' lang='grc' dir='ltr'><strong><em>ἄτοπον·</em></strong></span> <span class='ocrx_word' id='word_1_96' title='bbox 1011 1247 1119 1332; x_wconf 79' lang='grc' dir='ltr'><strong><em>μέσον</em></strong></span> 
     </span>
     <span class='ocr_line' id='line_1_12' title="bbox 101 1343 1120 1440; baseline 0.003 -24"><span class='ocrx_word' id='word_1_97' title='bbox 101 1350 205 1436; x_wconf 84' lang='grc' dir='ltr'><strong><em>μέσου</em></strong></span> <span class='ocrx_word' id='word_1_98' title='bbox 219 1348 371 1436; x_wconf 80' lang='grc' dir='ltr'><strong><em>ὑπερέχει</em></strong></span> <span class='ocrx_word' id='word_1_99' title='bbox 392 1353 490 1440; x_wconf 77' lang='grc' dir='ltr'><strong><em>ῥητῷ.</em></strong></span> <span class='ocrx_word' id='word_1_100' title='bbox 524 1347 603 1418; x_wconf 74' lang='grc' dir='ltr'><strong><em>ὥστ’</em></strong></span> <span class='ocrx_word' id='word_1_101' title='bbox 620 1343 684 1431; x_wconf 84' lang='grc' dir='ltr'><strong><em>οὖν</em></strong></span> <span class='ocrx_word' id='word_1_102' title='bbox 702 1349 741 1420; x_wconf 86' lang='grc' dir='ltr'><strong><em>τὸ</em></strong></span> <span class='ocrx_word' id='word_1_103' title='bbox 759 1357 871 1437; x_wconf 75' lang='grc' dir='ltr'><strong><em>μεῖζον</em></strong></span> <span class='ocrx_word' id='word_1_104' title='bbox 886 1349 995 1438; x_wconf 79' lang='grc' dir='ltr'><strong><em>ὄνομα</em></strong></span> <span class='ocrx_word' id='word_1_105' title='bbox 1007 1355 1068 1439; x_wconf 77' lang='grc' dir='ltr'><strong><em>της</em></strong></span> <span class='ocrx_word' id='word_1_106' title='bbox 1082 1352 1120 1437; x_wconf 86' lang='grc' dir='ltr'><strong><em>β’</em></strong></span> 
     </span>
     <span class='ocr_line' id='line_1_13' title="bbox 103 1453 1120 1546; baseline 0.005 -24"><span class='ocrx_word' id='word_1_107' title='bbox 103 1456 296 1542; x_wconf 79' lang='grc' dir='ltr'><strong><em>διαιρέσεως</em></strong></span> <span class='ocrx_word' id='word_1_108' title='bbox 318 1460 363 1546; x_wconf 77' lang='grc' dir='ltr'><strong><em>τῷ</em></strong></span> <span class='ocrx_word' id='word_1_109' title='bbox 386 1460 514 1541; x_wconf 81' lang='grc' dir='ltr'><strong><em>μείζονι</em></strong></span> <span class='ocrx_word' id='word_1_110' title='bbox 536 1453 676 1542; x_wconf 87' lang='grc' dir='ltr'><strong><em>ὀνόματι</em></strong></span> <span class='ocrx_word' id='word_1_111' title='bbox 694 1460 753 1543; x_wconf 75' lang='grc' dir='ltr'><strong><em>τῆς</em></strong></span> <span class='ocrx_word' id='word_1_112' title='bbox 772 1456 807 1524; x_wconf 80' lang='grc' dir='ltr'><strong><em>α’</em></strong></span> <span class='ocrx_word' id='word_1_113' title='bbox 827 1458 1019 1545; x_wconf 78' lang='grc' dir='ltr'><strong><em>διαιρέσεως</em></strong></span> <span class='ocrx_word' id='word_1_114' title='bbox 1037 1455 1120 1528; x_wconf 76' lang='grc' dir='ltr'><strong><em>οὔτε</em></strong></span> 
     </span>
     <span class='ocr_line' id='line_1_14' title="bbox 101 1559 1119 1650; baseline 0.004 -22"><span class='ocrx_word' id='word_1_115' title='bbox 101 1569 177 1630; x_wconf 85' lang='grc' dir='ltr'><strong><em>ίσον</em></strong></span> <span class='ocrx_word' id='word_1_116' title='bbox 202 1560 280 1630; x_wconf 75' lang='grc' dir='ltr'><strong><em>οὔτε</em></strong></span> <span class='ocrx_word' id='word_1_117' title='bbox 303 1560 432 1629; x_wconf 70' lang='grc' dir='ltr'><strong><em>ἄνισον.</em></strong></span> <span class='ocrx_word' id='word_1_118' title='bbox 479 1559 542 1630; x_wconf 79' lang='grc' dir='ltr'><strong><em>οὐκ</em></strong></span> <span class='ocrx_word' id='word_1_119' title='bbox 569 1559 635 1648; x_wconf 68' lang='grc' dir='ltr'><strong><em>ἄρα</em></strong></span> <span class='ocrx_word' id='word_1_120' title='bbox 663 1563 727 1631; x_wconf 81' lang='grc' dir='ltr'><strong><em>είσὶ</em></strong></span> <span class='ocrx_word' id='word_1_121' title='bbox 754 1561 795 1630; x_wconf 86' lang='grc' dir='ltr'><strong><em>τδι</em></strong></span> <span class='ocrx_word' id='word_1_122' title='bbox 823 1561 973 1650; x_wconf 87' lang='grc' dir='ltr'><strong><em>ὀνόματα</em></strong></span> <span class='ocrx_word' id='word_1_123' title='bbox 998 1567 1057 1650; x_wconf 74' lang='grc' dir='ltr'><strong><em>τῆς</em></strong></span> <span class='ocrx_word' id='word_1_124' title='bbox 1081 1566 1119 1649; x_wconf 83' lang='grc' dir='ltr'><strong><em>β’</em></strong></span> 
     </span>
     <span class='ocr_line' id='line_1_15' title="bbox 103 1665 1121 1757; baseline 0.001 -22"><span class='ocrx_word' id='word_1_125' title='bbox 103 1668 310 1754; x_wconf 80' lang='grc' dir='ltr'><strong><em>διαιρέσεως,</em></strong></span> <span class='ocrx_word' id='word_1_126' title='bbox 342 1667 514 1735; x_wconf 80' lang='grc' dir='ltr'><strong><em>τουτέστιν</em></strong></span> <span class='ocrx_word' id='word_1_127' title='bbox 542 1672 581 1735; x_wconf 77' lang='grc' dir='ltr'><strong><em>αἱ</em></strong></span> <span class='ocrx_word' id='word_1_128' title='bbox 605 1665 738 1736; x_wconf 76' lang='grc' dir='ltr'><strong><em>εὐθεῖαι</em></strong></span> <span class='ocrx_word' id='word_1_129' title='bbox 764 1671 823 1755; x_wconf 78' lang='grc' dir='ltr'><strong><em>της</em></strong></span> <span class='ocrx_word' id='word_1_130' title='bbox 849 1667 884 1753; x_wconf 88' lang='grc' dir='ltr'><strong><em>β’</em></strong></span> <span class='ocrx_word' id='word_1_131' title='bbox 912 1669 1121 1757; x_wconf 79' lang='grc' dir='ltr'><strong><em>διαιρέσεως,</em></strong></span> 
     </span>
     <span class='ocr_line' id='line_1_16' title="bbox 50 1770 1121 1864; baseline -0.002 -18"><span class='ocrx_word' id='word_1_132' title='bbox 50 1797 83 1846; x_wconf 80' lang='lat'><strong><em>15</em></strong></span> <span class='ocrx_word' id='word_1_133' title='bbox 103 1773 190 1842; x_wconf 91' lang='grc' dir='ltr'><strong><em>διότι</em></strong></span> <span class='ocrx_word' id='word_1_134' title='bbox 213 1778 304 1842; x_wconf 81' lang='grc' dir='ltr'><strong><em>πᾶσα</em></strong></span> <span class='ocrx_word' id='word_1_135' title='bbox 327 1771 445 1842; x_wconf 78' lang='grc' dir='ltr'><strong><em>εὐθεῖα</em></strong></span> <span class='ocrx_word' id='word_1_136' title='bbox 468 1772 559 1862; x_wconf 80' lang='grc' dir='ltr'><strong><em>τάση</em></strong></span> <span class='ocrx_word' id='word_1_137' title='bbox 583 1772 702 1864; x_wconf 74' lang='grc' dir='ltr'><strong><em>εὐθείᾳ</em></strong></span> <span class='ocrx_word' id='word_1_138' title='bbox 720 1770 740 1861; x_wconf 80' lang='grc' dir='ltr'><strong><em>ἢ</em></strong></span> <span class='ocrx_word' id='word_1_139' title='bbox 762 1784 817 1861; x_wconf 79' lang='grc' dir='ltr'><strong><em>ἴση</em></strong></span> <span class='ocrx_word' id='word_1_140' title='bbox 836 1776 927 1844; x_wconf 77' lang='grc' dir='ltr'><strong><em>ἐστὶν</em></strong></span> <span class='ocrx_word' id='word_1_141' title='bbox 945 1771 967 1861; x_wconf 76' lang='grc' dir='ltr'>ἢ</span> <span class='ocrx_word' id='word_1_142' title='bbox 987 1773 1121 1863; x_wconf 76' lang='grc' dir='ltr'><strong><em>ἄνισος,</em></strong></span> 
     </span>
     <span class='ocr_line' id='line_1_17' title="bbox 101 1876 1121 1968; baseline 0.001 -20"><span class='ocrx_word' id='word_1_143' title='bbox 101 1878 140 1948; x_wconf 87' lang='grc' dir='ltr'><strong><em>τὸ</em></strong></span> <span class='ocrx_word' id='word_1_144' title='bbox 163 1879 200 1947; x_wconf 81' lang='grc' dir='ltr'><strong><em>δὲ</em></strong></span> <span class='ocrx_word' id='word_1_145' title='bbox 224 1878 269 1966; x_wconf 78' lang='grc' dir='ltr'><strong><em>μὴ</em></strong></span> <span class='ocrx_word' id='word_1_146' title='bbox 293 1885 371 1966; x_wconf 83' lang='grc' dir='ltr'><strong><em>ἔχον</em></strong></span> <span class='ocrx_word' id='word_1_147' title='bbox 388 1891 457 1948; x_wconf 84' lang='grc' dir='ltr'><strong><em>τῶν</em></strong></span> <span class='ocrx_word' id='word_1_148' title='bbox 476 1877 622 1948; x_wconf 74' lang='grc' dir='ltr'><strong><em>εὐθειῶν</em></strong></span> <span class='ocrx_word' id='word_1_149' title='bbox 642 1879 778 1966; x_wconf 82' lang='grc' dir='ltr'><strong><em>ἰσότητα</em></strong></span> <span class='ocrx_word' id='word_1_150' title='bbox 796 1876 816 1966; x_wconf 77' lang='grc' dir='ltr'>ἢ</span> <span class='ocrx_word' id='word_1_151' title='bbox 836 1878 1016 1968; x_wconf 80' lang='grc' dir='ltr'><strong><em>ἀνισότητα</em></strong></span> <span class='ocrx_word' id='word_1_152' title='bbox 1036 1878 1121 1950; x_wconf 73' lang='grc' dir='ltr'><strong><em>οὐδὲ</em></strong></span> 
     </span>
     <span class='ocr_line' id='line_1_18' title="bbox 104 1984 1120 2073; baseline 0.006 -20"><span class='ocrx_word' id='word_1_153' title='bbox 104 1984 221 2054; x_wconf 80' lang='grc' dir='ltr'><strong><em>εὐθεῖά</em></strong></span> <span class='ocrx_word' id='word_1_154' title='bbox 243 1988 312 2054; x_wconf 79' lang='grc' dir='ltr'><strong><em>ἐστι</em></strong></span> <span class='ocrx_word' id='word_1_155' title='bbox 331 1986 500 2072; x_wconf 79' lang='grc' dir='ltr'><strong><em>δηλονότι,</em></strong></span> <span class='ocrx_word' id='word_1_156' title='bbox 520 1984 600 2054; x_wconf 73' lang='grc' dir='ltr'><strong><em>οὐδὲ</em></strong></span> <span class='ocrx_word' id='word_1_157' title='bbox 618 1985 655 2054; x_wconf 87' lang='grc' dir='ltr'><strong><em>τδ</em></strong></span> <span class='ocrx_word' id='word_1_158' title='bbox 671 1989 827 2073; x_wconf 86' lang='grc' dir='ltr'><strong><em>διαιροῦν</em></strong></span> <span class='ocrx_word' id='word_1_159' title='bbox 847 1984 949 2065; x_wconf 78' lang='grc' dir='ltr'><strong><em>αὐτὰς</em></strong></span> <span class='ocrx_word' id='word_1_160' title='bbox 967 1999 1120 2073; x_wconf 78' lang='grc' dir='ltr'><strong><em>σημεῖον.</em></strong></span> 
     </span>
    </p>

    <p class='ocr_par' dir='ltr' id='par_1_4' title="bbox 104 2091 1121 2287">
     <span class='ocr_line' id='line_1_19' title="bbox 169 2091 1119 2182; baseline 0.003 -24"><span class='ocrx_word' id='word_1_161' title='bbox 169 2096 210 2160; x_wconf 80' lang='grc'><strong><em>27</em></strong></span> <span class='ocrx_word' id='word_1_162' title='bbox 216 2098 243 2160; x_wconf 94' lang='grc'><strong><em>7.</em></strong></span> <span class='ocrx_word' id='word_1_163' title='bbox 284 2092 439 2176; x_wconf 86' lang='grc' dir='ltr'><strong><em>Φανερὸν</em></strong></span> <span class='ocrx_word' id='word_1_164' title='bbox 463 2091 505 2178; x_wconf 82' lang='grc' dir='ltr'><strong><em>δή</em></strong></span> <span class='ocrx_word' id='word_1_165' title='bbox 530 2117 563 2178; x_wconf 89' lang='lat' dir='ltr'><strong><em>p.</em></strong></span> <span class='ocrx_word' id='word_1_166' title='bbox 580 2096 653 2178; x_wconf 79' lang='lat'>122,</span> <span class='ocrx_word' id='word_1_167' title='bbox 671 2097 704 2176; x_wconf 88' lang='lat'><strong><em>3]</em></strong></span> <span class='ocrx_word' id='word_1_168' title='bbox 730 2093 800 2160; x_wconf 80' lang='grc' dir='ltr'><strong><em>ἐπεὶ</em></strong></span> <span class='ocrx_word' id='word_1_169' title='bbox 823 2091 886 2180; x_wconf 80' lang='grc' dir='ltr'><strong><em>γὰρ</em></strong></span> <span class='ocrx_word' id='word_1_170' title='bbox 911 2102 965 2179; x_wconf 83' lang='grc' dir='ltr'><strong><em>ίση</em></strong></span> <span class='ocrx_word' id='word_1_171' title='bbox 985 2093 1119 2182; x_wconf 78' lang='grc' dir='ltr'><strong><em>ἐστὶνη</em></strong></span> 
     </span>
     <span class='ocr_line' id='line_1_20' title="bbox 104 2195 1121 2287; baseline 0.003 -21"><span class='ocrx_word' id='word_1_172' title='bbox 104 2205 171 2266; x_wconf 86' lang='grc' dir='ltr'><strong><em>ΑΓ</em></strong></span> <span class='ocrx_word' id='word_1_173' title='bbox 198 2202 237 2287; x_wconf 77' lang='grc' dir='ltr'><strong><em>τῇ</em></strong></span> <span class='ocrx_word' id='word_1_174' title='bbox 262 2206 328 2265; x_wconf 90' lang='grc' dir='ltr'><strong><em>ΔΒ</em></strong></span> <span class='ocrx_word' id='word_1_175' title='bbox 360 2198 416 2264; x_wconf 82' lang='grc' dir='ltr'><strong><em>καὶ</em></strong></span> <span class='ocrx_word' id='word_1_176' title='bbox 443 2195 463 2282; x_wconf 77' lang='grc' dir='ltr'>ἡ</span> <span class='ocrx_word' id='word_1_177' title='bbox 492 2203 555 2265; x_wconf 89' lang='grc' dir='ltr'><strong><em>ΓΒ</em></strong></span> <span class='ocrx_word' id='word_1_178' title='bbox 586 2202 626 2286; x_wconf 80' lang='grc' dir='ltr'><strong><em>τῇ</em></strong></span> <span class='ocrx_word' id='word_1_179' title='bbox 650 2207 736 2283; x_wconf 88' lang='grc' dir='ltr'><strong><em>ΔΑ,</em></strong></span> <span class='ocrx_word' id='word_1_180' title='bbox 769 2196 879 2284; x_wconf 78' lang='grc' dir='ltr'><strong><em>ηΑΒ</em></strong></span> <span class='ocrx_word' id='word_1_181' title='bbox 907 2203 1121 2286; x_wconf 72' lang='grc' dir='ltr'><strong><em>διαιρεθεῖσα</em></strong></span> 
     </span>
    </p>

    <p class='ocr_par' dir='ltr' id='par_1_5' title="bbox 49 2299 1121 2687">
     <span class='ocr_line' id='line_1_21' title="bbox 49 2299 1121 2391; baseline -0.001 -15"><span class='ocrx_word' id='word_1_182' title='bbox 49 2327 84 2376; x_wconf 76' lang='lat'><strong><em>‘20</em></strong></span> <span class='ocrx_word' id='word_1_183' title='bbox 103 2303 185 2371; x_wconf 83' lang='grc' dir='ltr'><strong><em>κατὰ</em></strong></span> <span class='ocrx_word' id='word_1_184' title='bbox 217 2302 255 2371; x_wconf 89' lang='grc' dir='ltr'><strong><em>τὸ</em></strong></span> <span class='ocrx_word' id='word_1_185' title='bbox 285 2311 318 2370; x_wconf 90' lang='grc' dir='ltr'><em>Δ</em></span> <span class='ocrx_word' id='word_1_186' title='bbox 351 2300 392 2370; x_wconf 86' lang='grc' dir='ltr'><strong><em>οὐ</em></strong></span> <span class='ocrx_word' id='word_1_187' title='bbox 427 2305 569 2391; x_wconf 80' lang='grc' dir='ltr'><strong><em>διηρέθη</em></strong></span> <span class='ocrx_word' id='word_1_188' title='bbox 600 2302 673 2372; x_wconf 84' lang='grc' dir='ltr'><strong><em>κατ’</em></strong></span> <span class='ocrx_word' id='word_1_189' title='bbox 702 2302 784 2372; x_wconf 74' lang='grc' dir='ltr'><em>ἄλλο</em></span> <span class='ocrx_word' id='word_1_190' title='bbox 818 2317 956 2390; x_wconf 77' lang='grc' dir='ltr'><strong><em>σημεῖον</em></strong></span> <span class='ocrx_word' id='word_1_191' title='bbox 984 2299 1004 2390; x_wconf 79' lang='grc' dir='ltr'><strong><em>ἢ</em></strong></span> <span class='ocrx_word' id='word_1_192' title='bbox 1034 2306 1121 2375; x_wconf 83' lang='grc' dir='ltr'><strong><em>κατὰ</em></strong></span> 
     </span>
     <span class='ocr_line' id='line_1_22' title="bbox 101 2405 1121 2500; baseline 0.005 -25"><span class='ocrx_word' id='word_1_193' title='bbox 101 2407 138 2475; x_wconf 91' lang='grc' dir='ltr'><strong><em>τὸ</em></strong></span> <span class='ocrx_word' id='word_1_194' title='bbox 164 2414 199 2475; x_wconf 91' lang='grc' dir='ltr'><strong><em>Γ.</em></strong></span> <span class='ocrx_word' id='word_1_195' title='bbox 244 2409 300 2475; x_wconf 79' lang='grc' dir='ltr'><strong><em>καί</em></strong></span> <span class='ocrx_word' id='word_1_196' title='bbox 323 2405 394 2477; x_wconf 85' lang='grc' dir='ltr'><strong><em>κατ’</em></strong></span> <span class='ocrx_word' id='word_1_197' title='bbox 421 2406 504 2475; x_wconf 74' lang='grc' dir='ltr'><em>ἄλλο</em></span> <span class='ocrx_word' id='word_1_198' title='bbox 528 2421 666 2494; x_wconf 80' lang='grc' dir='ltr'><strong><em>σημεῖον</em></strong></span> <span class='ocrx_word' id='word_1_199' title='bbox 688 2411 833 2496; x_wconf 80' lang='grc' dir='ltr'><strong><em>λέγεται,</em></strong></span> <span class='ocrx_word' id='word_1_200' title='bbox 862 2408 943 2478; x_wconf 80' lang='grc' dir='ltr'><strong><em>ὅταν</em></strong></span> <span class='ocrx_word' id='word_1_201' title='bbox 966 2413 1037 2479; x_wconf 76' lang='grc' dir='ltr'><strong><em>τῶν</em></strong></span> <span class='ocrx_word' id='word_1_202' title='bbox 1061 2432 1121 2500; x_wconf 87' lang='grc' dir='ltr'><strong><em>ση-</em></strong></span> 
     </span>
     <span class='ocr_line' id='line_1_23' title="bbox 102 2511 1121 2600; baseline 0.006 -20"><span class='ocrx_word' id='word_1_203' title='bbox 102 2517 206 2600; x_wconf 84' lang='grc' dir='ltr'><strong><em>μείων</em></strong></span> <span class='ocrx_word' id='word_1_204' title='bbox 229 2515 267 2579; x_wconf 86' lang='grc' dir='ltr'><strong><em>αί</em></strong></span> <span class='ocrx_word' id='word_1_205' title='bbox 288 2517 423 2598; x_wconf 81' lang='grc' dir='ltr'><strong><em>μείζονα</em></strong></span> <span class='ocrx_word' id='word_1_206' title='bbox 447 2511 595 2600; x_wconf 87' lang='grc' dir='ltr'><strong><em>ὀνόματα</em></strong></span> <span class='ocrx_word' id='word_1_207' title='bbox 614 2519 750 2600; x_wconf 78' lang='grc' dir='ltr'><strong><em>ἔχουσαι</em></strong></span> <span class='ocrx_word' id='word_1_208' title='bbox 768 2513 900 2583; x_wconf 75' lang='grc' dir='ltr'><strong><em>εὐθεῖαι</em></strong></span> <span class='ocrx_word' id='word_1_209' title='bbox 919 2512 1036 2584; x_wconf 77' lang='grc' dir='ltr'><strong><em>ἄνισοί</em></strong></span> <span class='ocrx_word' id='word_1_210' title='bbox 1053 2522 1121 2587; x_wconf 80' lang='grc' dir='ltr'><strong><em>εἰσι</em></strong></span> 
     </span>
     <span class='ocr_line' id='line_1_24' title="bbox 102 2618 544 2687; baseline 0 -1"><span class='ocrx_word' id='word_1_211' title='bbox 102 2619 157 2686; x_wconf 81' lang='grc' dir='ltr'><strong><em>καὶ</em></strong></span> <span class='ocrx_word' id='word_1_212' title='bbox 181 2622 218 2686; x_wconf 87' lang='grc' dir='ltr'><strong><em>αί</em></strong></span> <span class='ocrx_word' id='word_1_213' title='bbox 240 2618 398 2687; x_wconf 81' lang='grc' dir='ltr'><strong><em>ἐλάττονα</em></strong></span> <span class='ocrx_word' id='word_1_214' title='bbox 422 2618 544 2687; x_wconf 72' lang='grc' dir='ltr'><strong><em>ἄνισοι.</em></strong></span> 
     </span>
    </p>
   </div>
   <div class='ocr_carea' id='block_1_3' title="bbox 175 2848 504 2906">
    <p class='ocr_par' dir='ltr' id='par_1_6' title="bbox 175 2848 504 2906">
     <span class='ocr_line' id='line_1_25' title="bbox 175 2848 504 2906; baseline 0 -2"><span class='ocrx_word' id='word_1_215' title='bbox 175 2856 235 2906; x_wconf 80' lang='grc'><strong>276.</strong></span> <span class='ocrx_word' id='word_1_216' title='bbox 255 2849 303 2904; x_wconf 59' lang='grc'><strong>78.</strong></span> <span class='ocrx_word' id='word_1_217' title='bbox 377 2855 437 2904; x_wconf 80' lang='lat'><strong>2⁷7.</strong></span> <span class='ocrx_word' id='word_1_218' title='bbox 456 2848 504 2904; x_wconf 75' lang='lat' dir='ltr'><strong><em>V⁸.</em></strong></span> 
     </span>
    </p>
   </div>
   <div class='ocr_carea' id='block_1_4' title="bbox 59 3057 1124 3581">
    <p class='ocr_par' dir='ltr' id='par_1_7' title="bbox 96 3057 1124 3494">
     <span class='ocr_line' id='line_1_26' title="bbox 176 3057 1123 3149; baseline 0.006 -33"><span class='ocrx_word' id='word_1_219' title='bbox 176 3068 200 3116; x_wconf 85' lang='lat'><strong>3</strong></span> <span class='ocrx_word' id='word_1_220' title='bbox 220 3057 410 3149; x_wconf 57' lang='lat' dir='ltr'><strong><em>afflatas]-</em></strong></span> <span class='ocrx_word' id='word_1_221' title='bbox 430 3060 469 3126; x_wconf 87' lang='lat' dir='ltr'><strong><em>V;</em></strong></span> <span class='ocrx_word' id='word_1_222' title='bbox 498 3063 573 3130; x_wconf 88' lang='lat' dir='ltr'><strong>quod</strong></span> <span class='ocrx_word' id='word_1_223' title='bbox 596 3079 687 3133; x_wconf 79' lang='lat' dir='ltr'><strong>comp.</strong></span> <span class='ocrx_word' id='word_1_224' title='bbox 706 3061 736 3116; x_wconf 87' lang='lat' dir='ltr'><strong><em>in</em></strong></span> <span class='ocrx_word' id='word_1_225' title='bbox 754 3063 808 3117; x_wconf 79' lang='lat' dir='ltr'><strong><em>hoo</em></strong></span> <span class='ocrx_word' id='word_1_226' title='bbox 830 3062 916 3119; x_wconf 80' lang='lat' dir='ltr'><strong>schol.</strong></span> <span class='ocrx_word' id='word_1_227' title='bbox 936 3062 1051 3133; x_wconf 77' lang='lat' dir='ltr'><strong>saepius</strong></span> <span class='ocrx_word' id='word_1_228' title='bbox 1074 3082 1123 3122; x_wconf 81' lang='grc' dir='ltr'><strong><em>ου-</em></strong></span> 
     </span>
     <span class='ocr_line' id='line_1_27' title="bbox 105 3131 1107 3205; baseline 0.004 -18"><span class='ocrx_word' id='word_1_229' title='bbox 105 3131 201 3187; x_wconf 74' lang='lat' dir='ltr'><strong>currit.</strong></span> <span class='ocrx_word' id='word_1_230' title='bbox 274 3138 299 3186; x_wconf 93' lang='lat'><strong>4.</strong></span> <span class='ocrx_word' id='word_1_231' title='bbox 319 3152 395 3202; x_wconf 84' lang='grc' dir='ltr'><strong><em>υτταρ</em></strong></span> <span class='ocrx_word' id='word_1_232' title='bbox 397 3152 447 3202; x_wconf 79' lang='grc' dir='ltr'><strong><em>χον</em></strong></span> <span class='ocrx_word' id='word_1_233' title='bbox 466 3131 500 3185; x_wconf 92' lang='lat' dir='ltr'><strong>V</strong></span> <span class='ocrx_word' id='word_1_234' title='bbox 580 3139 605 3188; x_wconf 80' lang='grc'><strong><em>7.</em></strong></span> <span class='ocrx_word' id='word_1_235' title='bbox 624 3135 725 3188; x_wconf 80' lang='grc' dir='ltr'><strong><em>καί-</em></strong></span> <span class='ocrx_word' id='word_1_236' title='bbox 745 3133 819 3205; x_wconf 87' lang='grc' dir='ltr'><strong><em>ίσον]</em></strong></span> <span class='ocrx_word' id='word_1_237' title='bbox 839 3150 893 3189; x_wconf 90' lang='lat' dir='ltr'><strong><em>om.</em></strong></span> <span class='ocrx_word' id='word_1_238' title='bbox 912 3134 946 3190; x_wconf 90' lang='lat' dir='ltr'><strong><em>V.</em></strong></span> <span class='ocrx_word' id='word_1_239' title='bbox 1012 3141 1046 3190; x_wconf 89' lang='grc'><strong><em>..8</em></strong></span> <span class='ocrx_word' id='word_1_240' title='bbox 1066 3156 1107 3191; x_wconf 87' lang='grc' dir='ltr'><strong><em>τω</em></strong></span> 
     </span>
     <span class='ocr_line' id='line_1_28' title="bbox 104 3138 1122 3297; baseline 0.006 -42"><span class='ocrx_word' id='word_1_241' title='bbox 104 3202 137 3256; x_wconf 87' lang='grc' dir='ltr'><strong><em>τό</em></strong></span> <span class='ocrx_word' id='word_1_242' title='bbox 157 3201 190 3257; x_wconf 91' lang='lat' dir='ltr'><strong><em>V.</em></strong></span> <span class='ocrx_word' id='word_1_243' title='bbox 266 3208 307 3256; x_wconf 91' lang='lat'><strong><em>10.</em></strong></span> <span class='ocrx_word' id='word_1_244' title='bbox 326 3207 364 3276; x_wconf 79' lang='grc' dir='ltr'><strong><em>τῷ</em></strong></span> <span class='ocrx_word' id='word_1_245' title='bbox 385 3203 503 3273; x_wconf 75' lang='grc' dir='ltr'><strong><em>μείζονι]</em></strong></span> <span class='ocrx_word' id='word_1_246' title='bbox 524 3219 593 3259; x_wconf 83' lang='lat' dir='ltr'><strong>corr.</strong></span> <span class='ocrx_word' id='word_1_247' title='bbox 613 3220 647 3258; x_wconf 84' lang='lat' dir='ltr'><strong><em>ex</em></strong></span> <span class='ocrx_word' id='word_1_248' title='bbox 664 3199 696 3258; x_wconf 87' lang='grc' dir='ltr'><strong><em>τδ</em></strong></span> <span class='ocrx_word' id='word_1_249' title='bbox 717 3205 830 3291; x_wconf 81' lang='grc' dir='ltr'><strong><em>μεῖζον</em></strong></span> <span class='ocrx_word' id='word_1_250' title='bbox 831 3222 868 3260; x_wconf 89' lang='lat' dir='ltr'><strong><em>m.</em></strong></span> <span class='ocrx_word' id='word_1_251' title='bbox 887 3205 957 3259; x_wconf 77' lang='lat' dir='ltr'><strong><em>2V</em></strong></span> <span class='ocrx_word' id='word_1_252' title='bbox 1012 3138 1122 3297; x_wconf 51' lang='grc' dir='ltr'><strong><em>ουτως]</em></strong></span> 
     </span>
     <span class='ocr_line' id='line_1_29' title="bbox 106 3257 1123 3358; baseline 0.007 -31"><span class='ocrx_word' id='word_1_253' title='bbox 106 3291 196 3358; x_wconf 87' lang='lat' dir='ltr'><strong>comp.</strong></span> <span class='ocrx_word' id='word_1_254' title='bbox 217 3257 364 3328; x_wconf 79' lang='lat' dir='ltr'><strong>obscurum</strong></span> <span class='ocrx_word' id='word_1_255' title='bbox 384 3269 991 3360; x_wconf 71' lang='grc' dir='ltr'><strong><em>7;1011.οδτωςτό.11.υτιαρει7.</em></strong></span> <span class='ocrx_word' id='word_1_256' title='bbox 1067 3275 1123 3334; x_wconf 80' lang='grc' dir='ltr'><strong><em>οὖν</em></strong></span> 
     </span>
     <span class='ocr_line' id='line_1_30' title="bbox 104 3271 1122 3430; baseline 0.008 -34"><span class='ocrx_word' id='word_1_257' title='bbox 104 3340 152 3430; x_wconf 85' lang='grc' dir='ltr'><strong><em>τό]</em></strong></span> <span class='ocrx_word' id='word_1_258' title='bbox 172 3360 261 3412; x_wconf 83' lang='lat' dir='ltr'><strong>comp.</strong></span> <span class='ocrx_word' id='word_1_259' title='bbox 281 3344 428 3399; x_wconf 84' lang='lat' dir='ltr'><strong>obscurum</strong></span> <span class='ocrx_word' id='word_1_260' title='bbox 447 3344 481 3399; x_wconf 92' lang='lat' dir='ltr'><strong>V.</strong></span> <span class='ocrx_word' id='word_1_261' title='bbox 543 3351 584 3399; x_wconf 72' lang='grc'><strong><em>11.</em></strong></span> <span class='ocrx_word' id='word_1_262' title='bbox 603 3341 634 3399; x_wconf 88' lang='grc' dir='ltr'><strong>τό</strong></span> <span class='ocrx_word' id='word_1_263' title='bbox 656 3347 751 3415; x_wconf 83' lang='grc' dir='ltr'><strong><em>μεῖζον</em></strong></span> <span class='ocrx_word' id='word_1_264' title='bbox 770 3271 914 3415; x_wconf 48' lang='lat' dir='ltr'><strong><em>&amp;vouoe&#39;V</em></strong></span> <span class='ocrx_word' id='word_1_265' title='bbox 978 3350 1020 3403; x_wconf 78' lang='lat'><strong><em>15.</em></strong></span> <span class='ocrx_word' id='word_1_266' title='bbox 1040 3347 1122 3422; x_wconf 79' lang='grc' dir='ltr'><strong><em>πάσῃ</em></strong></span> 
     </span>
     <span class='ocr_line' id='line_1_31' title="bbox 96 3371 1124 3504; baseline 0.006 -34"><span class='ocrx_word' id='word_1_267' title='bbox 96 3408 222 3492; x_wconf 74' lang='grc' dir='ltr'><strong><em>ευθεία]</em></strong></span> <span class='ocrx_word' id='word_1_268' title='bbox 242 3419 339 3472; x_wconf 81' lang='grc' dir='ltr'><strong><em>πᾶσαν</em></strong></span> <span class='ocrx_word' id='word_1_269' title='bbox 368 3416 384 3471; x_wconf 75' lang='grc' dir='ltr'><strong><em>ί</em></strong></span> <span class='ocrx_word' id='word_1_270' title='bbox 414 3415 446 3472; x_wconf 93' lang='lat' dir='ltr'><strong>V.</strong></span> <span class='ocrx_word' id='word_1_271' title='bbox 517 3410 638 3487; x_wconf 54' lang='lat' dir='ltr'><strong>walt.)</strong></span> <span class='ocrx_word' id='word_1_272' title='bbox 657 3432 710 3471; x_wconf 90' lang='lat' dir='ltr'><strong><em>om.</em></strong></span> <span class='ocrx_word' id='word_1_273' title='bbox 733 3414 766 3471; x_wconf 91' lang='lat' dir='ltr'><strong>V.</strong></span> <span class='ocrx_word' id='word_1_274' title='bbox 842 3423 883 3472; x_wconf 80' lang='grc'><strong><em>16.</em></strong></span> <span class='ocrx_word' id='word_1_275' title='bbox 902 3436 958 3472; x_wconf 82' lang='grc' dir='ltr'><strong><em>των</em></strong></span> <span class='ocrx_word' id='word_1_276' title='bbox 970 3371 1124 3504; x_wconf 75' lang='grc' dir='ltr'><strong><em>ευθειῶν]</em></strong></span> 
     </span>
    </p>

    <p class='ocr_par' dir='ltr' id='par_1_8' title="bbox 59 3424 1072 3581">
     <span class='ocr_line' id='line_1_32' title="bbox 59 3424 1072 3581; baseline 0.002 -37"><span class='ocrx_word' id='word_1_277' title='bbox 59 3424 197 3581; x_wconf 48' lang='lat' dir='ltr'>&#39;comp</span> <span class='ocrx_word' id='word_1_278' title='bbox 207 3491 409 3549; x_wconf 75' lang='lat' dir='ltr'><strong>incertumV.</strong></span> <span class='ocrx_word' id='word_1_279' title='bbox 486 3485 853 3561; x_wconf 59' lang='grc' dir='ltr'><strong><em>11.1111111.«ω</em></strong></span> <span class='ocrx_word' id='word_1_280' title='bbox 869 3484 952 3556; x_wconf 59' lang='lat' dir='ltr'><strong><em>‹14th</em></strong></span> <span class='ocrx_word' id='word_1_281' title='bbox 965 3482 1017 3542; x_wconf 76' lang='grc' dir='ltr'><strong><em>«1ο</em></strong></span> <span class='ocrx_word' id='word_1_282' title='bbox 1037 3488 1072 3548; x_wconf 90' lang='grc'><strong><em>7.</em></strong></span> 
     </span>
    </p>
   </div>
   <div class='ocr_carea' id='block_1_5' title="bbox 0 0 1190 3796">
    <p class='ocr_par' dir='ltr' id='par_1_9' title="bbox 0 0 1190 3796">
     <span class='ocr_line' id='line_1_33' title="bbox 0 0 1190 3796; baseline 0 0"><span class='ocrx_word' id='word_1_283' title='bbox 0 0 1190 3796; x_wconf 95' lang='lat' dir='ltr'><strong><em> </em></strong></span> 
     </span>
    </p>
   </div>
  </div>
 </body>
</html>
