2362 3796
228 144 385 197 scnom
401 147 440 198 m
458 145 733 198 Εεεευεντονοεε
749 147 890 199 mmm
902 149 937 199 11.
1025 144 1090 210 239

71 284 205 372 γόνου,
232 284 381 353 τουτέστι
405 291 459 356 λέ·
487 288 639 372 γίνονται
662 290 720 352 π-α·
758 293 836 354 ίσου
863 286 932 355 ἐστὶ
953 292 1000 378 τῷ
1024 283 1090 356 ἀπὸ

71 394 133 477 τῆς
155 396 257 458 ΓΒΔ
278 391 486 482 τετραγοέ-νῳ.

140 500 195 564 47.
221 492 268 563 Ἡ
286 497 349 583 ὅλη
373 494 469 581 ὀκτοὸ,
493 493 514 583 ἡ
537 497 759 583 προσκειμέυη
783 499 938 585 τέσσαρα,
962 500 1001 567 τὸ
1024 497 1089 568 ἀπὸ

71 605 134 688 τής
152 600 233 688 ὅλης
251 600 316 671 σὺν
333 606 374 692 τῇ
393 604 615 692 προσκειμένῃ
633 603 689 671 καὶ
706 608 766 690 τῆς
783 604 1023 690 προσκειμένης
1036 610 1091 692 μή,

72 705 114 776 τὸ
146 705 212 776 ἀπὸ
244 712 302 796 τής
334 705 486 796 ἡμισείας
515 712 575 796 τής
607 707 686 796 ὅλης
713 715 758 781 ιξ·
806 706 892 796 ὁμοῦ
921 703 975 796 fd,
1007 709 1090 801 ὅπερ
1127 740 1144 790 5

75 812 166 882 είσλν
189 823 246 882 λσα
268 818 314 909 τῷ
338 812 404 883 ἀπὸ
429 819 489 902 τής
510 813 661 903 ἡμισείας
688 817 744 884 καλ
768 820 826 904 τής
850 818 1091 905 προσκειμένης

73 920 283 1012 τετραγώνῳ.

142 1030 196 1097 48.
232 1025 278 1095 Τὸ
298 1034 380 1113 ΛΗ,
404 1026 423 1097 ὅ
446 1030 537 1098 ἐστιν
560 1037 636 1097 ίσον
658 1032 704 1119 τῷ
727 1026 792 1097 ἀπὸ
815 1033 874 1115 τής
896 1036 963 1098 ΒΓ
980 1054 1090 1117 τετρα-

43 1205 45 1208 .
74 1132 175 1225 γωυῳ
199 1158 231 1220 p.
256 1136 336 1218 134,
359 1137 398 1218 6]
428 1137 459 1202 εί
485 1133 550 1222 γὰρ
577 1131 599 1221 ή
622 1141 689 1202 ΛΘ
712 1144 767 1222 ίση
791 1135 860 1203 ἐστὶ
882 1141 922 1225 τῇ
947 1142 1024 1222 ΓΒ,
1051 1134 1090 1204 τὸ

74 1246 154 1308 ΛΗ
172 1237 275 1308 οὐδὲν
298 1237 380 1308 ὅλλο
404 1239 496 1308 ἐστὶν
518 1236 539 1327 ή
563 1240 602 1308 τὸ
625 1238 690 1310 ἀπὸ
713 1244 773 1328 τῆς
795 1248 866 1311 ΒΓ.
1110 1272 1144 1321 10

448 1455 504 1520 Ad
528 1477 633 1540 prop.
656 1456 729 1521 VII.

82 1588 85 1593 '
143 1578 196 1643 49.
225 1572 271 1643 Ἡ
282 1582 350 1642 AB
374 1567 599 1662 μουιίθωνῖὅ·
628 1575 756 1663 ἐτμήθη
780 1579 827 1655 είς
849 1586 871 1661 η
893 1568 996 1643 καὶὸ.
1033 1581 1092 1663 τής

75 1680 159 1768 ὅλης
171 1681 210 1750 τὸ
229 1680 441 1770 τετράγωνον
455 1685 522 1769 ρμὸ
539 1683 595 1749 καὶ
612 1686 674 1750 τοῦ
687 1682 854 1768 τμήματος
872 1686 917 1752 ι’ς·
942 1679 1027 1768 ὁμοῦ
1042 1674 1090 1769 ρ’ξ.

74 1787 115 1856 τὸ
138 1788 192 1868 ὅλς
213 1784 280 1857 ὑπὸ
308 1792 368 1874 τής
395 1785 475 1873 ὅλης
501 1787 556 1853 καλ
582 1791 643 1855 τοῦ
670 1787 838 1875 τμήματος
859 1777 896 1872 ιβ
919 1788 971 1854 ἐπὶ
993 1780 1020 1854 ὅ
1043 1792 1090 1874 γί·

75 1920 194 1963 νονται
213 1899 267 1982 ρῖη,
290 1886 384 1962 καὶὸ
407 1892 460 1961 ἐπὶ
479 1884 515 1979 VB
533 1898 685 1979 γίνονται
703 1898 762 1980 μή·
786 1890 873 1980 ὁμοῦ
890 1899 943 1982 ξξ.
979 1895 1035 1961 καὶ
1052 1892 1090 1964 τὸ
1112 1922 1144 1972 15

76 1998 145 2069 ἀπὸ
162 2004 225 2070 τοῦ
243 2004 365 2069 λοιποῦ
383 1996 552 2086 τμήματος
569 2001 791 2088 τετράγωνον,
809 2001 958 2068 τουτέστι
976 2005 1044 2069 τῶν
1058 2013 1091 2088 η,

76 2112 232 2193 γίνονται
255 2096 303 2188 {V
349 2103 436 2192 ὁμοῦ
460 2095 511 2192 ρξ’
540 2102 619 2192 ὅπερ
643 2105 735 2173 ἐστὶν
758 2114 842 2175 ίσον.

145 2215 197 2282 50.
220 2210 331 2280 Ἔστω
356 2211 417 2298 ὅλη
441 2212 532 2280 ῐκαὶ
554 2212 745 2298 τετμήσθω,
774 2211 818 2295 ὡς
841 2219 971 2302 ἔτυχεν,
1000 2217 1047 2294 είς
1069 2225 1092 2301 η

76 2318 134 2386 καὶ
158 2310 192 2403 ὅ.
245 2319 283 2385 τὸ
312 2309 375 2386 οὖν
403 2315 469 2385 ιἰπό
496 2321 555 2403 τής
583 2314 661 2404 ὅλης
688 2319 743 2386 καὶ
769 2319 808 2387 τὸ
836 2317 895 2407 ἀφ’
921 2319 997 2400 ἑνὸς
1023 2323 1092 2388 των

77 2422 260 2510 τμημάτων
281 2424 323 2490 τὰ
348 2422 585 2511 συναμφότερα
608 2424 801 2511 τετράγωνα
825 2434 882 2494 ίσα
904 2426 973 2494 ἐστὶ
991 2429 1037 2518 τῷ
1057 2450 1092 2494 τε
1110 2454 1146 2505 20

80 2528 133 2607 θὶς
159 2525 223 2597 ὑπὸ
252 2531 312 2615 τής
339 2527 420 2614 ὅλης
445 2529 501 2597 καὶ
529 2533 591 2597 τοῦ
614 2532 792 2619 είρημέυου
814 2530 982 2619 τμήματος
1003 2556 1090 2620 περι·

81 2636 227 2725 εχομένῳ
252 2635 452 2726 ὀρθογωνίῳ
474 2634 530 2702 καὶ
552 2638 599 2727 τῳ
622 2635 687 2704 ἀπὸ
707 2642 768 2705 τοῦ
786 2642 907 2706 λοιποῦ
925 2636 1093 2725 τμήματος

117 2792 332 2918 60471ὲΑὸοἱε1.
395 2797 439 2848 48.
452 2811 475 2849 r.
545 2801 589 2850 49.
603 2792 1091 2865 F(multislooiseuan.)bV¹²(lP').

152 3011 176 3061 2.
198 3007 285 3060 ΓΘΑ
303 3003 331 3060 b.
403 3009 429 3060 3.
448 2999 534 3076 ὀκτώ]
554 3017 566 3058 ῖ
583 2967 674 3060 Ooisl.¹
725 3003 860 3078 τέσσαρα]
879 2996 898 3079 ὅ
916 3002 999 3061 Coisl.
1066 3012 1092 3062 4.

78 3093 128 3166 μ-η]
147 3097 184 3148 τε
203 3091 288 3149 σείει
379 3096 404 3179 μ
428 3110 456 3178 ¹5
488 3102 524 3150 τε
542 3090 626 3147 οοω.
707 3086 753 3166 εὀ]
772 3098 815 3165 ιε
833 3094 917 3151 com.
1000 3100 1042 3150 ω.
1061 3091 1092 3184 ἡ]

77 3163 149 3220 ἔστω
167 3160 186 3235 ἡ
205 3163 240 3219 V.
316 3169 358 3218 13.
377 3183 449 3235 ομια
478 3166 534 3219 ,καί
552 3162 621 3218 είτιν
640 3163 679 3233 V,
698 3164 770 3220 εἰσιν
789 3182 879 3236 comp.
897 3166 925 3223 b.
999 3171 1041 3224 14.
1060 3187 1092 3222 το

76 3252 122 3316 θὶς
140 3247 216 3326 ὅτιὸ]
240 3269 296 3309 om.
316 3251 350 3309 V.
441 3252 517 3307 Ante
534 3242 564 3322 Ῑβ
589 3250 652 3308 add.
672 3254 721 3308 καλ
738 3251 825 3311 πάλιν
842 3256 867 3325 1,
890 3255 921 3312 ολ
939 3272 1023 3326 supm
1040 3274 1093 3314 εον.

77 3323 191 3410 111.μῖ
247 3328 290 3380 15.
310 3320 398 3396 ὅμοῦ]
417 3339 478 3409 om.
488 3321 515 3377 b.
526 3393 539 3406 .
572 3327 613 3377 16.
632 3323 701 3396 τῶν]
719 3323 771 3382 τόν
788 3327 819 3383 Ρ.
875 3333 917 3412 ¹⁷:
935 3326 1046 3411 γίνεται
1058 3327 1094 3384 V.

114 3414 187 3464 ομου
202 3425 236 3435 -
251 3395 328 3467 ἴσον]
346 3394 365 3449 b
386 3397 456 3482 (pr-0-
467 3412 539 3462 ομου
558 3393 622 3448 hab.
638 3393 692 3449 είσι
711 3401 822 3470 ωσπερ),
839 3399 964 3471 υοεωςιε
981 3399 1102 3465 aad&

78 3482 130 3538 καὶ
147 3478 220 3553 ὁμοῦ
238 3477 274 3536 τὰ
294 3489 332 3554 οἶ
349 3482 398 3536 καλ
416 3484 453 3549 ξθ
469 3481 503 3552 {E
521 3479 548 3537 V
567 3479 714 3555 (similizet
728 3487 779 3558 ἣ.
1096 3494 1104 3509 ¹
