2362 3796
236 121 394 174 SCHOLIA
412 122 451 173 IN
468 123 743 174 ELEMENTORUM
759 124 899 175 LIBRUM
911 124 934 176 1.
1043 119 1087 184 95

72 287 132 340 τας
155 260 217 348 μέν
239 259 344 350 άκρας
367 258 480 328 αὐτόν
504 261 665 348 δυνάμεις
690 263 747 330 καὶ
775 263 893 348 έφετδις
915 269 1088 353 σταθερός

75 365 121 446 ὡς
142 368 267 458 κέντρῳ
295 367 511 455 καθιδρόων,
543 367 584 435 τά
611 367 648 435 δέ
676 367 791 454 πλήθη
818 373 886 437 τῶν
908 370 1087 458 δυνάμεων

74 473 113 542 τὸ
146 475 221 561 περὶ
254 471 357 554 αὐτάς
389 475 539 560 ἐνεργεῖν
570 476 741 561 παρέχων,
777 488 850 554 ταῖς
886 475 923 542 δέ
955 491 1088 562 νοεραῖς

75 578 208 660 οὐσίαις
233 579 272 649 τὸ
300 585 481 659 διαιωνίως
509 583 659 668 ἐνεργεῖν
685 580 741 648 καὶ
769 579 853 665 πρὸς
880 579 999 661 ἑαυτάς
1022 583 1089 649 ἐπι-

75 687 233 773 στρέφειν
259 687 315 754 καὶ
342 684 422 770 παρ’
448 687 575 754 ἑαυτῶν
603 690 820 775 πληροῦσθαι
844 690 903 772 τής
924 684 1088 771 γνάσεως.
1125 708 1142 757 ο

74 806 147 872 ταῖς
166 792 204 860 δέ
222 804 343 879 ψυχαῖς
357 794 529 880 ἐπιλάμπει
548 791 586 862 τό
601 790 782 879 αάτόζωον,
801 791 840 860 τὸ
856 790 1089 878 αὐτοκίνητον,

74 897 113 967 τό
133 898 218 985 πρὸς
235 902 322 967 νοῦν
340 900 609 987 ἐπιστρέφεσθαι,
633 898 671 968 τὸ
689 898 749 979 τὰς
768 903 892 980 οἰκείας
910 897 1090 987 περιόδους

77 1001 281 1091 άνελίσσειν,
311 1018 383 1086 τοῖς
412 1004 450 1073 δέ
479 1003 651 1092 οὐρανίοις
679 1005 807 1093 σάμασι
834 1004 899 1092 τήν
921 1003 1005 1089 πρὸς
1027 1002 1090 1073 τὸν

74 1115 161 1180 νοῦν
187 1110 417 1199 άφομοίωσιν,
448 1125 520 1191 τοῖς
547 1110 579 1178 δ’
605 1109 670 1180 ὑπὸ
699 1112 843 1199 σελήνην
869 1109 933 1198 τήν
956 1115 994 1180 ἐν
1016 1124 1089 1191 ταῖς

73 1223 270 1304 μεταβολαῖς
288 1216 440 1304 πρόοδον
458 1217 514 1284 καὶ
531 1243 571 1286 το
590 1220 627 1285 ἐν
645 1231 715 1298 τοῖς
735 1232 887 1304 γενητοῖς
900 1216 1087 1306 ἀγέννητον
1107 1241 1141 1291 10

72 1325 128 1392 καὶ
150 1322 212 1410 τήν
235 1324 364 1391 άείδιον
388 1329 644 1409 παλιγγενεσίαν
671 1324 726 1391 καὶ
753 1323 816 1412 τήν
841 1323 924 1413 πρὸς
946 1325 1007 1394 τὸν
1032 1322 1087 1394 οὐ·

75 1430 181 1515 ρανόν
205 1427 430 1517 άφομοίωσιν,
453 1443 524 1507 τοῖς
547 1430 587 1496 δέ
606 1455 645 1515 γε
663 1428 752 1517 παρά
771 1430 876 1516 φύσιν
895 1433 1087 1518 λεγομένοις

78 1535 160 1623 ὅρον
182 1536 238 1602 καλ
265 1535 361 1614 τάξιν
390 1537 568 1620 ἐπιτίθησι.
614 1534 653 1602 ου’
685 1533 750 1620 γάρ
783 1535 938 1622 εὐφορίαι
968 1537 1088 1623 μόνον,

78 1637 162 1706 άλλδι
188 1640 244 1706 καὶ
272 1637 414 1725 άφορίαι
442 1637 523 1705 κατὰ
552 1638 753 1724 περιτροπάς
780 1647 1012 1725 συνίστανται,
1045 1637 1090 1719 όός

77 1761 183 1831 φησιν
207 1740 226 1811 ό
250 1745 287 1810 ἐν
311 1747 473 1832 Πολιτείᾳ
494 1746 563 1809 τῶν
586 1753 722 1829 μουσῶν
749 1743 857 1829 λόγος.
902 1745 958 1812 καὶ
981 1747 1090 1813 πάντα
1109 1770 1143 1819 1ο

77 1849 116 1918 δὲ
138 1847 179 1918 τά
203 1848 303 1934 κακά,
332 1853 363 1915 εί
383 1848 438 1916 καλ
462 1845 659 1935 άπέρριπται
681 1848 797 1937 πόρρω
820 1873 888 1917 που
910 1848 976 1918 άπὸ
998 1859 1090 1920 θεοῖν

74 1961 123 2037 εἰς
144 1953 207 2024 τὸν
230 1952 364 2039 θνητὸν
385 1954 440 2021 καλ
468 1951 521 2022 άελ
548 1953 840 2042 μεταβαλλόμενον
867 1954 986 2042 τόπον,
1014 1954 1088 2025 ἀλλ’

75 2055 139 2132 οὖν
172 2067 359 2148 περιπολεῖ,
392 2061 497 2147 φησὶν
526 2057 544 2129 ό
569 2060 762 2148 Σωκράτης.
818 2059 919 2130 οὐδὲν
946 2065 1091 2151 άμοιρον

37 2196 39 2200 ·
76 2167 142 2255 άρα
171 2168 336 2235 λέλειπται
363 2171 423 2254 τής
450 2171 607 2254 κυκλικῆς
635 2166 843 2255 ὁμοιότητος·
880 2167 934 2238 διό
963 2171 1020 2239 καλ
1047 2169 1088 2239 τά

77 2275 162 2361 μέσα
189 2274 308 2358 κέντρα
336 2275 466 2361 συνέχει
494 2277 552 2360 τής
578 2276 730 2359 προόδου
757 2280 825 2344 τόν
849 2274 1005 2366 άριθμῶν
1028 2282 1087 2365 τής
1106 2305 1140 2354 20

78 2376 143 2446 άπὸ
167 2378 314 2465 μονάδος
336 2377 413 2467 άχρι
437 2378 589 2459 δεκάδος·
613 2377 718 2469 ήγόιρ
737 2382 865 2469 πεμπὰς
881 2384 938 2452 καὶ
958 2384 1032 2466 ἑξὰς
1052 2387 1087 2452 ἐκ

77 2485 214 2555 πάντων
241 2483 303 2572 τήν
330 2484 491 2572 κυκλικὴν
519 2489 743 2556 ἐπιδείκνυται
771 2488 930 2578 δύναμιν·
967 2498 1085 2559 πολλα-

76 2591 332 2679 πλασιαζόμενοι
350 2591 416 2680 γάρ
436 2597 483 2672 είς
497 2593 637 2673 ἑαντονς
649 2592 903 2681 καταλήγουσιν.
936 2596 1088 2683 προόδου

77 2698 139 2786 μὲν
162 2691 224 2766 οὖν
254 2695 271 2766 ὁ
298 2699 614 2786 πολλαπλασιασμδς
641 2709 761 2786 αίτιος,
793 2697 814 2786 ή
844 2701 881 2770 δέ
909 2705 956 2780 εἰς
984 2697 1087 2765 αὑτὸν

74 2804 250 2892 κατάληξις
272 2808 483 2893 ἐπιστροφής,
505 2805 543 2874 τὸ
568 2805 606 2873 δέ
629 2805 886 2893 συναμφότερον
909 2802 1087 2890 ήκυκλική
1107 2827 1140 2877 25

75 2912 249 2999 παρέχεται
269 2911 419 2998 δύναμις.
448 2909 533 2979 άλλδι
552 2914 656 2979 ταῦτα
675 2910 736 2996 μέν
756 2902 837 2978 ὦδε·
860 2908 1086 2995 θεωρήσωμεν

74 3019 123 3102 δέ,
147 3015 236 3099 ὅπως
259 3023 305 3098 είς
322 3022 434 3086 πάσαν
454 3014 628 3104 άκρίβειαν
648 3014 666 3083 ό
685 3020 746 3083 τοῦ
765 3015 892 3083 κύκλον
911 3012 990 3100 ὅρος
1008 3011 1089 3082 άπο-Ι

146 3255 170 3302 6.
199 3244 364 3316 αότόζωον]
394 3241 465 3299 αότὸ
495 3246 556 3311 ζῶν.
644 3251 685 3300 13.
715 3241 865 3310 ἐπιτνθεῖςς
898 3245 945 3300 cfr.
974 3245 1087 3304 Proelus

73 3338 100 3389 p.
114 3324 174 3386 149,
189 3325 232 3374 27.
306 3313 456 3386 εὐφορίαν]
475 3335 493 3369 υ
512 3318 542 3370 ελ
555 3316 632 3385 prius
647 3336 657 3369 ι
672 3317 819 3384 expuncta.
892 3321 933 3372 14.
953 3313 1085 3391 άφορίαι]

73 3392 281 3458 (expunctum.
356 3389 398 3439 18.
418 3380 535 3456 άμορον,
555 3402 709 3456 suprascr.
729 3405 747 3439 ι.
795 3427 798 3434 .
820 3390 862 3440 21.
884 3383 928 3459 ἐκ]
949 3405 1017 3456 om.;
1037 3388 1087 3443 cfr.

74 3459 192 3516 Procius
210 3478 237 3528 p.
258 3463 318 3525 150,
339 3460 380 3511 19.
