2362 3796
109 160 176 224 220
263 161 419 213 SCHOLIA
437 163 476 214 IN
494 161 770 213 ELEMENTORUM
787 161 962 215 LIBRUMI.

109 305 255 368 τοπικῶν
279 298 391 369 αὐτῶν
413 299 643 388 θεωρημάτων
672 303 795 380 ίκανῶς
816 297 903 388 ἡμᾶς
926 297 1122 388 ἀναμνήσας

109 412 177 475 τῶν
195 433 230 474 τε
247 412 441 476 καθολικων
459 409 601 476 καὶτῶν
620 407 672 476 ἐπὶ
691 408 812 496 μέρους
829 405 892 493 τήν
911 413 1121 494 στοιχείωσιν

110 512 256 601 ἐκφήνας
282 515 338 583 καὶ
365 525 434 583 τῶν
462 513 665 600 άδιορίστων
693 514 750 581 καί
777 514 1011 602 διωρισμένων
1043 538 1121 601 προ·

109 620 288 708 βλημάτων
306 619 369 708 τήν
388 620 556 709 διαφοράν
575 620 817 708 ἐνδειξάμενος,
841 616 862 687 ά
881 618 923 707 δή
943 619 1053 689 πάντα
1066 622 1122 689 καὶ

74 723 203 814 σήμείς
230 725 319 818 αὐτῷ
348 729 570 814 συνεπόμενοι
598 725 875 814 διηρθροίσαμεν,
907 723 989 795 ὅλον
1020 726 1058 794 δὲ
1085 725 1121 795 τδ

109 838 242 918 βιβλίον
260 838 308 913 είς
327 835 386 903 ἕνα
404 833 531 902 σκοπὸν
550 832 741 919 άνενεγκάν
758 831 821 920 τήν
840 837 1050 919 στοιχείωσιν
1066 836 1123 919 τής

109 940 184 1027 περὶ
205 944 274 1007 τῶν
298 936 537 1007 άπλουστάτωυ
556 936 808 1027 εὐθυγράμμων
826 944 973 1027 θεωρίας
990 939 1047 1006 καὶ
1065 937 1123 1018 τάς

108 1071 144 1113 τε
167 1044 341 1124 συστάσεις
366 1043 479 1113 αὐτῶν
508 1044 651 1132 ἐξευρὼν
678 1046 734 1113 καὶ
761 1045 801 1114 τά
833 1041 913 1112 καθ’
943 1041 1030 1111 αὑτά
1061 1041 1121 1112 ὑπ-

109 1150 255 1236 άρχοντα
288 1149 402 1231 αὐτοῖς
435 1148 716 1237 άνασκειίιάμενος.
775 1149 870 1238 ἡμεῖς
906 1151 960 1237 δέ,
997 1154 1029 1218 εί
1060 1149 1121 1237 μὲν

57 1280 90 1329 10
110 1259 338 1341 δυνηθείημεν
364 1256 421 1323 καὶ
447 1269 518 1335 τοῖς
543 1264 673 1337 λοιποῖς
699 1258 760 1326 τδν
786 1254 892 1325 αὐτὸν
918 1255 1046 1344 τρόπον
1073 1258 1121 1337 ἐξ·

109 1367 236 1446 ελθεϊν,
254 1374 323 1441 τοῖς
340 1370 435 1441 θεοῖς
452 1357 496 1429 άν
515 1360 614 1450 χάριν
629 1361 908 1451 ὁμολογήσαιμεν,
927 1366 959 1431 εί
971 1363 1010 1431 δὲ
1021 1360 1120 1430 άλλαι

109 1469 288 1553 φροντίδες
310 1464 398 1555 ἡμᾶς
419 1466 667 1555 περισπάσαιεν,
689 1495 768 1550 τους
791 1468 1041 1557 φιλοθεάμονας
1059 1470 1122 1554 τής

108 1577 254 1661 θεωρίας
285 1574 407 1660 ταύτης
438 1571 596 1662 ἀξιοῦμεν
627 1573 711 1643 κατά
741 1578 803 1661 τὴν
832 1573 940 1662 αὐτην
967 1576 1119 1662 μέθοδον

108 1681 164 1748 καὶ
195 1682 263 1748 τῶν
296 1681 370 1766 ἑξής
401 1679 609 1767 ποιήσασθαι
641 1686 782 1767 βιβλίων
809 1679 870 1768 τήν
899 1679 1057 1768 ἐξήγησιν
1083 1677 1121 1747 τὸ

57 1807 90 1857 15
109 1790 377 1873 πραγματειῶδες
412 1790 584 1873 πανταχοῦ
624 1787 680 1854 καὶ
717 1783 925 1875 εὐδιαίρετον
961 1785 1122 1872 μεταδιώ-

108 1917 243 1978 κοντας,
272 1890 316 1973 ὡς
337 1893 378 1961 τά
400 1919 439 1980 γε
462 1891 633 1981 φερόμενα
654 1897 721 1962 νῦν
743 1891 967 1980 ὑπομνήματα
989 1890 1121 1979 πολλὴν

107 1998 163 2065 καὶ
190 1997 409 2086 παντοδαπὴν
436 2005 502 2086 ἔχει
529 1997 592 2086 τήν
626 1999 790 2086 σύγχυσιν
819 2002 925 2078 αίτίας
952 1994 1122 2067 άπόδοσιν

109 2099 271 2189 οὐδεμίαν
295 2106 559 2192 συνεισφέρουτα
581 2100 662 2172 οὐδὲ
679 2109 791 2192 κρίσιν
810 2100 1022 2189 διαλεκτικήν
1042 2100 1124 2171 οὐδὲ

109 2214 259 2295 θεωρίαν
282 2209 481 2295 φιλόσοφον.

181 2409 206 2456 2.
225 2420 387 2471 τωιχειωσιν
406 2403 436 2457 Ρ.
510 2409 534 2458 3.
555 2400 679 2475 ἐκφῆναι
697 2405 728 2461 Ρ.
