2362 3796
121 118 186 181 212
273 119 429 171 SOHOLIA
447 121 486 170 IN
504 116 778 169 ELEIIENTORUM
796 116 937 169 LIBRUM
949 116 973 169 1.

190 263 262 326 147.
293 256 394 345 Ὀρθὴ
418 257 456 325 δὲ
479 255 499 344 ἡ
523 255 589 326 ὑπὸ
616 264 722 324 ΒΑΛ
743 281 774 343 p.
794 259 868 341 108,
886 258 944 338 26]
969 254 1061 323 διότι
1084 260 1141 340 ἴση

121 364 190 432 ἐστὶ
217 368 257 452 τῇ
282 371 389 432 ΑΔΕ
413 364 469 430 καλ
498 361 576 432 οὔτε
603 368 723 449 μείζων
751 360 827 431 οὔτε
855 360 1025 446 ἐλάσσων,
1059 356 1141 447 ὅπερ

122 466 264 555 ῶφειλευ
298 475 403 556 ἔχειν,
441 473 472 536 εἰ
502 473 626 556 κυρίως
658 469 759 536 θυσλν
792 463 913 555 ὀρθαλς
943 472 1016 533 λσαι
1052 456 1141 553 ἦσαν

120 570 316 661 άμφότεραι.

86 718 102 767 5
459 700 517 764 Ad
540 721 646 784 prop.
668 697 802 764 XLVII.

190 825 264 889 148.
297 818 352 887 Ἐν
380 824 426 913 τῶ
454 819 597 907 σχήματι
624 823 687 887 τοῦ
709 821 762 906 μζ
784 818 1005 907 θεωρήματος
1033 824 1137 907 μέσον

121 929 183 1016 μέν
207 931 275 996 ἐστι
298 931 480 1013 τρίγωνον,
508 924 575 994 ὑπὸ
603 923 666 1012 τὴν
693 925 795 1011 βάσιν
824 924 861 992 θλ
882 929 944 993 τοῦ
967 924 1137 1013 τριγώνου

121 1037 188 1102 ἐστὶ
206 1034 429 1119 τετράγωνον,
453 1032 565 1101 ἐπάνω
585 1031 623 1099 δὲ
640 1034 702 1100 τοῦ
719 1029 888 1117 τριγώνου
906 1028 961 1118 ἐφ’
983 1032 1138 1119 ἑκατέρας

121 1142 268 1225 πλευράς
290 1137 498 1223 τετράγωνα,
527 1134 573 1216 ῶς
601 1132 688 1203 εἶναι
710 1134 749 1203 τὸ
773 1133 856 1204 ὅλον
879 1139 989 1224 σχῆμα
1011 1137 1050 1205 ἐκ
1072 1163 1137 1225 τρι-

70 1264 103 1312 10
122 1244 236 1330 γώυου
269 1240 344 1320 ἑνὸς
374 1244 430 1310 καὶ
462 1246 566 1328 τριῶν
601 1240 829 1330 τετραγώνων.
884 1243 991 1330 φησὶν
1023 1234 1088 1312 οὖν
1118 1239 1135 1311 ὃ

124 1346 335 1435 στοιχειωτὴς
367 1350 403 1415 ἐν
435 1375 474 1436 τη
508 1347 668 1434 προτάσει
703 1351 764 1415 τοῦ
796 1349 1020 1434 προκειμένου
1053 1356 1134 1415 θεω-

123 1454 284 1541 ρήματος,
313 1451 365 1520 ὅτι
392 1451 430 1521 τὸ
459 1452 616 1521 ὑποκάτω
643 1456 704 1522 τοῦ
732 1455 903 1539 τριγώνου
925 1452 1132 1541 τετράγωνον

124 1570 200 1629 ἴσον
223 1559 292 1628 ἐστὶ
316 1572 387 1639 τοῖς
410 1560 488 1627 δυσὶ
513 1559 735 1645 τετραγώνοις
756 1571 827 1638 τοῖς
854 1558 968 1627 ἐπάνω
990 1562 1054 1628 τοῦ
1073 1586 1137 1647 τρι-

123 1666 246 1754 γώνου.
292 1663 538 1735 ὑποτείνουσαν
561 1664 625 1751 γὰρ
649 1663 799 1752 πλευρὰν
825 1664 863 1733 τὸ
887 1671 1056 1751 τρίγωνον
1078 1664 1137 1753 τὴν

72 1791 104 1840 15
123 1773 224 1857 βάσιν
239 1774 338 1858 λέγει,
357 1770 573 1858 περιεχούσας
588 1770 625 1837 δὲ
639 1768 784 1858 πλευράς
797 1768 856 1849 τὰς
870 1771 923 1838 ἐπὶ
936 1775 997 1859 τῆς
1010 1772 1138 1858 βάσεως

126 1880 302 1965 ἱσταμένας
335 1879 552 1964 ἑκατέρωθεν.
610 1873 705 1963 ἡμεῖς
736 1873 774 1942 δὲ
805 1874 864 1955 τὰς
895 1878 932 1945 ἐν
960 1877 1052 1971 μέσῳ
1079 1882 1138 1947 τοῦ

126 1984 375 2072 διαγράμματος
408 1981 544 2062 εὐθείας
575 1987 793 2068 κατελίπομεν
825 1981 910 2072 πρὸς
938 1982 1052 2072 μόνην
1078 1982 1139 2071 τὴν

125 2089 288 2173 πρότασιν
307 2094 406 2156 τοῦτο
422 2088 675 2175 θιαγράψαντες.
708 2084 770 2155 οὐκ
789 2089 842 2156 ἐπὶ
860 2088 998 2157 πάντων
1016 2090 1057 2160 δὲ
1074 2094 1139 2158 τῶν

124 2192 300 2277 τριγώνων
323 2196 422 2259 τοῦτο
447 2195 588 2261 δύναται
610 2200 776 2280 γίνεσθαι.
814 2193 892 2262 οὔτε
914 2193 980 2281 γὰρ
998 2196 1054 2263 ἐπὶ
1072 2199 1141 2265 τῶν

73 2316 107 2364 20
126 2294 320 2382 ὀξυγωνίων
340 2294 416 2364 οὔτε
431 2299 483 2366 ε’πλ
502 2303 570 2367 τῶν
589 2299 846 2387 άμβλυγωυίων,
866 2296 939 2367 ἀλλ’
956 2300 1010 2369 ἐπὶ
1024 2302 1141 2388 μόνων

125 2405 193 2468 τῶν
221 2401 452 2489 ὀρθογωνίων.
498 2406 568 2473 ἐπεὶ
593 2405 630 2474 θλ
652 2404 693 2474 τά
718 2403 914 2493 ὀρθογώνια
937 2400 959 2491 ἢ
984 2410 1141 2495 ίσοσκελῆ

126 2511 212 2574 εἰσιν
240 2503 261 2592 ἢ
291 2510 455 2595 σκαληυά,
483 2509 655 2579 ἀθάνατον
682 2515 783 2579 τοῦτο
810 2516 968 2597 γίνεσθαι
996 2514 1142 2582 ἐπὶτῶν

127 2617 310 2681 ἰσοσκελῶν
347 2613 402 2682 διὰ
439 2642 476 2685 το
513 2615 577 2703 τὴν
614 2617 713 2702 βάσιν
751 2616 911 2685 ἐλάττονα
948 2623 1037 2705 ἔχειν
1072 2623 1143 2687 τῶν

126 2728 296 2809 πλευρῶν,
328 2724 427 2789 τοῦτο
461 2721 499 2789 θλ
531 2721 568 2790 τὸ
603 2719 770 2790 ἀνάπαλιν
804 2729 912 2809 ζητεῖν
942 2722 1006 2811 τὴν
1040 2724 1143 2811 βάσιν

74 2845 108 2895 25
127 2833 260 2913 μείζονα
284 2823 372 2894 εἶναι
396 2829 553 2916 ἑκατέρου
576 2833 644 2896 τῶν
668 2833 806 2899 σκελῶν.
851 2826 981 2917 ἀνάγκη
1009 2822 1076 2899 οὖν
1103 2829 1141 2899 τὸ

128 2938 283 3001 τοιοῦτον
298 2938 406 3020 σχῆμα
426 2935 478 3000 ἐπὶ
497 2934 612 3020 μόνων
630 2938 699 3002 τῶν
714 2942 892 3021 σκαληνῶν
907 2940 1141 3005 συνίστασθαι

128 3038 398 3125 καθολικώτερον
423 3039 460 3106 θλ
482 3041 558 3126 περὶ
580 3040 703 3109 τούτου
720 3044 782 3107 τοῦ
802 3039 968 3127 σχήματος
986 3044 1024 3111 ἐν
1042 3047 1088 3135 τῷ
1109 3041 1141 3115 ς’

128 3147 246 3235 βιβλίῳ
271 3145 500 3231 διαλαμβάνει,
525 3144 569 3226 ῶς
592 3149 695 3214 ίκείσε
717 3145 895 3232 γενόμενοι
918 3147 1091 3236 εἰσόμεθα.

129 3261 342 3272 ——-—

202 3308 261 3357 εει.
280 3321 307 3372 p.
381 3309 440 3359 148.
460 3303 500 3358 νε
515 3303 580 3374 (sq).

130 3400 343 3415 ————

201 3447 245 3498 20.
265 3438 413 3512 ὀξυγώνιον
432 3445 466 3501 V.
539 3442 731 3520 άμβλυγώνων
750 3446 783 3502 V.
