2362 3796
158 148 223 214 736
414 152 597 203 Αεεεεωοε
615 151 853 204 εοεοεεοεοεε
870 151 919 204 1v.

157 289 238 379 μετὰ
255 295 318 361 τοῦ
335 289 402 360 ἀπὸ
423 297 484 361 τοῦ
504 297 625 360 λοιποῦ
644 293 767 380 μέρους
784 292 1004 382 τετραγώνου
1023 295 1116 374 λσοςέι

156 408 202 490 τῷ
231 396 296 489 ἀπὸ
325 403 387 467 τοῦ
415 396 498 467 ὅλου
528 399 585 466 καὶ
615 403 678 466 τοῦ
704 400 954 486 προειρημένου
983 401 1116 489 μέρουςι

156 502 217 592 ἀφ’
238 500 317 585 ἑνὸς
339 505 549 596 τετραγώνῳ·
578 503 659 593 ὅπερ
684 510 752 573 ἔδει
775 509 891 588 δεῖξαι.

640 702 688 768 θ’.

121 843 138 892 σ
221 820 301 892 'mv
324 821 471 912 ἀριθμὸς
493 829 651 914 διαιρεθῇ
676 830 768 912 δίχα,
798 829 845 892 ἔτι
873 823 913 893 δὲ
937 829 1116 914 διαιρεδῄι

156 932 204 1008 είς
231 929 370 1011 ἀνίσους
397 929 582 1018 ἀριθμούς,
613 933 649 999 oc
674 927 740 999 ἀπὸ
769 934 837 999 τών
860 927 993 1000 ἀνίσων
1017 929 1116 1019 ἀριδμι

154 1034 359 1122 τετράγωνοι
382 1036 558 1105 διπλάσιοί
578 1042 643 1105 είσι
660 1041 722 1106 τοῦ
741 1035 806 1105 ἀπὸ
825 1041 888 1105 τοῦ
907 1035 1047 1124 ἡμίσεος
1062 1062 1116 1124 τετρ

154 1140 270 1227 γώνου
292 1141 373 1228 μετὰ
396 1145 458 1211 τοῦ
481 1140 547 1211 ἀπὸ
569 1147 630 1212 τοῦ
653 1142 775 1230 μεταξὺ
798 1144 1022 1231 τετραγώνου.

222 1245 335 1337 ἄρτιος
356 1248 422 1338 γάρ
446 1247 593 1338 ἀριθμὸς
615 1247 634 1318 6
658 1255 701 1336 αβ
725 1255 802 1337 δίχα
826 1250 1007 1338 διῃρήσθω
1030 1255 1074 1332 είς
1088 1276 1116 1318 το

103 1374 136 1425 10
155 1379 209 1440 αγ,
222 1359 265 1441 γβ
283 1350 465 1442 ἀριθμούς,
484 1360 532 1436 είς
549 1354 688 1436 ἀνίσους
708 1355 745 1424 δὲ
760 1354 937 1444 διῃρήσθω
951 1355 1034 1437 τοὺς
1052 1360 1116 1442 αδ,ι“

153 1459 251 1544 λε’γω,
270 1456 322 1529 ὅτι
341 1464 377 1530 ολ
393 1459 458 1529 ἀπὸ
478 1470 546 1528 τών
561 1464 615 1547 αδ,
631 1466 674 1548 δβ
692 1458 896 1549 τετράγωνοι
914 1461 1089 1532 διπλώσιοί
1101 1487 1116 1530 ει

152 1567 220 1631 τών
244 1562 310 1634 ἀπὸ
334 1570 403 1636 τών
427 1593 480 1652 αγ,
494 1571 537 1651 γδ
559 1567 787 1656 τετραγώνων.

220 1672 290 1740 ἐπεὶ
303 1672 368 1761 γάρ
383 1671 498 1762 ἄρτιος
512 1670 658 1760 ἀριθμὸς
673 1671 691 1741 6
708 1680 751 1760 αβ
765 1679 813 1754 είς
827 1683 921 1753 ίσους
936 1674 1001 1761 μὲν
1017 1675 1116 1764 διῄριμ

151 1775 230 1856 τοὺς
259 1805 313 1864 αγ,
331 1785 389 1865 γβ,
418 1784 465 1860 είς
492 1777 632 1861 ἀνίσους
659 1780 697 1848 δὲ
723 1779 802 1860 τοὺς
826 1784 884 1866 αδ,
904 1784 963 1866 δβ,
994 1780 1013 1849 ὁ
1043 1781 1102 1869 ἀρα

101 1903 134 1953 ιο
151 1887 220 1952 τῶν
235 1888 289 1972 αδ,
304 1889 347 1970 δβ
366 1884 447 1973 μετὰ
464 1890 524 1954 τοῦ
538 1884 604 1954 ἀπὸ
619 1889 681 1954 τοῦ
694 1891 737 1972 γδ
773 1922 777 1959 ι
966 1922 1116 1960 ι-ε-

153 1998 225 2072 ίσος
247 1991 316 2060 ἐστὶ
338 1995 384 2084 τῷ
403 1988 469 2060 ἀπὸ
487 1996 549 2062 τοῦ
565 2020 607 2079 αγ
625 2019 737 2081 τετρα-
767 1979 786 2012 α
960 1979 976 2028 7
1060 1963 1077 2014 ὃ

150 2095 258 2189 γώυῳ.
305 2096 323 2166 6
347 2099 400 2178 δὶς
423 2097 489 2185 ἀρα
513 2102 549 2167 ἐκ
571 2103 640 2168 τών
658 2104 718 2185 αδ,
739 2103 781 2185 δβ
809 2097 889 2185 μετὰ
918 2099 982 2168 δύο
1009 2097 1116 2169 τῶνά

150 2206 212 2270 τοῦ
239 2208 282 2289 γδ
308 2203 529 2293 τετραγώνων
557 2203 732 2285 διπλάσιός
759 2206 828 2273 ἐστι
855 2208 917 2273 τοῦ
945 2204 1013 2274 ἀπὸ
1043 2210 1102 2276 τοῦ

149 2307 371 2394 τετραγώνου.
393 2311 448 2377 καὶ
463 2311 533 2379 ἐπεὶ
548 2308 566 2379 6
582 2317 625 2397 αβ
640 2315 716 2398 δίχα
732 2311 887 2400 διῄρηται
902 2317 949 2392 εἰς
958 2313 1043 2394 τοὺς
1053 2341 1116 2399 αγ,ς

95 2433 129 2482 20
149 2410 167 2481 6
191 2412 257 2502 ἀρα
280 2413 344 2483 ἀπὸ
366 2419 429 2484 τοῦ
454 2422 497 2502 αβ
518 2417 729 2504 τετράγωνος
750 2417 989 2505 τετραπλάσιός
1015 2423 1116 2488 ἐστιτ

147 2516 212 2588 ἀπὸ
232 2523 295 2588 τοῦ
312 2546 356 2607 αγ
376 2524 598 2610 τετραγώνου.
634 2525 689 2590 καὶ
710 2524 779 2591 ἐπεὶ
799 2521 817 2591 ὁ
838 2524 890 2604 δὶς
909 2527 944 2592 ἐκ
963 2530 1036 2594 τών
1056 2531 1107 2612 αδ,

147 2626 227 2711 μετὰ
259 2625 322 2696 δύο
355 2631 423 2697 τών
456 2624 520 2696 ἀπὸ
552 2632 614 2697 τοῦ
638 2632 680 2714 δγ
709 2628 884 2709 διπλώσιός
907 2630 977 2698 ἐστι
1004 2643 1071 2701 τοῦ
1096 2631 1115 2698 ἀ

146 2734 208 2799 τοῦ
231 2758 285 2819 γα,
309 2736 369 2801 ἐὰν
394 2734 432 2802 δὲ
455 2725 517 2802 ώσι
541 2733 604 2802 δύο
628 2733 770 2822 ἀρνδμοὶ
795 2733 812 2802 6
838 2735 899 2822 μὲν
919 2736 1034 2823 ἕτερος
1055 2735 1114 2806 αὐτ

146 2841 208 2906 τοῦ
223 2836 327 2907 αὐτοῦ
342 2838 590 2928 τετραπλάσιος,
610 2837 627 2907 6
644 2838 675 2907 6’
692 2842 802 2929 ἕτερος
816 2841 1003 2928 διπλάσιος,
1019 2841 1039 2910 ‹‘;
1055 2870 1116 2926 τετρ

94 2967 128 3016 25
147 2945 287 3026 πλάσιος
311 2946 486 3026 διπλάσιός
509 2947 576 3015 ἐστι
599 2950 660 3013 τοῦ
680 2951 869 3032 διπλασίου,
893 2944 910 3014 6
931 2945 998 3032 ἀρα
1018 2946 1087 3019 ἀπὸ
1105 2979 1116 3019 τ

147 3056 190 3136 οιβ
219 3052 396 3133 διπλάσιός
422 3054 492 3121 ἐστι
518 3062 579 3120 τοῦ
608 3052 660 3132 δὶς
686 3050 723 3120 ἐκ
749 3057 818 3122 τών
842 3058 901 3140 αδ,
921 3058 964 3140 δβ
994 3056 1080 3141 μετὰ
1103 3061 1116 3124 δ

145 3160 214 3224 τῶν
243 3154 308 3226 ἀπὸ
335 3162 397 3227 τὀὗ
425 3163 475 3246 δγ.
526 3163 616 3226 ἔστιν
648 3157 714 3246 ἀρα
746 3156 764 3228 ὁ
794 3160 846 3240 δὶς
878 3157 915 3227 ἐκ
941 3171 1014 3230 τών
1043 3170 1104 3252 αδ,

147 3259 294 3332 ἐλάττων
318 3265 455 3353 ἡμίσεος
476 3268 539 3333 τοῦ
561 3263 626 3333 ἀπὸ
650 3268 712 3334 τοῦ
735 3270 779 3350 αβ
801 3268 848 3357 τῷ
872 3266 924 3345 δὶς
944 3266 1011 3337 ι’πὸ
1032 3277 1097 3340 τοῦ

72 3442 169 3578 ι
214 3503 242 3558 5.
264 3494 334 3573 ἐών]
352 3517 408 3559 εστ.
429 3494 481 3556 {hv
502 3491 609 3569 ἄρτιος.
677 3501 710 3546 Ἰ.
725 3488 866 3558 ἦμιοελας.
