2362 3796
219 171 376 224 SOHOLIA
393 173 432 222 IN
450 171 725 224 ELEMENTORUM
742 173 881 224 LIBRUM
894 173 941 224 XI.
1018 169 1083 234 597

72 311 92 398 ἡ
124 310 208 396 πρὸς
234 316 279 400 τῷ
304 321 336 378 Α
363 313 586 397 συνισταμένη
614 317 731 397 γωνία.
777 310 991 397 ἐκβεβλήσθω
1020 313 1084 397 γὰρ

71 417 92 505 ἡ
117 424 179 484 ΓΒ
204 419 257 485 ε’πῖ
279 417 317 485 τὸ
342 425 390 502 Δ,
418 417 473 484 καὶ
495 423 621 485 κείσθω
645 420 684 505 τῇ
708 424 769 485 ΓΒ
794 425 848 503 ἴση
872 414 892 503 ἡ
915 423 1000 501 ΒΔ,
1028 416 1084 483 καὶ

72 525 257 610 ἐπεζεύχθω
281 521 302 611 ἡ
323 530 402 590 ΑΔ.
444 523 513 590 ἐπεὶ
538 514 601 590 οὗν
625 531 680 610 ἴση
704 523 795 591 ἐστὶν
818 520 838 609 ἡ
862 529 928 590 ΑΒ
951 524 991 610 τῇ
1011 526 1084 607 ΒΓ,

73 639 127 715 ἴση
147 631 216 698 ἐστὶ
234 631 289 698 καὶ
308 626 456 716 γωνίαάγ
473 626 540 696 ὑπὸ
555 634 650 697 ΒΓΑ
668 634 707 718 τῇ
726 627 792 698 ὑπὸ
807 637 873 697 ΒΑ
878 635 914 697 Γ.
950 625 1083 715 ἡμίσεια

72 735 137 821 άρα
161 737 297 822 ἑκατέρα
320 733 433 804 αὐτῶν
458 731 565 821 ὀρθῆς
594 735 650 804 διά
678 736 715 804 τὸ
745 735 856 824 ὀρθὴν
883 733 1119 806 ὑποκεῖσθαισ

631 844 693 931 τὴν
721 841 788 911 ὑπὸ
812 846 919 911 ΑΒΓ.
965 843 1020 908 διά
1043 824 1084 907 τά

632 946 715 1020 αὐτὰ
736 948 778 1037 δὴ
794 945 965 1035 καῖἡὺπὸ
980 954 1085 1015 ΒΑΔ
1156 930 1161 941 “

631 1055 764 1144 ἡμίσειά
779 1059 868 1124 ἐστιν
884 1052 997 1140 ὀρθῆς.
1023 1053 1083 1139 ὅλη

631 1162 696 1249 άρα
719 1160 740 1250 ἡ
763 1158 830 1229 ὑπὸ
854 1165 961 1227 ΔΑΓ
978 1165 1085 1244 γωνία

632 1266 724 1356 ὀρθή
740 1270 839 1336 ἐστιν.
876 1265 1085 1353 ὀρθογώνιος
1105 1286 1137 1336 10

76 1360 107 1411 Δ
336 1345 370 1400 B
631 1376 697 1463 άρα
717 1371 875 1463 όπερλιιο
891 1376 1085 1460 ΑΒΓγρα·
1124 1441 1128 1444 .

72 1480 223 1568 φάμενος
245 1487 361 1562 κώυος.
407 1487 467 1568 τῆς
494 1482 559 1569 γάρ
583 1489 649 1549 ΑΒ
676 1480 842 1568 μενούσης
869 1477 1004 1558 εὐθείας
1029 1478 1085 1545 καῖ

71 1591 129 1672 της
153 1594 222 1655 ΑΓ
245 1588 527 1676 περιφερομένης,
552 1589 614 1667 ἕως
636 1584 679 1655 άν
702 1585 978 1674 ἀποκατασταθῇ,
1002 1582 1086 1652 ὅθεν

72 1689 194 1777 ἤρξατο
218 1694 393 1779 φέρεσθαι,
416 1695 681 1782 περιφερομένης
704 1692 746 1779 δὴ
769 1695 828 1779 τῆς
851 1698 919 1759 ΑΓ
936 1692 993 1758 καὶ
1012 1694 1085 1790 ΒΓ,

71 1799 238 1884 μενούσης
252 1799 289 1866 δὲ
303 1803 362 1885 τῆς
375 1805 442 1866 ΑΒ
459 1795 590 1884 ἀνάγκη
609 1799 645 1865 ἐν
659 1802 699 1887 τῇ
714 1802 881 1887 περιφορᾷ
896 1795 1085 1884 ἐφαρμόσαι
1106 1813 1139 1869 15

72 1903 134 1990 τὴν
158 1909 227 1971 ΑΓ
249 1907 289 1991 τῇ
313 1913 384 1971 ΑΔ
412 1905 469 1971 διὰ
495 1901 534 1971 τὸ
559 1913 637 1990 ἴσην
660 1901 832 1991 εἶναιτὴν
854 1910 916 1973 ΓΒ
944 1907 984 1992 τῇ
1009 1909 1086 1969 ΒΔ.

73 2008 157 2078 ώστε
186 2006 203 2077 ὁ
232 2008 445 2096 γραφόμενος
474 2009 597 2088 κύκλος
624 2007 690 2077 ὑπὸ
717 2020 777 2077 τοῦ
802 2015 834 2076 Γ
861 2015 1017 2097 σημείου,
1048 2005 1086 2087 ὃς

74 2115 196 2194 κύκλος
218 2115 273 2182 καὶ
295 2113 394 2201 βάσις
416 2120 508 2182 ἔσται
531 2125 593 2184 τοῦ
614 2114 729 2184 κώνου
751 2119 813 2184 τοῦ
834 2116 910 2203 περὶ
928 2113 965 2184 τὸ
985 2119 1090 2183 ΑΒΓ

73 2225 240 2305 τρίγωνον
262 2222 494 2308 γραφομένου,
523 2218 541 2288 ὁ
567 2219 609 2308 δὴ
634 2220 847 2309 γραφόμενος
868 2219 991 2300 κύκλος
1014 2219 1085 2288 θιά-

73 2351 195 2413 μετρου
219 2327 284 2406 ἕξει
301 2324 363 2411 τὴν
378 2332 450 2395 ΔΓ
468 2325 568 2412 βάσιν
586 2333 647 2395 τοῦ
663 2335 696 2394 Δ
701 2336 733 2395 Α
738 2334 770 2396 Γ
787 2327 955 2415 τριγώνου
974 2325 1085 2414 ὀρθὴν
1103 2345 1138 2394 20

71 2436 205 2517 ἔχοντος
227 2428 288 2517 τὴν
311 2428 377 2499 ὑπὸ
397 2437 505 2499 ΔΑΓ
523 2438 661 2518 γωνίαν.
699 2437 731 2501 εἴ
753 2426 816 2501 οὖν
840 2434 932 2522 θιέλη
955 2459 1006 2513 τις
1023 2431 1084 2502 τὸν

70 2541 182 2605 κώνου
207 2542 282 2624 δίχα
305 2543 353 2617 εἴς
372 2537 435 2606 δύο
455 2536 521 2606 άπὸ
539 2543 598 2625 τῆς
615 2543 768 2629 κορυφῆς
784 2543 843 2625 τῆς
860 2547 893 2606 Α
916 2541 1011 2627 μέχρι
1026 2543 1085 2626 τῆς

70 2643 215 2729 βάσεως,
248 2647 286 2710 αἴ
314 2646 384 2711 τών
416 2643 595 2731 τμημάτων
628 2644 818 2733 ἐπιφάνειαι
849 2643 912 2713 οὐκ
939 2643 1022 2712 άλλο
1052 2670 1084 2711 τι

73 2754 205 2816 ἔσονται
233 2745 315 2836 ἢτὸ
339 2756 447 2817 ΑΔΓ
474 2756 641 2838 τρίγωνον
669 2747 884 2839 ὀρθογώνιον
908 2748 962 2818 όν·
999 2746 1084 2818 ώστε

71 2856 125 2921 καὶ
159 2853 179 2941 ἡ
207 2858 269 2923 τοῦ
297 2854 411 2924 κώνου
438 2854 572 2942 κορυφὴ
601 2854 810 2944 ὀρθογώνιός
839 2860 939 2926 ἐστιν.
989 2859 1020 2923 εί
1046 2855 1083 2923 δὲ
1102 2876 1137 2927 25

71 2966 191 3047 μείζων
218 2962 308 3030 ἐστὶν
337 2960 358 3049 ἡ
382 2968 448 3031 ΒΓ
470 2967 529 3050 τῆς
552 2971 633 3049 ΑΒ,
666 2969 786 3050 μείζων
813 2961 948 3051 ἡμίσεος
976 2961 1085 3052 ὀρθῆς

143 3102 277 3172 Figuram
297 3119 350 3157 om.
372 3104 451 3158 codd.

145 3233 169 3280 1.
189 3227 241 3297 τῷ]
260 3221 293 3281 τό
313 3229 338 3296 β.
411 3233 436 3282 2.
457 3227 520 3298 ΓΒ]
539 3230 635 3297 ΒΓβ.
702 3230 763 3300 ΓΒ]
782 3233 838 3284 ΒΓ
853 3231 878 3298 β.
953 3223 1086 3282 13.άπο-

73 3297 199 3368 καταστῇ
220 3314 245 3365 q.
295 3303 357 3352 «14.
376 3298 426 3366 τῆς
444 3299 512 3370 ΑΓ]
532 3299 565 3370 τῇ
583 3305 606 3352 A
625 3303 690 3354 ante
710 3299 832 3370 spatium
852 3297 937 3356 1litt.
953 3301 977 3373 β.
1042 3301 1084 3354 15.

72 3370 243 3443 περιφερείᾳ
264 3370 288 3440 β.
349 3364 535 3438 ἐφαρμόοθαι
553 3372 577 3442 β.
651 3376 693 3426 16.
713 3371 777 3443 ΓΒ]
797 3373 891 3445 Bra.
953 3375 995 3426 1⁷.
1013 3363 1083 3441 ὑπό]

71 3435 130 3493 άπό
152 3441 176 3511 β.
233 3445 274 3496 18.
294 3440 344 3583 τφῦ
362 3436 598 3509 ΑΒΓτριγώνου
619 3443 643 3506 β.
709 3447 751 3497 23.
771 3438 938 3514 αἴλοωθ.
991 3436 1099 3499 (stm-

105 3515 147 3563 26.
169 3507 290 3580 ἡμίσεως
328 3553 334 3566 .
