2362 3796
240 144 396 198 scuom
414 146 454 197 m
471 147 746 198 Επειτεατοενω
763 148 904 199 numm
917 149 939 201 1.
1028 145 1091 210 183

71 289 166 353 ἔοικε
184 283 222 352 δὲ
240 285 293 351 καὶ
311 283 394 351 κατὰ
414 283 474 363 τὰς
490 282 608 363 κοινάς
626 286 758 366 ἑννοίας
776 291 995 375 προσπίπτειν
1010 285 1092 374 ἡμῖν

70 388 99 478 ἡ
126 393 188 458 τοῦ
214 389 433 478 θεωρήματος
459 390 603 477 ἀλήθεια
630 388 911 469 ἀποδεικνύουσιν
939 392 1001 481 τὴν
1028 398 1091 462 τοῦ

75 494 246 584 τριγώνου
268 497 410 581 γένεσιν.
448 494 508 564 ἑάν
526 496 591 585 γάρ
611 497 787 583 νοήσωμεν
806 494 945 567 εύθεῖαν
963 500 1019 567 καὶ
1038 500 1091 568 ἐπὶ

70 605 148 672 τών
169 601 322 690 περάτων
350 603 452 689 αὐτῆς
479 602 625 683 ἑστώσας
651 601 734 690 πρὸς
763 601 884 690 ὀρθάς,
917 602 989 672 εἶτα
1016 624 1092 672 συν-

75 707 243 788 νενούσας
256 712 305 788 είς
318 707 485 795 τριγώνου
503 711 647 794 γένεσιν,
667 707 810 798 ὀρώμεν,
830 708 892 796 ὅτι,
910 707 991 778 καθ’
1009 707 1092 780 ὅσον
1129 734 1146 783 5

72 812 297 898 συννεύοντι,
324 814 408 881 κατά
432 819 596 883 τοσοῦτον
620 816 793 883 ἐλαττοῦσι
816 814 874 896 τὰς
902 813 1025 904 ὀρθάς,
1054 812 1094 895 ἀς

77 921 217 988 ἐποίουν
248 916 320 988 κατ’
350 918 458 1008 ἀρχὴν
492 931 682 1007 σταθεῖσαι,
720 919 803 990 ώστε
837 921 920 991 ὅσον
954 925 1093 990 ἐκείνων

72 1021 275 1112 ἀφαιροῦσι,
298 1030 460 1095 τοσοῦτον
484 1026 568 1115 πρὸς
590 1037 630 1115 τῇ
653 1031 786 1116 κορυφῇ
810 1030 1093 1117 συνεισφέρονσαι

76 1127 141 1217 τὴν
167 1137 284 1219 τρίτην
309 1138 437 1218 γωνίαν
465 1129 665 1201 ἀποτελοῦσι
692 1137 732 1221 vy}
761 1133 940 1202 συννεύσει
970 1134 1027 1201 καὶ
1059 1135 1093 1215 ἐξ

73 1231 226 1322 ἀνάγκης
248 1242 384 1306 ποιοῦσι
407 1240 466 1317 τάς
489 1237 583 1318 ἐντὸς
605 1252 692 1326 τρεῖς
709 1245 835 1326 γωνίας
853 1241 952 1308 δυσὶν
972 1237 1093 1329 ὀρθαῖς
1112 1263 1147 1310 1⁰

72 1347 153 1421 λσας
174 1355 247 1423 ταῖς
269 1343 394 1431 πρώην.

147 1451 221 1517 113.
252 1453 305 1540 Τῷ
325 1450 371 1526 ις’
385 1451 441 1518 καί
456 1450 497 1533 ιζ’
511 1456 675 1521 τοσοῦτον
688 1459 913 1542 προστίθησιν
929 1455 1093 1521 ἐνταῦθα·

74 1549 122 1620 ού
153 1551 218 1643 γάρ
246 1554 370 1642 μόνον,
404 1554 456 1624 ὅτι
482 1554 503 1642 ἡ
533 1555 625 1636 ἐκτὸς
652 1568 712 1626 τοῦ
740 1557 909 1647 τριγώνου
937 1559 1094 1644 ἑκατέρας

72 1662 148 1728 τών
172 1658 264 1741 ἐντὸς
287 1667 417 1749 μείζων,
441 1660 526 1730 ἀλλὰ
543 1668 611 1729 τίνι
630 1669 760 1747 μείζων,
785 1661 835 1731 ὅτι
853 1667 893 1750 vy}
913 1663 1008 1752 ἑτέρᾳ
1025 1672 1093 1730 τῶν

73 1762 295 1836 ἀπεναντίον·
330 1768 386 1835 καὶ
410 1765 452 1836 ού
475 1766 582 1854 μόνον
606 1769 667 1834 δύο
693 1764 811 1854 ὀρθών
834 1767 1006 1845 ἐλάττονές
1028 1764 1092 1834 δύο
1113 1791 1147 1840 15

76 1867 270 1958 ὁποιαιοῦν,
294 1871 367 1941 ἀλλ’
393 1873 507 1962 ὅτιτῇ
531 1873 709 1960 λειπομένη
733 1875 801 1940 τών
825 1871 931 1952 ἐντός·
968 1873 1005 1939 αί
1028 1871 1092 1957 γάρ

74 1989 168 2064 τρεῖς
190 1976 254 2046 δύο
278 1975 400 2063 ὀρθαῖς
422 1987 501 2046 ῖσαι.
547 1975 694 2048 δυνατὸν
723 1977 760 2046 δὲ
788 1976 850 2065 τὴν
877 1977 1093 2065 παράλληλον

77 2081 137 2151 διά
160 2087 223 2152 τοῦ
246 2089 278 2150 Γ
297 2080 403 2161 οὕτως
426 2081 580 2169 ἀγαγεῖν,
609 2082 653 2163 ώς
680 2084 811 2170 τέμνειν
841 2082 903 2170 τὴν
927 2091 1010 2169 ΒΔ,
1037 2082 1094 2150 καὶ

76 2192 187 2271 δεῖξαι
209 2192 324 2256 πᾶσαν
345 2187 406 2274 την
429 2187 600 2276 πρότασιν.

142 2298 222 2381 ,114.
252 2293 384 2380 Ἐπειδὴ
404 2299 533 2382 ἔχομεν,
557 2294 608 2363 ὅτι
625 2292 749 2375 παντὸς
766 2296 934 2384 τριγώνου
952 2300 991 2365 αί
1005 2310 1094 2385 τρεῖς
1112 2320 1148 2370 κο

75 2406 201 2488 γωνίαι
233 2398 297 2468 δύο
327 2397 447 2489 ὀρθαῖς
475 2409 545 2469 ίσαι
572 2405 673 2488 εἰσίν,
705 2407 758 2470 δεῖ
787 2405 937 2490 μέθοδον
965 2410 1094 2491 λαβεῖν,

77 2503 160 2572 καθ’
190 2503 233 2591 ἣν
265 2507 322 2575 καὶ
354 2510 421 2575 τών
454 2506 566 2576 ἀλλων
593 2507 729 2576 πάντων
757 2510 965 2596 πολυγώνων
994 2509 1093 2579 εύθν-

37 2690 42 2699 ι
80 2612 243 2698 γράμμων
265 2610 324 2692 τὰς
346 2618 471 2699 γωνίας
493 2613 694 2700 εὑρήσομεν,
718 2612 857 2694 ὁπόσαις
880 2614 1001 2701 ὀρθαῖς
1024 2625 1095 2682 ῖσαι

80 2719 186 2800 εἰσίν,
219 2711 292 2785 οἷον
323 2717 550 2807 τετραγώνου,
582 2718 800 2803 πενταγώνου
831 2722 887 2786 καὶ
919 2724 987 2786 τών
1020 2720 1095 2804 ἑξῆς

79 2818 242 2889 ἀπάντων
268 2824 516 2912 πολυπλεύρων.
562 2823 624 2911 χρὴ
653 2829 771 2891 τοίνυν
799 2824 923 2890 είδὲναι
946 2847 1094 2911 πριιτον,
1112 2845 1149 2895 25

79 2927 136 2995 ὅτι
159 2937 225 2995 πᾶν
248 2934 357 3018 σχῆμα
380 2929 624 3017 εὐθύγραμμον
653 2933 700 3008 είς
727 2934 873 3016 τρίγωνα
900 2925 1094 2996 ἀναλύεται·

77 3031 218 3103 πάντων
241 3034 304 3124 γάρ
329 3033 413 3124 ἀρχὴ
442 3040 500 3122 τῆς
528 3034 719 3114 συστάσεως
745 3039 926 3120 τρίγωνον,
954 3029 972 3100 δ
996 3031 1095 3103 καὶὸ

155 3200 214 3250 113.
233 3195 383 3272 PBFVat.
403 3193 454 3265 (είς
472 3191 504 3250 τό
524 3194 568 3267 λβ’
588 3195 672 3265 Vah).
747 3198 806 3249 114.
826 3191 857 3247 Ρ.

155 3342 178 3391 1.
198 3333 249 3398 τὰς
267 3331 366 3397 κοινάς
385 3330 509 3409 ἑννοίας]
529 3354 560 3404 q,
584 3336 697 3392 Proclus
716 3353 745 3405 p.
764 3340 830 3404 384,
852 3338 896 3400 133
922 3329 976 3401 τὴν
995 3330 1097 3405 κοινὴν

79 3403 198 3462 ἔννοιαν
216 3405 250 3461 V.
342 3412 366 3459 2.
391 3402 642 3478 ἀποδεικνύουσιν]
663 3426 696 3476 q,
718 3401 949 3461 άποδεικνύονσα
966 3402 1005 3475 V,
1028 3403 1096 3461 fort.

78 3478 165 3531 recte.
241 3482 282 3531 12.
303 3476 352 3550 τῷ]
372 3473 404 3530 τό
423 3475 513 3535 FVat.
588 3483 631 3536 15.
650 3473 923 3536 o’tvvvuvvsmssvk.
994 3516 999 3523 -
