2362 3796
230 132 389 186 SGHOLIA
406 132 445 184 m
462 132 737 184 ELEMENTORUM
754 130 893 184 LIBRUM
906 130 929 184 1.
1037 125 1081 191 85

68 274 200 345 τούτων
222 273 317 360 πύθη
341 270 490 341 δυνατὸν
513 275 696 358 θεωρῆσαι·
721 272 773 339 ἐπὶ
791 270 855 358 γὰρ
873 273 941 338 τῶν
957 267 1082 355 ἄλλων,

72 375 146 450 οἷον
168 384 358 469 σφαιρικῆς,
381 403 452 459 πιις
473 376 518 446 διν
541 375 681 445 εύθεῖαν
705 377 834 464 λάβοις,

135 483 309 566 Ἐπίπεδος
321 486 360 554 δὲ
372 491 481 571 γωνία
495 485 587 553 ἐστίν
601 482 622 571 ἡ
638 485 675 551 ἐν
689 484 832 575 ἐπιπέδῳ
848 481 910 550 δύο
920 487 1083 569 γραμμῶν

72 591 272 680 ἁπτομένων
299 590 454 680 ἀλλήλων
480 591 537 659 καὶ
565 589 610 678 μὴ
638 587 689 657 ἐπ’
715 586 850 668 εὐθείας
876 585 1084 674 κειμίνωνὴ

73 698 157 787 πρὸς
181 694 324 784 ἀλλήλας
344 701 412 765 τῶν
435 699 599 784 γραμμῶν
621 703 736 776 κλίσις.
1121 714 1138 764 6

141 802 204 891 τὴν
222 808 350 888 γωνίαν
368 806 404 872 οί
419 803 482 890 μὲν
498 808 568 872 τόν
587 806 739 871 παλαιοόν
762 802 799 869 ἐν
817 804 858 889 τῇ
877 803 939 867 τοῦ
958 797 1042 886 πρός
1054 822 1087 866 τι

75 910 234 980 τύπτουσι
255 915 436 999 κατηγορίᾳ
462 910 519 977 καί
546 911 703 995 λέγουσιν
729 912 840 977 κλίσιν
868 903 976 992 αύτην
1000 901 1088 972 εἶναι

74 1020 238 1106 γραμμῶν
260 1011 282 1103 ἢ
306 1017 470 1085 ἐπιπέδων
492 1014 576 1104 πρδς
597 1014 726 1102 ι’ίλληλα
747 1015 966 1102 κεκλιμένων·
994 1013 1029 1079 οί
1050 1011 1090 1079 δέ

75 1150 163 1204 τινες
175 1121 336 1209 ποιότητιί
350 1141 465 1210 φασιν,
485 1119 531 1202 ύς
551 1120 589 1190 τὸ
604 1119 691 1191 εύθύ
709 1123 766 1189 καί
783 1119 959 1209 καμπύλον
977 1117 1088 1197 πάθος

74 1230 207 1300 τοιόνδε
230 1230 386 1316 λέγουσιν
410 1231 604 1316 ἐπιφανείας
628 1223 649 1314 ἢ
671 1233 822 1317 στερεοῦ·
848 1231 884 1296 οί
904 1225 944 1295 δὲ
967 1231 1014 1306 είς
1031 1249 1088 1292 πο·
1108 1245 1142 1294 10

73 1336 197 1424 σότητα
214 1334 443 1423 ἀναφέροντες
461 1335 662 1423 ἐπιφάνειαν
679 1331 700 1421 ἢ
720 1330 980 1422 στεριδνάύτην
1000 1328 1088 1399 εἶναι

73 1446 300 1531 συγχωροῦσι·
324 1445 502 1528 διαιρεῖται
520 1440 596 1527 γάρ,
620 1446 736 1526 φασίν,
754 1439 775 1526 ἡ
795 1440 857 1526 μὲν
876 1441 913 1508 ἐν
930 1451 1004 1516 ταῖς
1022 1439 1088 1504 ἐπι-

74 1553 229 1636 φανείαις
250 1545 318 1613 ὑπὸ
342 1549 507 1631 γραμμῆς,
530 1543 550 1629 ἡ
574 1542 607 1611 δ’
630 1546 667 1611 ἐν
684 1558 755 1624 τοῖς
773 1557 919 1633 στερεοῖς
937 1541 1003 1611 ὑπὸ
1023 1544 1089 1609 ἐπι-

77 1656 201 1736 πέδου,
233 1650 274 1718 τὰ
304 1649 343 1716 δὲ
369 1647 435 1717 ὑπὸ
462 1649 594 1717 τούτων
625 1649 845 1736 διαιρούμενα
869 1649 931 1718 ούιι
951 1645 1036 1714 όίλλο
1060 1650 1095 1713 τί

79 1760 170 1825 ἐστιν
192 1751 213 1839 ἢ
234 1754 388 1840 μέγεθος,
410 1754 584 1821 καὶτοῦτο
604 1752 646 1821 ού
663 1754 811 1841 γραμμή·
840 1752 923 1838 αύτη
942 1751 1007 1840 γὰρ
1027 1749 1091 1821 ὑπὸ
1111 1772 1144 1824 15

79 1866 220 1949 σημείου
243 1863 434 1946 διαιρεθται·
465 1863 610 1926 λείπεται
634 1850 698 1925 οὖν
720 1853 826 1943 αὐτὴν
850 1856 1049 1944 ἐπιφάνειαν
1071 1851 1092 1943 ἢ

77 1969 216 2056 στερεὸν
243 1963 341 2033 είναι.
387 1966 444 2032 καί
476 1965 584 2044 οὕτως
615 1966 767 2048 ἕκαστος,
800 1968 847 2044 είς
874 1960 893 2032 δ
925 1962 1092 2050 βούλεται,

76 2075 139 2161 τὴν
162 2076 292 2159 γωνίαν
315 2073 419 2140 ἕλκων
437 2070 512 2157 ἄγει
530 2069 595 2139 ὑπὸ
614 2075 818 2158 κατηγορίαν
836 2074 874 2139 οί
888 2069 950 2157 μὲν
968 2067 1034 2137 ύπό
1053 2066 1092 2138 τό

78 2180 163 2265 πρός
186 2206 228 2263 τι,
252 2180 288 2245 οί
304 2177 342 2245 δὲ
358 2175 424 2246 ύπδ
444 2177 615 2264 ποιότητα,
639 2179 674 2244 οί
691 2176 729 2244 δὲ
742 2174 807 2244 ύπὸ
822 2176 998 2263 ποσότητα.
1035 2177 1091 2245 καὶ

79 2285 312 2354 ἀντιπίπτουσι
333 2287 468 2372 πρῶτον
491 2283 552 2371 μὲν
572 2283 657 2371 πρὸς
674 2281 754 2363 τούς
772 2285 914 2369 μέγεθος
931 2285 1090 2369 λέγοντας
1108 2305 1144 2354 ιο

78 2391 142 2478 τὴν
163 2396 292 2477 γωνίαν
315 2389 410 2477 λόγοι
431 2393 593 2480 τοιοῦτον
636 2393 666 2457 εί
688 2392 829 2476 μέγεθος
851 2388 872 2478 ἡ
899 2397 1021 2478 γωνία,
1050 2392 1091 2458 τὰ

80 2498 118 2567 δὲ
141 2495 286 2586 ὁμογενῆ
306 2497 432 2583 μεγέθη
451 2497 681 2583 πεπερασμένα
700 2495 781 2563 όντα
800 2495 903 2583 λόγον
923 2501 990 2583 ἔχει
1007 2498 1091 2583 πρὸς

80 2604 221 2690 ἄλληλα,
248 2604 305 2670 καί
328 2606 367 2671 αί
385 2608 507 2690 γωνίαι
529 2606 567 2669 αί
592 2600 779 2689 ὁμογενεῖς,
807 2597 883 2671 οίον
906 2605 944 2669 αί
965 2603 1002 2669 ἐν
1026 2603 1090 2666 ἐπι-

81 2715 214 2798 φανείηι,
238 2711 341 2795 λόγον
364 2709 476 2790 ἕξουσι
498 2708 582 2797 πρὸς
603 2707 743 2794 όίλληλα·
767 2705 929 2778 ὥστεκαὶ
952 2703 973 2791 ἡ
995 2728 1089 2788 κερα-

79 2813 211 2901 τοειδὴς
229 2816 312 2902 πρὸς
328 2817 391 2900 τὴν
405 2812 649 2901 εὐθύγραμμον
663 2813 765 2900 λόγον
780 2816 853 2894 ἕξει.
879 2811 920 2880 τὰ
936 2809 973 2878 δὲ
987 2809 1091 2894 λόγον
1109 2826 1144 2880 ιθ

79 2927 198 3011 ἔχοντα
220 2918 303 3009 πρὸς
321 2918 449 3005 ἄλληλα
468 2918 610 2987 δύναται
628 2916 980 3003 πολλαπλασιαζόμενα
997 2912 1092 3002 ὑπερ-

78 3031 167 3118 έχειν
181 3025 349 3113 ἀλλήλων·
363 3025 419 3092 καὶ
433 3023 645 3112 κερατοειδὴς
659 3023 726 3113 ι’ίρα
739 3021 1090 3107 πολλαπλασιαζομίνη

77 3136 229 3225 ὑπερέξει
251 3131 331 3200 ποτε
353 3135 412 3217 τῆς
434 3128 679 3217 εὐθυγράμμου
701 3127 722 3214 ἡ
741 3131 847 3214 πόσης
866 3125 974 3209 ὀξείας
989 3124 1092 3197 εύθυ-

77 3243 235 3328 γρύμμου
254 3236 400 3307 ἐλοίττων
416 3240 595 3323 δειχθεῖσα.
629 3233 691 3304 ούκ
705 3233 771 3322 ἄρα
785 3237 928 3321 μέγεθος
941 3234 961 3321 ἡ
976 3241 1092 3328 γωνία.

154 3477 195 3524 13.
215 3465 247 3540 ἡ]
267 3433 322 3522 εί.1
375 3465 510 3535 στερεοῖς]
530 3459 641 3532 ἑτέροις.
715 3467 756 3519 18.
777 3457 822 3534 os]
839 3461 881 3520 τό.
1006 3495 1013 3506 ·
1067 3450 1122 3535 γ’]
