2362 3796
364 118 637 173 PBOLEGOMENA
655 120 808 173 cm'rrcs.
1009 116 1095 173 xcix

75 260 253 319 delinitione·
279 260 435 317 nonnullae
463 276 498 315 ex
524 258 613 315 Elem.
635 259 685 317 lib.
709 258 722 313 1
750 260 923 316 adferuntur.
969 266 1095 315 ceterum

73 340 223 399 Isurium
243 338 352 397 cantor
373 340 405 395 in
426 338 500 395 libro
523 339 640 411 egregio
663 340 732 408 „Die
751 342 929 396 roemischen
946 338 1094 409 Agrimen-

73 424 170 479 soren⁸⁴
188 418 312 493 Leipsig
325 424 396 477 1877
409 418 627 489 demonstrauit,
645 436 694 475 eos
707 421 842 491 pleraque
855 436 912 477 nou
923 437 957 475 ex
968 422 1093 492 Euclide,

72 502 164 559 sodex
171 502 289 559 neruus
296 500 404 571 petu'sse
412 498 527 571 mgsnio
534 498 683 571 operisque
690 514 792 571 genere
800 500 835 554 iis
843 501 934 569 magis
945 500 1087 558 familiari.

73 580 157 639 stiam
182 596 259 651 quae
279 578 311 635 in
332 578 495 651 fragmento
514 578 667 635 censorino
689 578 833 650 adscripto
851 578 1029 647 (Censorinus
1049 581 1091 636 ed.

71 658 194 717 Hultsch
215 677 247 732 p.
266 660 385 729 so-ss)
407 675 443 715 ex
459 658 615 716 Elementis
633 662 828 729 transsumpta
846 658 926 725 sunt,
949 654 1024 711 intra
1043 657 1092 712 de-

71 738 225 807 finitiones,
233 737 391 811 postuletu.
402 754 566 795 communes
575 739 773 809 conceptiones
782 754 812 793 se
822 736 976 792 continent.
996 739 1093 793 tamen

70 818 221 877 fflmsntu
231 818 337 875 sensim
345 818 433 873 etiam
444 820 522 889 apud
530 820 673 875 Romnum
686 816 716 871 in
725 816 861 873 circulum
872 815 976 870 artium
992 816 1093 872 libera·

70 898 140 957 lium
162 900 284 969 resspu
301 901 368 954 snut
390 898 451 968 (err.
471 898 575 968 Ussing
592 897 752 969 Eraiehung
777 915 803 952 u.
823 894 1093 965 Jugendunterricht

70 978 117 1037 hei
137 978 200 1035 deu
221 976 362 1035 Griaohen
384 993 413 1034 u.
431 977 528 1033 Boem.
552 995 581 1048 p.
602 981 677 1048 133);
705 993 772 1032 nam
795 975 952 1031 Martianus
974 973 1093 1044 Capella

73 1058 119 1129 vl,
128 1064 188 1115 m
199 1058 279 1115 haud
292 1056 410 1114 obscure
425 1055 528 1125 innuit,
541 1056 689 1110 Elementa
701 1058 762 1110 tum
777 1055 905 1110 omuibus
914 1052 1092 1124 philosophia

74 1140 149 1195 certa
167 1136 325 1195 familiaria
340 1136 440 1193 ruisse.
469 1135 519 1191 sed
533 1134 593 1191 sine
607 1135 693 1191 dubie
707 1135 813 1191 Graece
826 1134 1001 1204 legebantur.
1026 1151 1093 1190 nam

72 1232 146 1287 quae
164 1216 287 1288 capella
301 1216 351 1287 vl,
369 1220 422 1271 708
433 1232 475 1284 sq.
494 1215 589 1282 habet,
608 1214 670 1285 ipse
689 1214 826 1270 eGraeco
844 1215 923 1271 fonte
943 1215 1091 1286 excerpsit,

71 1299 103 1353 ut
125 1296 240 1353 Graeca
261 1296 349 1351 uerba
371 1294 497 1365 plurima
517 1295 669 1350 osteudunt
691 1295 823 1365 (conferri
845 1299 952 1366 potest,
978 1296 1054 1367 quod
1077 1295 1091 1349 I

72 1376 156 1433 seer
176 1374 253 1433 falso
264 1373 365 1431 uertit:
384 1375 539 1446 „punctum
556 1390 624 1429 uero
643 1378 696 1444 est,
714 1376 793 1432 cuius
811 1394 877 1445 pars
895 1376 985 1431 nihil
1004 1377 1091 1444 est‘·);

74 1456 125 1513 sed
142 1456 258 1525 dubito,
283 1472 322 1511 an
341 1471 399 1510 non
425 1470 458 1509 ex
481 1452 598 1509 Euclide
616 1454 678 1523 ipso
701 1457 760 1525 (cir.
781 1455 898 1511 Studien
916 1475 944 1526 p.
964 1462 1016 1511 707
1032 1458 1091 1523 sq.).

74 1535 106 1591 in
123 1534 297 1607 quibusdam
314 1551 379 1590 cum
392 1533 503 1589 Herone
522 1532 641 1603 aliisque
660 1534 784 1589 lontibus
803 1537 923 1590 uetustis
942 1534 1090 1599 consentit,

75 1616 158 1671 uelut
179 1615 256 1685 quod
279 1614 402 1684 quinque
423 1614 535 1668 tantum
557 1614 716 1682 postulata,
744 1615 800 1669 tria
823 1615 965 1669 axiomata
988 1612 1089 1676 habet;

75 1694 89 1749 I
105 1712 135 1765 p.
152 1700 182 1763 4,
199 1700 218 1749 2
236 1710 301 1751 cum
318 1692 479 1761 Ammonio,
496 1691 663 1762 Philopono‚
683 1692 762 1760 aliis,
780 1711 808 1761 p.
828 1699 853 1761 8,
873 1699 888 1747 9
908 1709 971 1746 cum
990 1689 1091 1745 Proelo

75 1774 207 1845 aliisque,
223 1791 252 1845 p.
271 1778 297 1840 8,
317 1779 350 1829 17
369 1788 434 1827 cum
452 1772 474 1828 E
493 1773 523 1826 et
540 1772 641 1826 Proelo
659 1772 813 1836 consentu
832 1772 861 1825 in
879 1770 892 1822 Ι
911 1770 965 1824 def.
983 1776 1015 1825 15
1034 1769 1091 1836 pri·

74 1870 153 1909 mum
175 1854 288 1909 unium
310 1851 453 1923 glossema
474 1852 575 1920 habet,
604 1850 616 1903 Ι
636 1869 663 1921 p.
684 1858 714 1917 6,
736 1858 748 1904 1
773 1851 823 1904 τοῦ
843 1848 949 1903 κύκλου
974 1846 1090 1915 omittit,

75 1930 270 1989 definitionem
288 1932 428 2001 segmenti
445 1947 503 1986 non
521 1930 616 1986 habet.

146 2012 275 2067 ceterum
293 2012 393 2066 eodem
409 2010 470 2067 iere
487 2013 614 2082 tempore
634 2012 766 2067 conatum
784 2028 843 2066 esse
863 2009 954 2064 uirum
968 2007 1092 2076 aliquem

75 2090 193 2147 doctum
201 2088 350 2146 Elementa
358 2089 459 2146 Latine
474 2092 638 2147 conuertere
653 2094 765 2148 constat
775 2108 791 2146 e
800 2089 897 2146 codice
906 2087 1092 2160 palimpsesto

75 2169 234 2227 Ueronensi
251 2186 291 2225 nr.
310 2176 346 2225 40
369 2170 483 2241 (Blume
506 2172 564 2226 Iter
581 2171 641 2226 ital.
660 2172 674 2225 1
691 2189 719 2240 p.
738 2174 815 2240 263),
838 2188 920 2241 quem
941 2166 1093 2236 descripsit

74 2248 234 2308 Guilelmus
248 2249 432 2305 studemund.
462 2250 587 2305 uonfinet
604 2250 763 2321 fragmenta
776 2249 914 2306 uersionis
929 2246 1092 2305 liberrimae

74 2330 123 2385 uel
145 2329 242 2401 potius
263 2328 435 2385 reductionis
458 2346 549 2386 nouae
567 2331 778 2386 Elementorum
801 2331 870 2385 libb.
888 2329 1030 2384 Xl-XIII
1049 2330 1092 2398 (in

75 2408 176 2465 codice
197 2411 379 2464 numerantur
396 2408 462 2464 XIV
486 2412 515 2465 et
531 2409 596 2479 XV,
625 2411 700 2479 quod
726 2426 782 2479 quo
806 2411 889 2464 modo
911 2411 1018 2465 factum
1043 2409 1089 2475 sit,

75 2504 135 2544 non
152 2489 298 2559 intellego,
315 2487 373 2544 nisi
389 2489 463 2544 forte
480 2506 546 2559 pars
560 2490 604 2544 est
616 2487 732 2544 maioris
745 2488 838 2558 operis
853 2488 1089 2559 encyclopaedici)

76 2566 135 2625 alio
154 2566 378 2638 propositionum
397 2566 501 2623 ordine.
529 2567 618 2623 codex
636 2569 835 2638 palimpsestus
853 2568 960 2625 saeculi
977 2569 1035 2624 fere
1049 2567 1089 2621 IV

76 2664 139 2704 esse
161 2648 251 2704 fertur
276 2651 305 2704 et
327 2648 387 2704 sine
410 2648 496 2704 dubio
519 2648 612 2718 ipsum
635 2649 777 2717 exemplar
799 2648 1023 2718 interpretatoris
1049 2649 1093 2700 est

75 2728 159 2797 (haec
178 2725 283 2783 Cantor
304 2726 500 2797 Vorlesungen
524 2727 571 2781 ub.
591 2727 689 2782 Gesch.
709 2730 759 2782 der
780 2726 868 2782 Math.
887 2727 900 2779 I
921 2745 949 2795 p.
969 2731 1022 2780 478
1037 2741 1092 2792 sq.;

76 2820 145 2861 nam
164 2804 372 2861 Studemundus
391 2806 454 2876 ipse
471 2806 596 2860 nondum
614 2808 684 2862 haec
702 2806 861 2877 fragmenta
878 2804 988 2874 edidit).
1024 2820 1093 2857 num

77 2884 255 2955 propositum
269 2902 350 2940 suum
368 2887 404 2941 ad
418 2887 503 2940 finem
516 2884 685 2957 perduxerit,
703 2884 852 2955 nescimus,
871 2900 961 2954 neque
977 2881 1092 2938 omnino

77 2962 113 3019 de
130 2963 252 3034 ratione,
271 2981 343 3035 quae
361 2965 435 3022 inter
453 2967 526 3021 hanc
544 2965 807 3035 interpretationem
821 2967 983 3033 cetarosque
1000 2963 1092 3018 fontes

76 3042 242 3110 intercedit,
265 3043 420 3114 quidquam
445 3047 565 3101 constat.
611 3044 732 3116 primus,
755 3047 788 3099 ut
809 3044 936 3112 uidetur,
961 3042 1092 3098 Latinam

76 3121 341 3194 interpretationem
366 3124 578 3181 Elementorum
605 3124 685 3181 dedit
712 3124 827 3181 Boetius
855 3129 896 3193 (u.
923 3123 1093 3181 cassiodorii

75 3217 137 3257 nar.
155 3201 183 3273 I,
201 3205 236 3256 45
265 3202 498 3260 translationibus
521 3206 596 3260 enim
619 3204 677 3260 tuis
695 3249 701 3261 .
717 3247 747 3261 ..
792 3204 981 3261 Nicomachus
1004 3203 1091 3260 arith·

77 3278 213 3350 metiens,
236 3283 421 3352 geometricus
445 3283 576 3339 Euclides
599 3284 752 3339 audiuntur
772 3282 920 3350 Ausoniis3
948 3284 997 3341 cfr.
1016 3283 1093 3339 idem

79 3359 115 3416 de
132 3361 270 3431 geometr.
285 3380 312 3432 p.
327 3367 379 3419 577
395 3363 540 3419 Euclidem
557 3363 726 3418 translatum
743 3361 774 3416 in
791 3362 947 3417 Romanam
965 3362 1093 3433 linguam

75 3441 154 3497 idem
177 3439 223 3494 uir
244 3444 408 3513 magnificus
429 3443 545 3498 Boetius
569 3441 675 3511 dedit);
703 3439 883 3510 quadriuium
908 3442 994 3508 enirn,
1018 3439 1094 3509 quod

897 3527 936 3599 g*
