2362 3796
333 162 514 212 ΑΡΡωΝοιΧ
532 161 769 215 εοεοιεοωοω
781 164 804 217 1.
1012 161 1076 226 687

65 300 414 389 παραλλγλόγραμμον
447 297 531 387 πρὸς
561 298 599 367 τὸ
631 299 866 386 πεντάγωνον,
901 300 1008 380 οὕτως
1040 302 1077 369 τὸ

65 404 132 474 ὑπὸ
171 413 287 473 ΑΗΔ
322 403 672 492 παραλληλόγραμμον
708 403 792 494 πρὸς
827 405 865 474 τὸ
902 412 1077 493 τρίγωνον.

65 511 207 592 ἐναλλάξ
230 510 304 599 άρα.

132 623 184 687 26.
221 623 293 685 Καί
318 621 382 684 είσι
411 615 542 684 δυ’δεκα
570 643 601 704 p.
625 620 677 702 24,
701 619 736 700 5]
766 617 836 684 ἐπεὶ
867 615 931 704 γὰρ
961 615 982 704 ἡ
1015 618 1077 704 μὲν

65 731 129 792 ΒΘ
155 728 409 792 πενταπλασίων
432 726 492 808 τῆς
515 728 592 808 ΘΓ,
624 719 645 809 ἡ
674 721 712 789 δὲ
734 729 801 790 ΒΓ
828 727 887 810 τῆς
913 730 978 790 ΘΓ
1007 724 1077 804 ἕξοι-
1114 749 1131 798 ε

65 835 226 915 πλασίων,
250 828 357 910 ἑξάκις
379 827 400 915 ἡ
420 835 483 895 ΒΘ
506 826 660 906 πεντάκις
678 831 718 916 τῇ
735 834 802 896 ΒΓ
821 838 876 915 ίση
896 834 998 915 ἔσται,
1021 829 1077 897 καὶ

66 934 240 1021 ἀναλόγως
264 938 445 1014 δωδεκάκις
466 931 486 1020 ἡ
509 941 572 1002 ΒΘ
595 933 728 1014 δεκάκις
749 938 789 1023 τῇ
813 940 881 1001 ΒΓ
899 937 988 1002 ἐστιν
1013 944 1077 1022 ίση.
1116 922 1118 926 ⁸

134 1046 186 1109 27.
218 1038 276 1120 Ὡς
297 1039 335 1108 τὸ
360 1037 425 1109 άπὸ
448 1043 508 1126 τῆς
525 1046 565 1107 Η
582 1039 665 1128 πρὸς
687 1039 724 1108 τὸ
746 1038 811 1108 άπὸ
830 1052 890 1128 τῆς
907 1048 947 1125 E,
972 1039 1077 1121 οὕτως

67 1144 118 1231 [τὸ
141 1144 367 1232 τετράγωνον]
391 1144 429 1214 τὸ
452 1155 527 1213 ἴσον
549 1159 620 1225 τοῖς
642 1142 707 1213 άπδ
730 1149 798 1214 τῶν
816 1153 889 1232 ΒΓ,
908 1153 971 1213 ΓΔ
993 1145 1077 1231 πρὸς

64 1252 103 1318 τὸ
125 1249 336 1338 τετράγωνον
358 1249 396 1319 τὸ
421 1260 496 1319 ίσον
519 1265 589 1330 τοῖς
612 1247 677 1318 άπὸ
700 1255 769 1320 των
792 1258 865 1338 ΒΓ,
890 1260 964 1322 ΖΔ.
1096 1275 1131 1323 10

132 1361 184 1425 28.
217 1355 274 1424 Ἐν
303 1357 340 1425 δὲ
367 1369 439 1437 ταῖς
468 1363 626 1446 σφαίραις
653 1384 684 1444 p.
708 1361 760 1443 28,
784 1361 841 1441 22]
870 1355 915 1437 ὡς
943 1360 980 1425 έν
1007 1372 1076 1438 τοῖς

65 1477 254 1548 σφαιρικοίς
275 1467 338 1531 τοῦ
361 1467 547 1531 Θεοδοσίου
571 1464 742 1531 δέδεικται.

131 1571 183 1636 29.
211 1567 282 1637 Ὅτι
311 1569 373 1656 μὲν
402 1578 477 1635 ἴσον
500 1566 682 1655 ἀπέχουσιν
705 1568 771 1637 άπὸ
795 1574 856 1637 τοῦ
878 1570 1019 1656 κέντρου
1043 1574 1078 1638 οί

64 1676 101 1742 έν
123 1678 163 1762 τῇ
187 1680 316 1762 σφαίρᾳ
339 1683 407 1740 ίσοι
429 1672 563 1758 κύκλοι,
591 1677 763 1742 δείκνυταί
785 1698 854 1754 πως
877 1675 933 1742 διά
956 1679 1018 1743 τοῦ
1042 1675 1075 1751 ς’

65 1784 127 1847 τοῦ
150 1776 286 1865 πράτου
307 1782 376 1846 τῶν
400 1782 600 1865 σφαιρικιόν·
625 1776 676 1846 ὅτι
695 1777 733 1845 δὲ
750 1779 806 1846 καὶ
825 1781 878 1847 ἐπὶ
896 1780 936 1847 τὰ
954 1781 1075 1868 κέντρα
1096 1801 1129 1851 ισ

64 1890 134 1952 τῶν
152 1885 284 1951 κύκλων
302 1888 482 1951 πίπτουσιν
501 1886 539 1951 αί
550 1882 614 1951 άπὸ
628 1887 690 1951 τοῦ
703 1885 844 1970 κέντρον
857 1888 916 1971 τῆς
930 1891 1075 1973 σφαίρας

64 1991 117 2057 έπλ
140 1988 180 2056 τά
205 1991 342 2057 έκίπεδα
364 1989 502 2058 κάθετοι
526 1988 699 2076 άγόμεναι,
725 1993 829 2076 δῆλον
853 1989 919 2059 άπδ
937 2002 999 2060 τοῦ
1017 2017 1074 2060 πο·

64 2102 222 2183 ρίσματος
243 2099 305 2163 τοῦ
328 2095 463 2184 πρώτου
486 2094 704 2183 θεωρήματος
721 2100 782 2164 τοῦ
801 2099 836 2163 α’
853 2102 988 2183 βιβλίου
1006 2103 1073 2168 τῶν

63 2205 261 2288 σφαιρικῶν.
687 2202 689 2206 ’

130 2311 182 2376 30.
218 2305 319 2373 Ὥστε
345 2306 402 2372 καλ
430 2304 474 2386 ὡς
501 2305 540 2374 τὸ
564 2303 629 2373 άπό
656 2331 688 2392 p.
711 2310 765 2391 34,
791 2312 822 2392 1]
855 2305 940 2376 άλλδι
962 2309 1000 2378 τὸ
1024 2336 1072 2378 τε·
1092 2330 1129 2380 20

61 2411 176 2495 τράκις
197 2408 264 2478 ὑπὸ
288 2414 356 2478 τῶν
375 2418 452 2498 ΑΒ,
471 2418 538 2479 ΒΓ
555 2410 635 2500 μετά
659 2415 720 2480 τοῦ
743 2410 808 2480 άπδ
831 2424 889 2500 τῆς
908 2421 977 2482 ΑΓ
997 2424 1072 2483 ἴσον

62 2517 131 2584 ἐστὶ
153 2527 199 2606 τῷ
223 2514 288 2583 άπο
306 2520 365 2602 τῆς
379 2523 443 2583 ΑΒ
466 2516 522 2584 καὶ
540 2520 600 2586 τοῦ
619 2522 741 2586 λοιποῦ
758 2517 925 2606 τμίματος
937 2524 996 2607 τῆς
1009 2528 1076 2590 ΒΓ

63 2619 192 2706 δηλαδὴ
210 2618 255 2701 ὡς
273 2620 338 2690 άπὸ
358 2626 434 2710 μιᾶς
452 2621 680 2710 ἀναγραφέντι
697 2624 893 2715 τετραγώνῳ
914 2625 970 2693 διὰ
984 2625 1022 2695 τὸ
1036 2627 1071 2712 η’

60 2729 122 2792 τοῦ
146 2728 304 2813 δευτέρον
325 2731 469 2813 βιβλίον.

129 2835 181 2900 31.
211 2829 270 2911 Ὡς
293 2833 546 2919 συναμφότερος
568 2831 589 2920 ἡ
613 2840 716 2901 ΑΒΓ
739 2860 770 2921 p.
790 2838 844 2920 34,
867 2839 902 2920 3]
932 2840 970 2904 αί
994 2844 1071 2922 ΑΒ,
1089 2857 1125 2910 κο

60 2941 127 3003 ΒΓ
147 2937 228 3024 μετὰ
250 2948 309 3024 τῆς
328 2944 398 3005 ΑΓ
417 2938 480 3006 δύο
504 2938 590 3006 είσλν
610 2942 648 3006 αί
662 2948 742 3006 ΑΒ·
765 2937 785 3025 ἡ
805 2938 868 3027 γάρ
883 2947 953 3008 ΑΓ
971 2962 1070 3031 προσ-

132 3149 241 3205 26.V2.
296 3155 339 3205 2⁷.
358 3149 398 3204 V¹
417 3149 465 3220 (ad
483 3167 510 3219 p.
526 3155 569 3214 28,
588 3151 625 3220 4).
676 3155 719 3206 28.
739 3150 786 3206 V'.
840 3158 882 3209 29.
902 3152 941 3209 V¹
960 3154 1071 3223 (eodem

59 3219 204 3288 pertinet).
277 3225 319 3275 30.
339 3219 387 3275 Ψ.
460 3227 502 3274 31.
521 3221 568 3276 V².

131 3422 154 3470 9.
175 3434 207 3468 το
227 3409 417 3486 τετράγωνον]
437 3430 517 3470 enan.
536 3415 570 3470 V.
662 3420 703 3472 10.
724 3415 792 3488 ΖΔ]
810 3433 862 3470 scr.
883 3420 949 3473 ΒΔ.
1026 3423 1082 3466 (εἰ).

57 3481 107 3557 αλ]
126 3484 265 3540 incertum
285 3485 320 3541 ob
339 3485 479 3542 maculam
497 3485 523 3542 V
544 3485 622 3558 (fotk.
639 3481 683 3558 pp.
