2362 3796
232 93 389 189 ευειοωι
406 138 446 189 ω
464 137 738 190 υιωιωιτοειυιι
755 139 894 191 mmm
907 139 943 190 11.
1030 135 1095 200 263

80 273 231 363 τετράκις
253 273 319 343 ὑπὸ
343 281 402 362 τής
426 274 505 362 ὅλης
527 277 582 343 καὶ
606 273 682 356 ἑνὸς
699 281 768 345 τών
786 275 977 364 τμημάτων,
1000 302 1095 344 τυντ-

80 383 151 450 έστι
166 389 211 468 ιβ,
226 382 279 450 ἐπὶ
293 373 366 449 66
329 410 351 469 γ
352 386 482 451 ίνονται
496 409 549 468 μη.
572 391 677 448 ταῦτα
691 381 840 468 τετράκις
853 387 1005 469 γίνονται
1019 390 1093 472 ρεβ.

78 485 161 574 μετά
179 489 241 556 τοῦ
265 484 331 556 άπὸ
354 497 416 556 τοῦ
433 491 553 555 λοιποῦ
548 486 741 615 τμήματος
758 489 980 616 τετραγώνου,
1002 514 1094 557 τουτ

78 595 216 662 ἐστιν·
193 621 215 681 η
239 593 332 662 ἐπὶ
310 621 348 681 η,
370 599 524 679 γίνονται
548 598 599 674 ξδ
638 588 723 679 ὁμοῦ
743 599 813 665 οῖς
861 593 980 662 {vost
959 620 1026 680 αρα
1047 599 1093 687 τῷ

78 697 146 768 άπὸ
172 703 231 786 τῆς
263 697 358 786 ὅλης,
387 701 538 767 τουτέστι
565 702 627 768 τοῦ
653 705 704 786 ιβ,
735 697 791 766 καὶ
823 703 884 766 τοῦ
916 701 1094 789 εἰρημένου
1130 729 1146 778 5

77 805 261 894 τμήματος,
292 807 442 874 τουτέστι
470 809 532 874 τοῦ
557 811 592 890 ὃ,
626 802 712 893 ὁμοῦ
737 811 785 890 ἶς’,
818 803 884 873 άπὸ
912 810 992 893 μιᾶς
1015 803 1092 873 άνα-

75 914 239 1002 γραφέντι
257 911 465 1003 τετραγώνῳ,
487 912 684 979 τουτέστι
658 931 691 982 65
710 911 809 979 ἐπὶ
782 931 827 982 ις·
850 916 1003 997 γίνονται
1019 930 1094 982 σνς

76 1016 160 1106 ὅπερ
183 1017 274 1086 ἐστὶν
297 1026 383 1087 ἴσον.

145 1127 197 1194 58.
220 1122 329 1193 Ἔστω
354 1121 413 1210 ὅλη
436 1125 529 1192 ῐκιιλ
551 1124 712 1213 τμηθήτω
737 1128 784 1205 εἰς
807 1130 827 1196 ξ
849 1125 904 1192 καὶ
928 1115 957 1196 ὅ.
994 1127 1091 1211 λέγω,

76 1231 130 1301 ὅτι
155 1229 195 1299 τὸ
225 1228 291 1298 ῦπὸ
323 1235 382 1317 τῆς
415 1227 493 1318 ὅλης
519 1231 576 1298 καὶ
603 1229 681 1312 ἑνὸς
708 1235 777 1299 τών
799 1230 979 1319 τμημάτων
1003 1256 1092 1320 περι·
1111 1258 1145 1307 10

76 1336 238 1426 εχὸμενον
269 1335 484 1424 ὀρθογώνιον
503 1337 584 1424 μετὰ
611 1342 674 1406 τοῦ
700 1336 764 1406 άπὸ
786 1343 848 1406 τοῦ
870 1343 991 1407 λοιποῦ
1013 1339 1092 1425 τμή-

76 1470 180 1532 ματος
201 1443 413 1532 τετραγώνου
441 1452 516 1513 λσον
540 1445 609 1514 ἐστὶ
632 1448 678 1535 τῷ
702 1441 769 1512 άπό
792 1471 827 1513 τε
849 1456 909 1530 τῆς
933 1445 1013 1532 ὅλης
1035 1446 1091 1513 καὶ

73 1554 137 1618 τοῦ
156 1552 335 1638 εἰρημένου
356 1549 524 1638 τμήματος
546 1550 741 1643 τετραγώνῳ
768 1548 813 1631 ώς
831 1548 896 1618 άπὸ
916 1555 994 1638 μιᾶς
1012 1549 1091 1619 άνα·

74 1656 248 1745 γραφέντι.
301 1661 369 1725 ἔστι
397 1657 462 1743 γὰρ
489 1655 527 1726 τὸ
560 1657 711 1746 τετράκις
742 1657 808 1726 ὑπὸ
840 1661 899 1743 τής
931 1654 1010 1743 ὅλης
1035 1658 1092 1725 καὶ

74 1761 154 1842 ἑνὸς
179 1767 249 1831 τών
275 1761 456 1850 τμημάτων
489 1763 728 1852 περιεχόμενον
763 1761 977 1852 ὀρθογώνιον
1009 1762 1089 1850 μετὰ
1112 1789 1144 1838 16

72 1871 136 1937 τοῦ
164 1866 230 1936 άπὸ
258 1873 321 1938 τοῦ
349 1873 470 1939 λοιποῦ
497 1869 667 1999 τμήματος
700 1869 912 1957 τετραγώνου
938 1872 1016 1958 6'q5·
1051 1868 1090 1938 τὸ

74 1970 142 2043 ὑπὸ
166 1979 225 2063 τῆς
248 1972 329 2062 ὅλης
356 1974 421 2064 γὰρ
444 1975 541 2044 καὶ
524 1975 600 2056 ενὸς
621 1980 691 2044 τών
713 1975 891 2063 τμημάτων
918 1979 968 2063 ρξ’
1005 1973 1091 2056 ἅπαξ

72 2078 140 2169 γάρ
164 2080 279 2150 ὅεκάκι
303 2072 380 2167 ὅμ·
410 2083 558 2169 τετράκις
581 2074 645 2151 οῦν
668 2086 758 2170 μρξ.
809 2081 847 2150 τὸ
873 2078 956 2150 (λε’
937 2079 1003 2148 απὸ
1030 2091 1091 2148 τοῦ

74 2191 196 2256 λοιποῦ
231 2186 400 2275 τμήματος
432 2186 643 2275 τετράγωνον
676 2190 724 2258 λς·
773 2186 880 2268 ἑξάκις
911 2185 975 2275 γὰρ
1005 2186 1092 2276 ςήλς

51 2299 211 2381 [γίνεται.
266 2298 309 2385 λξΙ
334 2285 399 2362 οῦν
425 2284 549 2381 καὶρξ
571 2291 659 2381 ὁμοῦ
686 2299 813 2381 γίνεται
837 2297 909 2381 ρἰἷξ.
965 2302 1021 2361 ἴσοι
1053 2292 1090 2360 δὲ
1109 2317 1143 2366 60

73 2400 178 2468 ταῦτά
203 2403 272 2470 ἐστι
298 2404 346 2492 τῷ
369 2398 436 2468 άπὸ
458 2410 517 2487 τῆς
541 2398 621 2486 ὅλης
647 2401 787 2468 καὶτοῦ
811 2402 989 2487 εἰρημένου
1011 2399 1090 2486 τμή-

75 2531 177 2589 ματος
213 2505 258 2587 ώς
295 2504 362 2575 άπὸ
394 2510 472 2594 μιᾶς
505 2506 734 2594 ἀναγραφέντι
765 2505 975 2598 τετραγώυφ·
1020 2526 1090 2574 τεσ-

77 2612 350 2694 σαρεσκαιδεκάκι
377 2612 443 2701 γὰρ
470 2616 511 2680 ῖδ
533 2618 598 2700 ἶνις-ς
627 2623 777 2681 ποιοῦσι·
813 2614 926 2681 ὅεκάκι
949 2611 1014 2700 γάρ
1037 2619 1090 2700 ῖρ

147 2784 272 2852 τευ,
330 2842 335 2855 ,

149 2969 173 3017 1.
193 2959 366 3050 τουτέστι]”
347 2983 481 3034 ηγουνο.
553 2971 578 3020 2.
597 2967 706 3035 γίνεται
727 2965 758 3019 V.
827 2966 958 3052 γίνεται
955 2966 988 3020 V.
1062 2972 1086 3019 3.

75 3029 269 3123 τουτέστιν]”
251 3052 384 3123 ηγυυνρ
465 3042 491 3091 4.
509 3037 650 3120 γίνονται]
670 3054 724 3092 om
744 3055 771 3105 q.
856 3037 919 3118 τῷ]
926 3033 959 3089 τό
977 3035 1078 3103 6qu
1060 3053 1087 3103 q.

113 3113 137 3161 5.
157 3100 335 3177 τουτέστι]”
316 3122 451 3175 qyovvq.
536 3106 598 3178 τοῦ]
618 3106 716 3177 (prius)
735 3122 791 3162 om.
809 3105 863 3175 Ἑλ),
882 3107 983 3174 τῦνο.
1062 3114 1087 3162 6.

74 3191 251 3252 τουτέστι-
217 3196 344 3320 μιᾶς]
363 3195 413 3250 τοῦ
428 3182 482 3249 ὅ
464 3214 501 3259 ως
518 3189 575 3249 άπὸ
590 3196 662 3284 μιᾶς
676 3191 846 3282 άναγραφὲν
863 3195 915 3249 τοῦ
930 3212 957 3251 ις
971 3214 1009 3268 τφ
1028 3192 1085 3264 Vq.

110 3263 242 3391 6
291 3265 365 3391 b„
383 3272 414 3390 6
426 3263 718 3409 ‘0666666
767 3271 808 3391 6
809 3249 1086 3425 6666666

71 3355 204 3496 ὅὸὅκις(1
224 3331 341 3463 g''186
300 3403 589 3497 άναγραφέντοςΒ.
672 3414 714 3463 16.
733 3404 909 3495 τετράγωνον
927 3406 968 3463 B?
1040 3406 1086 3479 τό]

72 3480 155 3536 scrib.
174 3475 206 3534 τὸ
225 3476 361 3552 τετράκις.
435 3484 477 3536 22.
497 3475 718 3552 ἀναγραφέντος
734 3476 916 3552 τετραγώνου
929 3477 974 3534 Vs

896 3563 957 3623 W*
