2362 3796
118 160 182 225 198
268 161 424 213 SCHOLIA
442 163 481 214 lx
498 163 774 215 mmmm
791 160 966 216 unkun

116 302 300 387 δεδομένον
324 305 361 369 έν
383 302 532 388 τούτοις,
561 302 648 370 ἀλλὰ
670 304 771 389 μέρος
791 301 987 390 προσλαβὸν
1009 306 1070 389 τῆς
1094 305 1131 371 έν

117 409 258 486 ἐκείνοις
275 405 478 490 ὑποθέσεως.
509 406 625 496 τὸγὰρ
640 410 694 477 ἐπὶ
707 414 767 496 τῆς
779 407 883 496 αὐτῆς
896 405 984 477 εἶναι
998 408 1132 496 βάσεις

115 508 213 597 ἢέπδ
238 522 321 581 ίσων
343 516 400 581 καὶ
423 516 477 582 ἐπὶ
499 513 629 583 τούτων
657 517 792 582 δέδοται
817 515 873 583 καὶ
902 512 952 584 ἐπ’
978 517 1131 602 ἐκείνων,

114 617 204 704 πλὴν
226 616 278 686 ὅτι
301 622 512 708 προσέθηκεν
535 624 572 688 έν
590 633 663 700 ταῖς
679 616 865 689 ύποθέσεσι
881 620 1028 707 ταύταις,
1051 618 1131 690 δέν

79 725 254 806 δέκείνοις
280 724 361 811 μήτε
392 725 596 812 ζητούμενόν
623 729 714 794 έστιν
740 727 822 813 μήτε
850 727 1049 813 δεδομένον·
1089 725 1128 795 τὸ

114 830 179 917 γὰρ
203 832 256 900 έπδ
278 830 319 898 τά
342 830 426 899 αύτά
450 835 533 920 μέρη
557 834 684 913 ἔξωθεν
705 838 953 919 προσείληπται.

182 942 256 1006 131.
288 935 362 1005 Ὅτε
394 938 457 1024 μὲν
487 937 550 1025 τήν
582 939 718 1026 ἰσότητα
746 939 919 1007 δεικνύναι
944 938 1130 1028 πρόκειται,

113 1042 187 1111 τότε
209 1046 348 1128 τέτταρα
370 1044 572 1131 θεωρήματα
594 1044 655 1113 τὸν
677 1042 828 1133 ἀριθμὸν
851 1049 1040 1133 ἐποιοῦμεν,
1065 1045 1130 1116 δύο

114 1148 176 1234 μὲν
200 1151 253 1217 ἐπὶ
275 1154 344 1218 τών
366 1153 735 1238 παραλληλογράμμων,
759 1150 823 1220 δύο
843 1151 882 1220 δὲ
899 1151 954 1220 έπδ
971 1154 1041 1220 τών
1059 1178 1130 1239 τρι-

63 1277 96 1326 10
115 1254 236 1339 γώνων
268 1258 495 1341 λαμβάνοντες
526 1253 548 1343 ἢ
582 1257 635 1324 ἐπὶ
668 1261 737 1326 τών
760 1255 874 1326 αύτιόν
902 1253 924 1344 ἢ
958 1258 1012 1325 έπδ
1043 1265 1129 1326 δ’σων

114 1366 249 1445 κείμενα
272 1360 413 1446 βάσεων.
457 1362 536 1429 νυνὶ
559 1363 597 1430 δὲ
620 1360 898 1451 ἀναστρέφοντες
923 1360 965 1432 τά
988 1364 1050 1450 μὲν
1074 1366 1128 1432 έπδ

113 1470 183 1533 τών
202 1471 557 1556 παραλληλογράμμων
576 1467 843 1558 ἀντιστρέφοντα
860 1468 1067 1558 παρήκαμεν,
1085 1469 1127 1538 τά

115 1570 153 1639 δὲ
176 1573 227 1640 έπδ
251 1578 320 1642 τών
342 1573 518 1661 τριγώνων
541 1574 673 1662 μνήμης
694 1572 894 1662 ήξιώσαμεν.
938 1584 1049 1645 αδτιον
1079 1577 1127 1663 δέ,

113 1680 165 1746 ότι
184 1679 307 1766 τρόπος
325 1679 387 1767 μὲν
404 1684 464 1766 τῆς
482 1678 684 1762 ἀποδείξεως
702 1679 720 1749 ὁ
734 1680 835 1761 αὐτὸς
848 1681 904 1749 καὶ
918 1678 969 1750 ἐπ’
986 1684 1128 1751 ἐκείνων

60 1803 92 1854 15
112 1782 373 1874 ἀπαραλλάκτως
392 1785 448 1854 διὰ
465 1790 524 1874 τῆς
542 1791 589 1867 είς
607 1785 780 1861 ἀδύνατον
798 1785 979 1874 ἀπαγωγῆς
994 1789 1052 1856 καὶ
1070 1792 1128 1876 τῆς

112 1889 229 1976 ὁμοίας
238 1898 451 1980 κατασκευῆς,
467 1889 664 1982 ἀρκούμεθα
678 1892 716 1960 δέ
730 1894 783 1961 ἐπὶ
796 1896 865 1961 τών
878 1891 1127 1981 ἁπλουστέρων,

112 2000 197 2084 λέγω
225 1998 268 2086 δή
294 2003 363 2067 τών
390 2002 580 2085 τριγώνων,
611 1999 847 2080 ύποδείξαντες
877 1997 942 2086 τήν
970 2001 1128 2085 μέθοδον

111 2109 320 2171 καταλείπειν
339 2118 409 2184 τοῖς
424 2102 695 2195 ἀγχινουστέροις
709 2107 765 2173 καὶ
779 2106 833 2173 ἐπὶ
847 2110 915 2173 τών
927 2102 1128 2175 ὑπολοίπων

110 2207 151 2274 τὰ
181 2206 266 2276 αὐτὰ
289 2215 559 2298 συλλογίζεσθαι,
588 2215 673 2298 ἐπεί,
702 2210 754 2280 ὅτι
777 2239 815 2298 γε
838 2211 860 2299 ή
885 2209 969 2300 αύτὴ
991 2212 1048 2280 καὶ
1073 2215 1126 2282 ἐπὶ

59 2333 93 2382 20
111 2312 240 2382 τούτων
259 2315 416 2402 μέθοδος,
439 2317 561 2408 ῥᾴδιον
580 2322 742 2386 συνιδεῖν.
780 2318 941 2404 λαβόντες
958 2315 1024 2405 γάρ
1041 2342 1124 2405 παρ-

112 2419 372 2508 αλληλόγραμμα
399 2432 455 2490 δσα
482 2424 536 2492 ἐπὶ
564 2428 622 2510 τής
649 2424 751 2510 αὐτῆς
779 2423 909 2509 βάσεως
934 2420 958 2510 ἢ
984 2423 1042 2491 καὶ
1073 2424 1126 2493 ἐπὶ

110 2528 179 2593 τών
199 2533 282 2594 ίσων
301 2530 455 2617 έρούμεν,
475 2530 527 2597 ὅτι
545 2530 601 2597 καὶ
620 2532 657 2598 έν
675 2543 747 2610 ταῖς
765 2529 882 2610 αὐταῖς
900 2527 1125 2618 παραλλήλοις

112 2632 212 2701 ἐστίν.
248 2638 280 2701 εί
300 2633 364 2725 γὰρ
388 2635 445 2721 μή,
468 2632 564 2715 έντός
585 2648 732 2704 πεσεῖται
756 2635 905 2723 θάτερον
927 2639 997 2705 τών
1021 2637 1060 2704 έν
1077 2638 1121 2727 τῷ

112 2739 211 2830 ἑτέρῳ
239 2740 462 2828 παραλλήλων
489 2743 744 2828 ἐκβαλλομένων
772 2738 794 2829 ἢ
822 2741 924 2822 έκτός.
969 2739 1061 2821 ὅπως
1087 2740 1123 2807 δέ

61 2861 95 2911 25
114 2840 157 2912 ἀν
171 2851 283 2936 πίπτη,
297 2846 457 2933 λαβόντες
471 2849 579 2915 έκεῖνο
593 2848 648 2915 καδ
662 2846 721 2928 τάς
735 2850 773 2916 έν
787 2846 876 2940 αύτῷ
890 2846 1123 2933 παραλλήλους

112 2953 274 3039 δείξομεν,
298 2949 319 3019 ἀ
343 2952 398 3019 καὶ
421 2953 475 3020 έπδ
497 2957 566 3022 τών
588 2953 777 3040 τριγώνων,
804 2951 916 3022 ὅτιτὸ
941 2950 1024 3022 όλον
1047 2961 1121 3021 ίσον

112 3061 202 3124 ἔσται
226 3062 270 3148 τῷ
295 3057 416 3125 ἑαυτοῦ
439 3058 539 3144 μέρει.
584 3062 683 3127 τούτο
713 3059 751 3126 δὲ
779 3056 961 3128 ἀδύνατον.
1007 3056 1060 3126 ὅτι
1088 3055 1123 3125 δὲ

183 3429 208 3479 4.
227 3432 289 3489 ταῖς
307 3423 464 3481 ὑποθέσεσι
481 3423 609 3499 ταύταις]
630 3427 668 3493 V;
686 3422 804 3489 ταύταις
820 3433 882 3491 ταῖς
900 3422 1077 3484 ὑποθέσεσιν
1096 3444 1122 3497 q,

94 3492 219 3551 Ρτοοίαε
233 3515 261 3569 μ.
285 3503 345 3568 409,
369 3503 485 3556 14-15.
559 3503 604 3556 25.
623 3493 677 3571 Kar]
693 3493 758 3554 ἀντί
775 3515 866 3568 οοῐορ.
881 3498 913 3552 P.
