2362 3796
124 162 188 227 166
275 165 431 220 εοειοιιε
449 168 488 220 ια
506 165 784 219 mmmmm
800 166 978 221 mltum

473 360 531 426 Ad
553 384 661 448 prop.
684 360 789 431 XXV.

189 484 240 551 95.
286 481 330 549 Τὸ
364 482 413 550 κε’
447 481 609 570 θεῶρημα
641 480 870 571 ἀντίστροφόν
903 483 973 551 έστι
1005 488 1056 577 τῷ
1087 486 1140 555 κδ’

121 586 331 676 θεωρήματι,
360 586 541 657 άντικελται
566 588 605 657 δέ
627 594 672 681 τῷ
697 589 748 676 η’·
784 587 868 657 κατά
891 594 1056 676 συζυγίαν
1079 591 1141 681 γάρ

123 691 141 762 ὁ
167 694 377 783 στοιχειωτὴς
400 694 592 783 προήγαγεν
614 695 655 763 τά
678 721 714 764 τε
736 696 790 764 ἐπὶ
812 700 872 783 τῆς
894 694 1052 782 ἰσότητος
1074 702 1140 767 τῶν

87 806 256 887 σγωνιῶν
284 803 340 869 καὶ
366 806 435 870 τῶν
465 801 598 889 βάσεων
625 802 682 869 καὶ
708 803 749 871 τά
778 802 830 870 ἐπὶ
857 806 917 889 τῆς
941 798 1141 892 ἀνισότητος

120 907 323 996 θεωρήματα
346 907 424 977 καθ’
452 910 611 996 ἑκατέραν
632 912 701 977 τῶν
725 915 892 995 συζυγιῶν
913 906 954 977 τά
977 909 1044 996 μὲν
1066 934 1140 998 προ

121 1014 310 1103 ηγοάμενα,
342 1014 382 1082 τά
412 1016 449 1084 δέ
477 1012 685 1103 ἀντίστροφα
714 1014 899 1103 λαμβάνων
920 1015 978 1083 καὶ
1000 1017 1058 1085 ἐπὶ
1080 1017 1139 1105 μὲν

121 1124 190 1186 τῶν
213 1121 476 1207 προηγουμένων
499 1135 571 1202 ταῖς
590 1118 639 1190 ἐπ’
661 1119 799 1201 εὐθείας
818 1123 941 1202 δείξεσι
958 1120 1139 1211 χρεόμενος,

123 1224 176 1291 ἐπὶ
200 1224 237 1291 δὲ
260 1229 329 1292 τῶν
353 1223 590 1313 ἀντιστρόφων
613 1240 685 1307 ταῖς
708 1232 756 1308 είς
784 1225 958 1296 ἀδύνατον
986 1225 1140 1317 ἀγωγαῖς.

71 1348 105 1399 10
124 1326 212 1395 οὕτω
246 1329 283 1397 δὲ
314 1331 371 1397 καί
404 1327 457 1416 ἐφ’
488 1332 564 1411 ἑνὸς
595 1330 739 1401 ἑκάστου
767 1335 936 1421 τριγιόνου
969 1340 1137 1421 πεποίηκε·

122 1433 196 1501 τοτὲ
224 1434 286 1521 μὲν
312 1439 352 1525 τῇ
382 1435 508 1523 ίσότητι
536 1441 604 1507 τῶν
633 1442 670 1507 έν
699 1436 788 1530 αὐτῷ
812 1442 969 1526 πλευρῶν
991 1444 1139 1509 δείκνυσι

121 1540 184 1627 τὴν
200 1541 335 1629 ἰσότητα
348 1546 417 1610 τῶν
431 1540 703 1631 ὑποτεινομένων
718 1547 854 1631 γωνιῶν
866 1542 1139 1633 ἀκολουθοῦσαν,

121 1647 195 1715 τοτὲ
220 1648 258 1716 δὲ
280 1652 319 1737 τῇ
343 1646 532 1737 ἀνισότητι,
559 1650 615 1717 καὶ
643 1643 687 1717 αὖ
717 1648 820 1718 πάλιν
844 1648 1138 1741 ἀντιστρόφωςτῇ

123 1755 184 1841 μὲν
203 1753 330 1842 ίσότητι
345 1759 413 1824 τῶν
427 1759 563 1842 γωνιῶν
578 1753 639 1841 τὴν
655 1754 792 1841 ίσότητα
805 1766 873 1824 τῶν
886 1754 1138 1827 ὑποτεινουσῶν

71 1879 104 1930 15
123 1866 294 1949 πλευρῶν,
324 1872 364 1949 τῇ
389 1863 426 1930 δὲ
449 1860 622 1947 ἀνισότητι
645 1864 708 1947 τὴν
730 1859 912 1948 ἀνισότητα
935 1860 1138 1949 ἀποφαίνων

123 1963 296 2053 ἑπομένην.

189 2072 397 2158 βουλόμενος
421 2074 526 2152 δείξαι
550 2071 568 2141 ὁ
592 2073 794 2160 γεωμέτρης,
823 2071 874 2141 ότι
902 2069 924 2160 η
946 2076 1051 2161 γωνία
1075 2078 1140 2143 τοῦ

124 2176 200 2255 ἑνὸς
221 2176 388 2263 τριγῶνου
411 2183 530 2263 μείζων
555 2178 623 2247 ἐστὶ
641 2183 699 2265 της
717 2181 778 2245 τοῦ
792 2178 908 2266 ἑτέρου
925 2183 1063 2265 γωνίας,
1086 2181 1136 2248 κέ·

124 2305 241 2368 χρηται
263 2286 309 2374 τῷ
335 2278 379 2349 δι’
405 2280 578 2352 ἀδυνάτου
602 2288 815 2376 συλλογισμῷ
841 2282 961 2365 οὕτως·
993 2281 1015 2372 ἡ
1040 2291 1141 2355 ΒΑΓ

73 2408 108 2459 20
127 2391 245 2474 γωνία,
269 2393 425 2479 φησί,τῇ
449 2398 550 2458 ΕΔΖ
573 2386 593 2477 ἢ
618 2398 673 2477 ίση
697 2389 788 2459 ἐστὶν
811 2385 833 2477 ἢ
856 2388 1020 2459 ἐλάσσων.
1056 2389 1137 2460 ἀλλά

125 2494 192 2580 μην
216 2492 293 2562 οὔτε
316 2502 372 2581 ίση
397 2495 487 2563 ἐστὶν
512 2494 589 2564 οὔτε
612 2495 777 2565 ἐλάσσων·
807 2501 929 2583 μείζων
952 2493 1029 2585 ἀρα.
1071 2503 1137 2567 ἔστι

125 2598 163 2668 θλ
181 2598 210 2667 ε’
225 2599 347 2687 τρόπος
366 2593 466 2682 οὗτος
478 2607 547 2671 τῶν
561 2600 786 2672 ὑποθετικῶν.
817 2600 926 2670 πόθεν
943 2592 1009 2671 οὖν
1022 2606 1136 2690 δῆλον,

125 2704 176 2775 ότι
200 2709 277 2776 οὔτε
301 2716 356 2795 ίση
380 2709 472 2777 ἐστὶν
496 2706 574 2777 οὔτε
597 2708 764 2789 ἐλάσσων;
787 2707 1022 2791 κατασκευάζει
1039 2713 1135 2779 τοῦτο

125 2813 182 2881 διὰ
204 2820 266 2883 τοῦ
288 2814 323 2902 β’
346 2814 475 2904 τρόπον
498 2819 568 2883 τῶν
591 2812 820 2900 ὑποθετικῶν,
850 2813 916 2901 ὅτι,
945 2822 980 2883 εί
1000 2818 1093 2885 ἐστιν
1117 2812 1135 2901 ἡ

71 2940 105 2991 25
123 2926 228 2988 ΒΑΓ
245 2927 352 3008 γωνία
376 2930 430 3008 ίση
454 2916 475 3008 ἢ
500 2919 650 2990 ἐλάσσων
673 2925 713 3009 τῇ
738 2927 851 3007 ΕΔΖ,
874 2928 930 3007 ίση
954 2916 999 2989 ἀν
1021 2912 1069 3008 ἦν
1085 2918 1135 2991 καί

124 3041 338 3050 ——.——-—--

196 3085 238 3135 95.
256 3079 325 3135 Pv·
338 3081 391 3151 (fq,
410 3080 451 3134 1²²
469 3081 567 3149 enam).

196 3225 220 3274 2.
244 3218 276 3275 τό
295 3252 330 3262 -
349 3227 374 3275 3.
394 3217 442 3293 η’]
467 3217 625 3276 άντικεῐται
643 3218 696 3290 μὲν
714 3221 752 3291 τῷ
773 3216 880 3294 όγθόφ,
903 3215 1089 3293 ἀντιστρέφει
1105 3218 1135 3277 δέ

124 3289 163 3359 τῶ
177 3287 231 3359 πρό
248 3286 336 3346 αὐτοῦ
350 3292 381 3346 Ρ.
436 3297 461 3345 4.
481 3291 516 3346 τά
527 3291 570 3362 τε]
584 3290 614 3358 Ρ,
630 3308 683 3346 om.
698 3290 784 3360 VqF.
840 3298 864 3347 9.
883 3286 1094 3362 ἀντιστροφίων
1106 3292 1135 3347 Ρ.

160 3355 326 3431 ἀπαγωγαῖς
343 3360 373 3418 Ρ.
447 3369 488 3418 10.
507 3363 662 3431 πεποίηκεν
681 3360 818 3434 τριγῶνου
837 3363 868 3417 Ρ.
942 3368 984 3419 18.
1003 3364 1076 3420 Post
1088 3358 1135 3419 ἀν·

124 3426 232 3499 ισότητι
250 3431 314 3485 add.
333 3429 385 3501 τὴν
403 3429 558 3503 ἀνισότητα
577 3433 607 3488 Ρ.
682 3440 723 3489 16.
743 3428 899 3504 ἑπομένην]
916 3432 963 3489 hio
982 3433 1091 3491 desinit
1107 3435 1135 3489 Ρ.

154 3506 197 3560 20.
217 3501 267 3576 τῇ]
282 3504 375 3582 γωνίᾳ
389 3503 422 3578 τῇ
441 3502 473 3562 F.
528 3509 573 3562 21.
593 3500 699 3560 ἔστιδὲ
716 3536 747 3545 -
760 3511 808 3558 111.
824 3500 1022 3573 {afflatum
1037 3522 1093 3561 om.
1107 3504 1137 3563 F.
