2362 3796
86 172 151 237 358
229 173 386 226 SCHOLIA
404 174 444 224 IN
461 172 736 225 EIAEMEMORUM
753 172 893 224 LIBRUM
905 172 952 224 VI.

86 312 105 382 ὁ
124 313 311 401 γεωμέτρης
329 314 445 399 δεῖξαι,
465 311 510 393 ὡς
528 314 566 381 έν
583 325 654 392 τοῖς
672 320 760 392 ίσοις
775 310 912 390 κύκλοις
930 313 968 378 αἱ
979 316 1106 397 γωνίαι

84 418 146 488 τὸν
180 417 283 487 αὐτὸν
315 418 418 504 λόγον
446 423 560 504 ἔχουσι
591 431 665 498 ταῖς
694 422 934 505 περιφερείαις,
967 413 1023 504 ἐφ’
1054 407 1106 486 οὖν

85 525 279 613 βεβήκασιν,
303 525 464 612 ἐχρήσατο
487 528 535 604 είς
558 522 620 610 τὴν
638 523 762 593 τούτου
780 524 895 609 δεῖξιν,
918 522 971 591 ὅτι
994 526 1035 589 αί
1051 522 1105 590 ἐπὶ

85 633 248 718 μειζόνων
276 634 499 718 περιφερειῶν
527 632 563 697 ἐν
592 643 663 710 τοῖς
691 639 777 710 ῖσοις
807 628 944 708 κύκλοις
970 634 1106 716 μείζους

49 743 182 824 οείσίν,
207 741 244 805 αί
265 737 303 805 δέ
326 734 376 805 ἐπ’
404 736 597 805 ἐλασσόνων
621 735 785 815 ἐλάσσους
806 735 863 802 καὶ
886 737 924 802 αί
944 734 998 802 ἐπὶ
1017 742 1104 803 ίσων

85 853 170 930 ίσαι,
204 840 222 912 ὃ
250 839 374 911 ταύτόν
403 845 472 910 ἐστι
498 847 545 935 τῷ
575 840 634 910 ἐὰν
661 840 681 928 ἡ
711 842 904 930 περιφέρεια
930 839 1016 928 πρὸς
1038 839 1103 927 τὴν

83 951 299 1038 περιφέρειαν
324 955 380 1037 ἔχη
404 946 465 1015 τὸν
487 951 549 1015 τοῦ
571 953 722 1035 μείζονος
740 947 855 1035 λόγον,
877 947 933 1016 καί
951 945 973 1031 ἡ
993 952 1103 1033 γωνία

83 1053 104 1143 ἡ
142 1057 195 1124 ἐπὶ
227 1060 285 1142 τῆς
322 1061 474 1141 μείζονος
510 1059 720 1143 περιφερείας
756 1059 921 1141 βεβηκυῖα
955 1055 1015 1140 τῆς
1049 1052 1100 1122 ἐπ’

84 1161 265 1242 ἐλάσσονος
302 1165 514 1249 περιφερείας
550 1164 729 1247 βεβηκυίας
765 1158 826 1227 τὸν
854 1163 917 1227 τοῦ
948 1164 1103 1245 μείζονος

32 1290 66 1339 10
84 1266 189 1352 λόγον
221 1268 302 1352 ἕξει,
340 1267 396 1333 καὶ
428 1264 489 1334 ἐάν
520 1264 541 1352 ἡ
573 1265 767 1352 περιφέρεια
802 1264 886 1353 πρὸς
917 1263 980 1352 τὴν
1011 1290 1101 1353 περι-

84 1372 223 1459 φέρειαν
250 1370 310 1440 τὸν
337 1376 398 1440 τοῦ
428 1372 602 1451 ἐλάττονος
628 1370 732 1457 λόγον
761 1375 834 1460 ἔχη,
865 1370 922 1437 καὶ
948 1367 969 1456 ἡ
993 1376 1103 1456 γωνία

84 1476 181 1564 ἡέπὶ
204 1483 263 1565 τῆς
290 1478 468 1559 ἐλάττονος
497 1484 710 1565 περιφερείας
736 1483 897 1565 βεβηκυῖα
928 1500 1013 1562 προς
1039 1475 1102 1564 τὴν

84 1584 136 1652 ἐπὶ
164 1589 222 1671 τῆς
249 1591 398 1672 μεάφνος
425 1582 486 1653 τὸν
513 1588 574 1652 τοῦ
603 1583 780 1663 ἐλάττονος
803 1582 907 1668 λόγον
931 1584 1013 1668 ἕξει,
1046 1583 1102 1650 καὶ

84 1688 144 1758 ἐάν
168 1700 237 1758 ῖσαι
261 1695 299 1758 αί
318 1691 544 1778 περιφέρειαι,
572 1692 610 1756 αί
629 1694 750 1775 γωνίαι
772 1687 833 1757 τὸν
856 1691 914 1775 τῆς
938 1690 1102 1775 ίσότητος,

32 1817 65 1867 15
85 1792 165 1881 ὅπερ
189 1789 233 1880 ἦν
254 1796 293 1865 τὸ
319 1800 356 1864 ἐν
379 1800 418 1884 τῇ
443 1794 601 1878 προτάσει
624 1799 686 1863 τοῦ
708 1796 875 1882 παρόντος
897 1793 1102 1881 ζητούμενον

83 1901 311 1989 θεωρήματος,
335 1901 454 1989 ὅμοιον
479 1899 496 1969 ὁ
521 1903 707 1989 γεωμέτρης
735 1906 843 1969 ποιῶν
866 1904 910 1992 τῷ
934 1896 1101 1986 ἀπολογη-

84 2009 215 2098 σομένῳ
246 2009 464 2093 ἐρωτηθέντι,
498 2006 555 2075 διά
583 2011 618 2077 τί
648 2005 666 2074 ὃ
699 2005 884 2094 ἅνθρωπος
912 2008 1012 2096 ζῷον,
1044 2003 1098 2072 ὅτι

83 2111 265 2200 ἅνθρωπος
294 2118 393 2202 ζῷον,
423 2111 504 2201 ὅπερ
533 2110 575 2180 οὐ
602 2112 710 2199 μόνον
739 2114 791 2180 ἐπὶ
817 2123 876 2199 τῆς
898 2108 1099 2191 ἀποδείξεως

79 2219 217 2304 Ιγελοῖόν
250 2221 334 2303 έσιι,
367 2217 452 2285 άλλά
486 2218 542 2285 καὶ
573 2218 624 2286 ἐπὶ
652 2222 711 2304 τῆς
734 2221 955 2304 διαλεκτικῆς,
987 2224 1019 2284 εί
1048 2242 1101 2296 τις

31 2346 65 2394 20
83 2323 347 2410 τοιουτοτρόπως
357 2321 593 2411 ἀποφαίνηται,
602 2326 843 2409 καταγέλαστος
853 2313 969 2404 δόξειε.
988 2321 1101 2410 φαμέν

83 2420 163 2514 οὖν,
192 2426 237 2508 ὡς
265 2427 326 2497 οὐκ
354 2428 436 2516 ἤδη,
469 2430 530 2498 ἐάν
557 2427 577 2516 ἡ
600 2431 796 2517 περιφέρεια
819 2428 901 2518 πρὸς
923 2427 986 2516 τὴν
1009 2453 1100 2515 περι·

83 2530 1101 2624 mmmmmMQOMmm

84 2641 135 2708 ἐπὶ
158 2644 217 2727 τῆς
236 2647 384 2727 μείζονος
403 2646 614 2727 περιφερείας
633 2641 716 2726 πρὸς
733 2641 796 2728 τὴν
814 2648 943 2729 γωνίαν
961 2639 1026 2727 τὴν
1048 2642 1101 2709 έπλ

82 2750 141 2833 τῆς
165 2746 347 2826 ἐλάσσονος
369 2751 552 2833 βεβηκυῖαν
576 2751 632 2834 ἔχη
655 2745 715 2815 τὸν
733 2751 795 2815 τοῦ
815 2752 966 2834 μείζονος
984 2745 1101 2832 λόγου,

30 2849 1101 2940 πῶωῶὥωῳήωψωψωπψ

84 2961 238 3047 φέρειαν,
272 2964 338 3046 ἔχει
366 2959 423 3025 καί
452 2955 473 3044 ἡ
502 2962 609 3043 γωνία
638 2958 721 3045 πρὸς
743 2957 806 3044 τὴν
829 2963 966 3045 γωνίαν.
1011 2957 1103 3039 είκὸς

82 3062 1102 3152 mmmmfflmwmwmme

154 3298 178 3346 5.
204 3292 251 3363 δέ]
277 3290 309 3348 δὲ
329 3289 361 3346 αί
383 3291 417 3347 V.
508 3298 533 3347 8.
557 3294 630 3348 Ante
655 3294 792 3366 βεβηκυῖα
815 3291 926 3348 macula
949 3295 993 3347 est
1016 3293 1047 3347 in
1067 3293 1103 3361 V,

81 3361 151 3418 item
170 3363 256 3418 lin.9
286 3368 327 3417 12.
365 3363 418 3417 Hic
436 3362 497 3417 illio
515 3363 545 3416 in
564 3363 618 3418 hoc
638 3364 746 3418 scholio
765 3380 879 3418 rasurae
898 3365 971 3417 sunt.
1057 3370 1101 3418 13.

82 3433 151 3504 τῆς]
172 3435 223 3488 τοι
242 3406 275 3487 ί.
367 3440 410 3488 ιι.
436 3435 590 3506 βεβηκυῖαι
633 3435 715 3506 ριρη-
734 3435 763 3487 ιι
782 3451 835 3489 ras.
855 3435 921 3504 post
939 3435 1102 3503 complures

68 3502 187 3577 Ιίίῖεηιε
206 3503 345 3562 εοεοίάεε
366 3504 397 3562 V.
444 3509 518 3597 '25
537 3501 594 3578 ἤδη
626 3506 679 3560 axz.
695 3526 715 3574 η
732 3506 883 3560 mmm
898 3505 933 3557 V.
