2362 3796
110 128 176 193 206
264 126 421 217 scqom
439 131 478 181 IN
496 128 770 181 ELEMENTORUM
788 128 927 180 LIBRUM
940 128 963 182 1.

110 266 147 337 τὸ
171 274 306 357 χωρίον.
351 271 508 337 τοιοῦτον
536 267 597 355 μέν
622 267 664 354 δή
686 294 719 335 τι
741 265 779 336 τὸ
803 271 1009 354 παραβαλεῖν
1033 269 1128 336 ἐστιν

111 371 176 442 ὑπὸ
198 377 267 441 τῶν
290 380 538 462 Πυθαγορείων
565 373 850 461 παραδεδομένον.
894 377 970 461 τρία
994 375 1035 442 δέ
1056 374 1127 442 ἐστι

110 484 156 572 τῷ
179 478 388 569 προβλήματι
410 480 517 572 τούτῳ
540 479 581 549 τὰ
606 482 782 566 δεδομένα·
820 475 952 564 εὐθεῖα,
975 475 1054 565 παρ’
1080 476 1127 567 ἣν

112 590 165 654 δεῖ
185 592 391 675 παραβαλεῖν
415 583 461 666 ὡς
484 584 567 674 ὅλην
591 585 780 654 αὐτοῦτοῦ
809 592 937 672 χωρίου
963 585 1127 671 γενέσθαι

75 691 274 778 σπλευράν,
306 693 362 760 καὶ
388 697 572 779 τρίγωνον,
605 682 632 782 ᾦ
661 699 737 760 ίσον
765 689 852 760 εἶναι
881 695 935 759 δεῖ
958 689 997 759 τό
1020 715 1124 776 παρα-

109 797 330 885 βαλλόμενον,
353 799 409 865 καὶ
432 803 550 884 γωνία,
573 788 595 887 ᾗ
619 805 698 884 ίσην
721 794 809 866 εἶναι
831 796 895 884 τήν
916 800 1126 886 τοῦχωρίου

109 909 248 992 γωνίαν.
291 905 347 971 καὶ
371 907 477 990 δῆλον
500 903 618 990 πάλιν,
650 900 696 982 ὡς
723 900 831 991 ὀρθής
853 901 916 990 μέν
939 901 1044 990 οὔσης
1066 907 1126 989 τής

109 1016 235 1097 γωνίας
251 1010 290 1079 τὸ
308 1008 608 1097 παραβαλλόμενον
626 1006 873 1096 ήτετράγωνον
891 1005 913 1096 ή
929 1008 1125 1098 ἑτερόμηκες

111 1123 217 1202 ἔσται,
251 1115 358 1197 ὀξείας
386 1115 424 1183 δὲ
451 1113 472 1202 ή
502 1114 659 1203 ἀμβλείας
686 1112 707 1203 ἢ
732 1114 859 1204 βόμβος
885 1114 924 1185 τὸ
947 1119 1075 1204 χωρίον
1101 1109 1122 1201 ή

59 1242 91 1290 10
110 1223 314 1311 βομβοειδές.
365 1219 416 1290 ὅτι
448 1248 485 1307 γε
516 1220 584 1310 μήν
615 1223 672 1290 καὶ
697 1221 761 1310 τήν
788 1219 928 1290 εὐθεῖαν
955 1217 1044 1291 εἶναι
1072 1224 1128 1288 δελ

109 1329 376 1417 πεπερασμένην,
409 1327 572 1417 φανερόν·
615 1325 656 1397 οὐ
684 1327 749 1417 γάρ
778 1329 920 1396 δύναται
947 1325 1038 1416 παρὰ
1060 1325 1123 1413 τήν

111 1433 260 1521 άπειρον.
314 1431 381 1520 άμα
415 1425 478 1502 οὖν
509 1439 555 1527 τῷ
593 1433 699 1521 φάναι
735 1433 824 1522 παρὰ
860 1460 921 1522 την
959 1438 1123 1503 δοθεῖσαν

110 1539 248 1608 εὐθεῖαν
281 1544 486 1625 παραβαλεῖν
520 1539 705 1625 ἐδήλωσεν,
742 1539 793 1610 ότι
824 1541 880 1609 καὶ
911 1539 1124 1629 πεπεράνθαι

109 1644 239 1733 ἀνάγκη
261 1644 325 1732 τήν
348 1643 496 1714 εὐθεῖαν.
541 1656 660 1733 χρήται
689 1647 726 1714 δὲ
749 1652 796 1728 είς
822 1646 886 1735 τήν
911 1643 1125 1733 κατασκευήν·

57 1774 90 1823 15
108 1756 169 1821 τοῦ
191 1752 425 1841 προβλήματος
445 1751 568 1820 τούτου
590 1756 630 1842 τή
654 1752 810 1822 συστάσει
833 1756 894 1821 τοῦ
916 1760 1124 1843 παραλληλο·

109 1858 265 1946 γράμμου
282 1863 343 1937 τοῦ
362 1867 439 1927 λ’σου
451 1862 498 1950 τῷ
514 1860 653 1928 δοθέντι
666 1859 833 1950 τριγώνῳ·
858 1856 977 1947 οὐγὰρ
995 1856 1122 1929 ταύτὸν

108 1965 282 2054 παραβολή
292 1968 347 2033 καί
362 1965 529 2050 σύστασις,
541 1966 597 2033 καὶ
612 1962 663 2033 ὅτι
678 1962 760 2035 όλον
774 1963 935 2053 δφίστησι
947 1964 985 2033 τὸ
996 1971 1125 2054 χωρίον

109 2072 164 2138 καί
196 2074 295 2139 τοῦτο
328 2070 384 2137 καί
410 2067 469 2149 τὰς
495 2071 641 2158 πλευρὰς
667 2067 797 2150 ἁπάσας
824 2072 862 2139 δὲ
889 2076 970 2159 μίαν
998 2076 1122 2160 ἔχουσα

109 2174 257 2261 πλευρὰν
281 2177 466 2263 δεδομένην
489 2175 578 2265 παρά
601 2175 727 2264 ταύτην
749 2174 911 2265 ὑφίστησι
933 2175 971 2247 τὸ
995 2183 1124 2267 χωρίον

57 2303 91 2352 20
111 2280 188 2350 οὔτε
211 2282 407 2350 ἐλλείπουσα
425 2280 507 2349 κατὰ
525 2280 587 2368 τήν
606 2287 739 2350 ἔκτασιν
758 2280 835 2350 οὔτε
850 2279 1123 2371 ὑπερβάλλουσα,

109 2385 193 2454 άλλδι
221 2397 280 2476 μιᾷ
307 2392 434 2477 πλευρᾷ
461 2387 565 2476 ταότη
592 2391 745 2475 χρωμένη
773 2388 972 2478 περιεχοόση
1000 2388 1038 2458 τὸ
1068 2390 1121 2477 έμ-

109 2494 226 2579 βαδόν.
272 2491 328 2560 διά
350 2500 385 2562 τί
406 2485 484 2579 οὖν,
508 2499 610 2581 φαίης
633 2492 691 2575 άν,
720 2492 774 2562 ὅτε
797 2494 859 2581 μὲν
882 2498 1031 2583 τρίγωνα
1053 2519 1124 2584 τρι·

109 2597 231 2684 γάνοις
254 2607 309 2666 λ’σα
333 2601 479 2685 ἐδείκνυ,
509 2599 728 2687 θεωρήμασιν
752 2602 883 2687 έχρήτο,
913 2598 968 2668 ὅτε
990 2599 1028 2668 δὲ
1051 2604 1123 2686 τρί-

108 2731 201 2792 γωνα
214 2705 583 2794 παραλληλογράμμοις,
601 2705 848 2793 προβλήμασιν;
872 2704 935 2792 ότι,
954 2704 1122 2794 φήσομεν,

57 2831 89 2880 25
109 2809 129 2898 ή
145 2812 259 2897 ἰσότης
274 2809 440 2897 ὁμοειδῶν
455 2809 565 2879 όντων
579 2809 750 2899 αὐτοφυής
764 2813 833 2880 ἐστι
847 2813 903 2880 καὶ
916 2813 1122 2898 έπιβλέψεως

110 2919 250 3005 δεομένη
275 2916 389 3003 μόνης,
412 2921 481 2985 τῶν
506 2916 543 2984 δέ
567 2915 622 2985 διά
645 2914 708 3004 τήν
730 2916 801 2986 κατ’
823 2919 912 2999 εἶδος
935 2916 1122 3005 ἐξαλλαγήν

108 3021 128 3107 ά,
153 3023 265 3108 ίσότης
287 3025 448 3107 γενέσεως
471 3024 649 3091 δεῖταικαὶ
668 3027 818 3110 μηχανής
836 3021 882 3103 ὡς
899 3020 979 3091 καθ’
997 3021 1128 3127 ἑαυτήν.

109 3121 194 3196 οὖσα
218 3127 424 3216 δυσεύρετος.

180 3331 204 3377 6.
223 3325 325 3392 γωνία,
344 3314 374 3393 ή]
390 3325 501 3449 χωνίαν
520 3322 549 3380 P.
634 3329 675 3379 17.
695 3316 801 3447 ότι]Ρίη
819 3339 874 3379 ras·
893 3325 928 3391 P,
947 3339 999 3381 sor.
1018 3319 1038 3395 ἡ
1058 3321 1118 3395 μέν.

144 3398 185 3446 18.
206 3392 251 3464 δέ]
271 3412 322 3449 scr.
337 3377 354 3463 ή
371 3396 388 3447 δ

768 3437 775 3464 ,
793 3410 889 3453 renou.
904 3393 935 3449 in
952 3389 1025 3451 ὑπό·
1076 3400 1124 3450 21.

92 3457 184 3532 ἄλλά]
200 3459 261 3518 άλά
277 3465 307 3521 Ρ.

468 3400 510 3449 19.
529 3391 620 3466 παρά]
640 3411 730 3464 comp.
