2362 3796
246 99 403 151 scflom
420 101 460 152 m
477 100 752 152 EIAEMENTORUM
770 101 910 152 mmm
923 103 959 155 IL
1047 98 1113 163 257

166 245 218 309 91.
259 237 303 307 Τὸ
327 238 391 327 γὰρ
415 239 480 309 ἀπὸ
503 244 562 327 τῆς
585 216 648 309 ΓΗ
670 241 881 329 τετράγωνον
904 240 1020 311 καὶτὸ
1044 241 1111 310 ἀπὸ

96 352 158 436 τῆς
180 355 247 415 ΒΑ
274 354 330 413 ἴσοι
357 347 427 415 ἐστὶ
453 351 499 438 τῷ
522 373 558 416 τε
586 348 638 427 θὶς
664 350 887 439 περιεχομένῳ
911 345 1097 442 ὀρθογωνί,

97 452 165 524 ὑπὸ
187 457 247 541 τῆς
269 459 330 521 ΓΒ
353 455 409 521 κοιλ
432 464 490 539 τῆς
514 461 580 521 ΔΒ
602 455 727 547 καὶτῷ
751 452 815 522 ἀπὸ
838 458 898 541 τῆς
915 461 985 523 ΔΓ
1004 481 1114 544 τετρα-

97 559 198 652 γώνῳ
221 560 345 651 καὶτῷ
369 556 434 628 ἀπὸ
459 564 518 646 τῆς
541 569 611 628 ΔΑ
633 559 840 652 τετραγώνῳ.
881 557 965 628 ἀλλὰ
989 559 1027 629 τὸ
1047 558 1113 630 ἀπὸ

97 671 158 753 τῆς
181 670 249 734 ΑΓ
276 666 488 753 τετράγωνον
516 675 592 735 ἴσον
620 667 689 735 ἐστὶ
716 671 761 757 τῷ
790 663 855 735 ἀπὸ
879 670 938 754 τῆς
959 676 991 734 Α
998 676 1031 734 Δ
1057 669 1113 735 καλ
1151 691 1169 741 ε

98 778 145 865 τῷ
166 770 231 841 ἀπὸ
250 777 309 860 τῆς
324 779 405 840 ΔΓ·
426 763 484 840 καὶ
502 774 683 859 περιττεύει
701 771 739 841 τὸ
758 771 973 862 ὀρθογώνιον
992 773 1029 842 τὸ
1047 771 1114 842 ὑπὸ

98 885 159 968 τῆς
180 886 242 948 ΓΒ
265 881 321 947 κοιλ
344 883 402 967 τῆς
424 887 491 947 ΔΒ
516 882 568 961 θὶς
589 881 838 970 περιεχόμενον.

463 1077 519 1142 Ad
541 1100 645 1162 prop.
667 1076 756 1143 XIV.

168 1202 220 1266 92.
256 1202 331 1268 Τῶν
355 1206 428 1284 ΘΕ,
452 1206 526 1267 ΗΕ
545 1198 736 1287 τετράγωνοι
759 1225 789 1287 p.
806 1204 879 1288 162,
893 1203 927 1285 5]
947 1198 1117 1300 ὑποχείνει

100 1304 166 1393 γὰρ
190 1303 211 1392 ἡ
234 1312 307 1373 ΘΗ
325 1310 386 1374 τού
410 1313 517 1374 ΘΕΗ
529 1306 711 1394 τριγώνου.
1136 1328 1172 1379 10

169 1415 221 1480 93.
253 1411 385 1498 Πόθεν,
410 1411 461 1480 ὅτι
486 1410 503 1480 ὁ
528 1414 741 1500 γραφόμενος
763 1411 884 1493 κύκλος
907 1410 969 1481 ούκ
987 1418 1139 1502 ἔρχεται·

103 1515 159 1585 διὰ
187 1520 249 1585 τοῦ
271 1525 305 1584 Δ
338 1523 493 1605 σημείου;
529 1521 585 1586 κοιλ
613 1520 769 1605 λέγομεν,
801 1517 867 1604 ὅτι,
900 1523 932 1587 εί
958 1517 1128 1607 δυνατόν,

103 1625 265 1712 ἐρχέσθω,
288 1624 344 1691 καὶ
368 1623 554 1710 ἐπεζεύχθω
578 1621 599 1709 ἡ
623 1631 661 1691 Η
664 1628 734 1708 [Δ].
774 1625 828 1692 κοιλ
854 1625 923 1693 ἐπεὶ
947 1633 1001 1712 ἴση
1027 1622 1121 1693 ἐστὶν

103 1730 221 1818 ἡΘΗ
239 1735 278 1818 τῇ
302 1736 389 1814 ΔΗ,
426 1727 500 1798 ἀλλ’
526 1727 547 1817 ἡ
572 1737 644 1798 ΘΗ
671 1734 711 1817 τῇ
734 1736 802 1796 ΗΖ
835 1733 925 1798 ἐστιν
958 1739 1028 1816 ἴση,
1063 1728 1120 1798 κοιλ

103 1835 124 1923 ἡ
155 1845 233 1906 ΔΗ
260 1835 327 1924 ἄρα
358 1839 398 1926 τῇ
431 1843 504 1905 ΖΗ
537 1838 627 1905 ἐστιν
665 1844 728 1924 ἴση.
792 1834 876 1905 ἀλλὰ
913 1834 934 1924 ἡ
969 1844 1042 1904 ΔΕ
1075 1839 1164 1924 τῇι

106 1949 155 2029 [Ε
163 1949 208 2030 Ζ]
247 1945 337 2011 ἐστιν
369 1953 439 2031 ἴση·
484 1943 581 2030 κοινὴ
618 1949 831 2031 προσκείσθω
864 1942 885 2029 ἡ
917 1951 998 2011 HE.
1059 1939 1121 2029 ὅλη

103 2049 170 2139 ἄρα
201 2047 222 2137 ἡ
255 2057 325 2117 ΗΖ
359 2050 437 2117 δυσὶ
468 2063 540 2130 ταῖς
571 2057 658 2135 ΕΗ,
691 2057 762 2116 ΕΔ
794 2053 883 2118 ἐστιν
916 2057 981 2136 ἴση.
1036 2047 1121 2117 ιἰλλίι

105 2156 219 2238 ἡΗΔ
237 2159 277 2243 τῇ
296 2163 363 2223 ΗΖ
386 2158 476 2224 ἐστιν
496 2164 565 2243 ἴση·
588 2157 642 2224 καὶ
662 2159 699 2223 οἴ
716 2163 795 2242 ΗΕ,
812 2164 879 2223 ΕΔ
901 2155 968 2243 ἄρα
986 2160 1025 2246 τῇ
1045 2161 1122 2224 ΗΛ

107 2265 192 2328 εἰσιν
221 2268 306 2346 ἴσαι,
334 2261 500 2347 τριγώνου
528 2266 566 2330 αλ
591 2263 654 2331 δύο
683 2264 822 2352 πλευραὶ
849 2266 889 2352 τῇ
913 2268 1012 2353 λοιπῇ
1036 2271 1121 2333 ἴσαι·

108 2364 188 2451 ὅπερ
207 2364 386 2435 ἀδύνατον.
424 2367 486 2438 οὐκ
508 2367 574 2457 ἄρα
598 2371 654 2438 διὰ
675 2374 738 2437 τοῦ
757 2379 790 2437 Δ
813 2377 953 2457 σημείου
977 2375 1119 2458 ἔρχεται·
1138 2398 1177 2449 2⁰

107 2470 187 2562 ὅπερ
211 2476 278 2541 ἔδει
301 2476 414 2555 δεῖξαι.

172 2583 223 2648 94.
256 2579 369 2649 Πύλιν
393 2580 514 2668 πόθεν,
538 2580 589 2649 ὅτι
613 2580 674 2649 ούκ
698 2588 825 2671 έρχετοιι
849 2583 904 2651 διὰ
929 2589 989 2653 τού
1014 2589 1047 2652 Γ
1064 2604 1122 2672 ση·

104 2693 216 2772 μείους
257 2688 312 2756 καὶ
340 2689 496 2775 λέγομεν,
525 2686 576 2756 ὅτι
603 2690 659 2756 καὶ
687 2688 792 2769 οὕτως
820 2688 991 2759 ἀδύνατόν
1017 2692 1120 2761 ἐστιν.

105 2797 136 2859 εί
157 2796 220 2880 γὰρ
244 2794 409 2880 δυνατόν,
438 2795 586 2882 ἐρχέσθω
610 2795 666 2862 καὶ
690 2794 874 2881 ἐπεζεύχθω
897 2794 918 2882 ἡ
943 2802 1018 2863 ΗΓ.
1063 2797 1121 2865 καὶ

179 2991 222 3039 91.
242 2986 268 3038 b.
341 2992 384 3041 92.
403 2986 452 3041 Vb.
524 2995 566 3045 93.
586 2988 616 3044 B.
691 2989 868 3059 94.Β(ουλο
888 2988 975 3046 schol.
995 2995 1047 3058 93).

30 3184 33 3189 ·
107 3163 170 3218 add.
190 3162 224 3229 V,
243 3162 324 3216 fbis:
344 3159 373 3217 ολ
384 3159 435 3220 τὸν
453 3162 496 3235 (τό
514 3165 527 3219 f
543 3167 590 3222 alt.
605 3166 677 3234 loco,
696 3182 747 3220 scr.
766 3167 827 3236 τοῦ)
848 3181 864 3224 ς
884 3166 922 3235 (h.
938 3182 962 3220 e.
977 3160 1119 3236 ἀριθμοῦ)

105 3233 233 3290 τουτέστι
252 3231 394 3289 διπλάσιοι
412 3235 461 3289 κοιλ
479 3233 637 3306 τριπλάσιοι
655 3236 704 3291 κοιλ
724 3230 795 3304 ἑξῆς.
1134 3272 1137 3279 ·

178 3304 500 3376 3.τι”χςΔΓ]τοι”ιΔΓ
514 3306 541 3364 b.
597 3307 783 3379 12.Δ]ΑΒ.
841 3305 1072 3372 13.Quaeuneis

105 3375 217 3446 inclusi,
236 3376 497 3432 inBeuanuerunt.
555 3383 595 3435 15.
616 3378 684 3504 ΔΕἶ]
706 3381 765 3431 ΓΗ
776 3377 806 3433 B.
863 3383 904 3434 16.
925 3379 995 3452 HE]
1017 3382 1079 3435 ΗΓ

145 3453 185 3503 18.
205 3445 253 3519 αλ]
272 3443 290 3517 ἡ
310 3449 341 3502 Β.
417 3452 458 3504 19.
478 3445 550 3504 εἰσιν
568 3449 641 3521 ἴσαι]
676 3467 736 3503 στιν
755 3449 805 3519 ἴση
822 3450 854 3506 Β.

158 3547 308 3600 Euclides,
326 3547 375 3590 ισσ,
390 3549 496 3602 Heiberg
510 3553 535 3593 ελ
548 3551 642 3604 Mense.
662 3551 697 3593 V.
947 3542 988 3590 'ss
