2362 3796
115 140 179 205 188
267 140 423 194 SOHOLIA
441 141 480 192 m
498 138 773 192 ELEMENTORUM
791 135 966 189 τωιευειε.

114 280 325 367 τετραγώνου
346 280 403 347 καὶ
425 284 486 347 τοί
510 278 658 367 ῥόμβου,
686 276 783 345 ἐπὶδ
762 276 883 344 δὲτοῦ
906 271 1107 364 ἑτερομήκους
1170 278 1175 342 ἑ

114 388 170 455 καὶ
193 391 253 454 τοῦ
275 383 546 474 ρομβοειδοῦς
512 412 553 452 τα
576 388 680 472 χωρία
702 382 819 468 μόνον.
860 381 916 448 καὶ
936 381 1023 461 ὅλως
1038 382 1175 447 ἔνθα
1173 424 1175 447 .

115 493 177 580 μὲν
201 492 315 578 ἰσότης
337 496 507 581 πλευρῶν,
534 493 603 558 ἐκεῖ
623 491 739 557 καὶί
701 517 722 557 α
724 488 934 575 ίδιάμετροι
957 497 1044 572 λ’σαι,
1067 482 1112 553 καὶ

116 604 153 667 αί
179 605 299 687 γωνίαι
329 604 405 686 δίχα
432 598 625 684 τέμνονται,
657 596 712 663 καλ
739 594 777 663 τὸ
811 592 961 681 ἐμβαδὸν
994 597 1041 673 είς
1070 599 1116 660 ἴσα

81 711 294 791 σδιαιρεῖται
326 704 383 773 διά
415 702 477 790 τήν
511 702 648 789 ἰσότητα
683 704 751 769 τάν
784 704 938 789 πλευρῶν
975 699 1033 768 καὶ
1065 696 1118 785 τήν

116 811 287 899 ὀρθότητα
317 815 385 878 τῶν
417 813 560 895 γωνιῶν.
607 809 660 876 ἐπὶ
692 807 731 875 δὲ
757 810 818 875 τοῦ
845 805 1123 899 ἕτερομήκουςαί

116 918 177 1004 μὲν
201 917 373 1005 διάμετροι
401 925 470 984 ίσαι
493 914 611 983 καὶτὰ
637 917 778 1000 ἐμβαδά,
812 917 849 981 αί
875 912 913 982 δὲ
939 918 1064 999 γωνίαι
1087 907 1124 979 οό

116 1020 294 1109 τέμνονται
322 1027 369 1101 είς
397 1030 452 1088 ίσα
485 1019 550 1088 ὑπὸ
583 1024 652 1088 τῶν
686 1020 888 1108 διαμέτρων,
920 1019 975 1087 ἐπὶ
1003 1016 1043 1087 δε
1070 1018 1127 1085 τοῦ

117 1128 248 1215 ῥόμβου
269 1127 381 1195 άνισοι
399 1128 460 1213 μὲν
480 1130 517 1193 αί
535 1126 717 1213 διάμετροι,
736 1128 995 1213 διχοτομοῦνται
1014 1123 1054 1191 δὲ
1071 1120 1125 1190 ὑπ’

66 1260 99 1308 10
119 1230 231 1300 αὐτῶν
254 1234 294 1299 τά
317 1258 352 1300 τε
375 1239 481 1320 χωρία
502 1232 558 1299 καὶ
582 1237 619 1300 αί
640 1238 781 1321 γωνίαι,
814 1232 867 1300 ἐπὶ
895 1230 933 1299 δὲ
959 1235 1023 1298 τοῦ
1052 1231 1129 1318 ῥομ-

118 1342 273 1423 βοειδοῦς
295 1338 351 1405 καὶ
374 1342 412 1405 αί
433 1339 605 1426 διάμετροι
628 1336 757 1422 άνισοι,
789 1337 845 1404 καὶ
872 1339 911 1404 αί
935 1340 1060 1422 γωνίαι
1086 1339 1131 1413 εἰς

119 1442 220 1510 άνισα
238 1443 415 1529 τέμνονται
433 1440 499 1511 ὑπὸ
518 1443 656 1511 τούτων.
693 1443 763 1510 ἐπεὶ
782 1440 820 1510 δὲ
837 1441 878 1511 τὰ
897 1440 960 1529 μεν
978 1440 1133 1509 καθόλου
1166 1498 1170 1503 .

119 1549 188 1617 ἐστὶ
210 1553 279 1617 τῶν
301 1548 545 1637 θεωρημάτων,
576 1543 651 1617 οἷον
678 1552 745 1616 πᾶν
772 1554 940 1633 τρίγωνον
962 1547 1024 1627 τὰς
1046 1559 1132 1633 τρεῖς

118 1661 243 1742 γωνίας
266 1656 328 1724 δύο
353 1654 474 1744 ὀρθαῖς
500 1664 573 1735 ίσας
601 1660 680 1743 ἔχει·
717 1653 827 1722 πάντα
853 1653 919 1743 γάρ
945 1654 1131 1742 περιέλαβε·

68 1787 101 1837 15
119 1759 160 1827 τά
184 1762 222 1830 δὲ
245 1760 287 1831 οὐ
308 1763 475 1848 καθόλου,
505 1771 605 1829 τοῦτο
628 1761 665 1829 τὸ
689 1758 852 1849 θεώρημά
875 1785 993 1847 φαμεν,
1008 1757 1049 1828 τὸ
1073 1758 1132 1846 μὲν

117 1871 186 1936 τάν
214 1870 424 1955 ζητουμένων
452 1873 539 1955 ἔχειν
567 1867 735 1959 καθόλου,
766 1865 805 1934 τὸ
838 1864 876 1933 δὲ
908 1863 959 1935 οὔ.
1003 1863 1044 1933 τδ
1072 1865 1133 1952 μὲν

118 1971 184 2061 γάρ
221 1974 280 2055 τάς
315 1974 517 2043 άπευαντίον
553 1970 698 2059 πλευράς
734 1969 756 2058 ή
792 1976 917 2057 γωνίας
947 1979 1021 2049 ίσας
1054 1977 1134 2058 ἔχον

79 2133 81 2136 Α
117 2081 304 2148 καθολικόν
329 2085 410 2148 ἐστι·
447 2080 555 2166 μόνον
582 2077 646 2164 γάρ
669 2074 812 2166 ὑπάρχει
833 2091 904 2158 τοῖς
926 2082 1136 2164 παραλληλο-

119 2185 293 2271 γράμμοις.
333 2186 371 2252 τὸ
393 2185 509 2271 δὲτὴν
529 2185 708 2273 διάμετρον
728 2188 805 2271 δίχα
823 2183 860 2252 τὸ
876 2189 1001 2272 χωρίον
1019 2195 1134 2269 τεμεῖν

66 2314 101 2363 ςο
121 2286 163 2355 οὐ
185 2290 353 2374 καθόλου,
382 2291 469 2358 διότι
493 2290 537 2377 μή
561 2290 670 2358 πάντα
696 2295 927 2377 περιείληφεν,
959 2286 1014 2377 ἐφ’
1043 2287 1133 2358 ὅσων

120 2403 298 2482 θεωρεῖται
321 2395 358 2463 τὸ
383 2397 573 2483 σύμπτωμα.
611 2401 697 2464 ἔοικε
721 2396 758 2463 δὲ
781 2397 837 2464 καὶ
860 2394 941 2464 αότὲ
964 2394 1003 2465 τὸ
1023 2393 1133 2482 ὄνομα

120 2504 189 2569 τάν
211 2502 568 2590 παραλληλογράμμων
592 2499 610 2570 ό
635 2502 846 2589 στοιχειωτής
868 2511 1052 2571 συνθεῖναι
1074 2500 1133 2588 τήν

121 2604 279 2693 άφορμήν
307 2607 421 2694 λαβὼν
449 2606 513 2676 άπὸ
540 2612 601 2676 τοῦ
633 2608 878 2695 προειρημένου
905 2608 1132 2699 θεωρήματος,

121 2712 233 2801 ἐπειδή
252 2712 317 2800 γάρ
338 2716 472 2799 ἔδειξεν,
492 2711 544 2782 ότι
563 2717 600 2781 αί
611 2712 669 2794 τὰς
686 2722 759 2793 ίσας
772 2738 807 2781 τε
823 2712 880 2780 καί
898 2713 1132 2802 παραλλήλους

69 2847 102 2896 25
122 2819 396 2905 ἐπιζευγνύουσαι
424 2818 555 2888 εὐθεῖαι
583 2820 636 2887 ἐπὶ
662 2817 703 2886 τά
727 2817 812 2887 αὐτὰ
839 2819 922 2907 μέρη
949 2820 1007 2886 καὶ
1037 2816 1131 2889 αὗταί

122 2934 191 2993 ἶσαι
214 2927 270 2993 καὶ
293 2925 503 3012 παράλληλοί
519 2929 616 3009 εἰσιν,
640 2929 758 3012 δῆλον,
783 2923 835 2993 ότι
853 2924 911 3005 τὰς
928 2921 1131 2995 άπεναντίον

119 3062 334 3074 ..η-ιι·-

193 3116 307 3190 6.ἔπί]
333 3116 399 3174 ἐπεί
418 3119 476 3187 Vq
568 3127 591 3175 7.
616 3118 665 3174 καὶ
687 3115 722 3173 τά
747 3114 877 3192 ἑμβαδά]
901 3118 1132 3203 01114,ροὼῦ

122 3191 185 3246 add
204 3161 238 3246 V.
311 3197 335 3245 8
346 3188 409 3332 ⁸393
383 3192 528 3260 ςροείεω
546 3192 610 3245 add
630 3208 657 3259 q,
678 3207 731 3245 om
751 3189 784 3245 V.
858 3190 918 3260 ἴσα]
938 3136 1009 3244 003.
1024 3208 1056 3245 ιιι
1069 3189 1130 3257 δίχα

122 3281 158 3387 3
175 3261 308 3422 3333.
331 3257 497 3420 3333
513 3278 547 3316 ⁶¹
565 3257 638 3386 33
654 3260 1098 3419 3033303333333
1097 3276 1131 3382 3

113 3399 346 3531 100ngva
330 3422 397 3457 οσον
416 3401 450 3458 V.
537 3407 579 3457 21.
604 3401 653 3456 καὶ
671 3397 806 3472 αὐτῆς,
830 3399 863 3458 τό
883 3396 956 3457 αότό
974 3402 1006 3457 in
1023 3419 1079 3461 m
1096 3416 1132 3454 m.
