2362 3796
226 161 382 212 scHOLIA
400 162 439 212 IN
456 162 732 213 ELEMENTORUM
749 163 888 213 LIBRUM
901 163 935 215 X.
1021 160 1088 225 585

74 298 259 386 ποιήσομεν
279 297 324 378 ὡς
341 298 362 385 ἡ
377 307 438 367 ΘΖ
456 298 540 387 πρὸς
555 307 626 385 ΖΕ,
651 299 757 380 οὕτως
780 299 888 387 άλλην
911 301 987 369 τινὰ
1005 301 1089 389 πρὸς

72 405 134 493 τὴν
160 405 415 494 ἐφαρμόζουσαν
437 410 477 493 τῇ
497 414 562 472 ΖΕ
581 405 663 474 κατά
687 407 725 474 τὸ
745 414 789 488 Ε;
815 412 942 473 κείσθω
965 411 1006 494 τη
1024 415 1088 474 ΕΖ

74 523 128 599 ἴση
153 511 173 600 ἡ
199 521 279 599 ΖΛ,
303 514 358 580 καὶ
380 515 545 599 γεγονέτω
570 510 616 591 ὡς
637 510 658 599 ἡ
683 520 748 580 ΘΛ
771 512 854 600 πρὸς
877 519 957 596 ΛΖ,
982 511 1088 593 οὕτως

73 616 93 704 ἡ
123 627 187 686 ΖΕ
216 619 302 707 πρὸς
333 617 439 705 άλλην
466 621 542 686 τινὰ
569 622 736 706 τυχοῦσαν
765 618 828 706 τὴν
857 626 925 685 ΕΚ
957 617 1013 686 διά
1041 619 1087 706 ιγ’

72 729 133 792 τοῦ
149 724 189 802 ς’.
217 727 378 793 συνθέντι
393 721 438 802 ὡς
451 721 471 810 ἡ
485 732 548 791 ΘΖ
562 723 646 811 πρὸς
660 731 735 810 ΖΛ,
748 726 901 793 τουτέστι
915 727 999 811 πρὸς
1013 734 1088 793 ΖΕ·
1125 755 1140 804 5

75 839 144 898 ἴσαι
167 831 244 920 γάρ·
274 831 380 910 οὕτως
402 829 423 917 ἡ
444 836 511 897 ΖΚ
530 830 612 917 πρὸς
636 837 716 898 ΚΕ·
745 829 826 916 ὅπερ
851 835 919 899 ἔδει
943 835 1088 917 ποιῆσαι.

139 941 214 1004 462.
250 939 421 1022 Γεγονέτω
445 963 476 1022 p.
497 940 576 1024 358,
595 941 629 1021 ὃ]
655 935 761 1022 ἤγουν
784 936 1088 1025 προσεκβεβλήσθω

74 1041 95 1131 ἡ
116 1052 180 1111 ΖΕ
201 1041 284 1111 ὥστε
307 1041 372 1129 τὴν
393 1050 457 1111 ΖΕ
478 1041 561 1130 ὅλην
585 1040 666 1130 μετά
684 1047 742 1130 τῆς
759 1047 1088 1130 προσεκβεβλημένης

73 1149 155 1237 πρὸς
177 1149 240 1235 τὴν
263 1155 576 1237 προσεκβληθεῖσαν
600 1147 688 1217 εἶναι
711 1153 748 1217 ἐν
771 1148 862 1238 λόγῳ
885 1152 931 1240 τῷ
949 1161 1009 1236 τῆς
1026 1158 1088 1218 ΘΖ

73 1254 157 1341 πρὸς
190 1262 266 1323 ΖΕ·
309 1253 389 1344 ὅπερ
421 1255 606 1345 ποιήσομεν
639 1253 760 1334 οὕτως·
802 1252 992 1341 ἐκθήσομεν
1023 1258 1087 1347 γάρ
1110 1286 1142 1336 10

74 1358 214 1428 εὐθεῖάν
245 1386 322 1430 τινα
360 1359 405 1442 ὡς
441 1362 495 1431 ἐπὶ
531 1366 800 1449 παραδείγματος
831 1360 894 1448 την
926 1367 1007 1429 AM
1032 1365 1088 1430 καὶ

73 1465 256 1554 ποιήσομεν
281 1467 337 1536 διά
356 1468 394 1537 τὸ
414 1467 462 1554 ιβ’
480 1474 540 1536 τοῦ
560 1469 592 1543 ς’
612 1467 657 1550 ὡς
674 1471 736 1556 τὴν
751 1475 812 1536 ΘΖ
834 1466 918 1556 πρὸς
935 1468 998 1555 τὴν
1016 1477 1088 1555 ΖΕ,

79 1600 103 1652 ρ
278 1605 299 1654 z
411 1604 436 1654 Ε
472 1605 500 1654 K
532 1573 638 1654 οὕτως
659 1574 721 1662 τὴν
741 1582 818 1642 AM
838 1574 922 1662 πρὸς
941 1577 1040 1663 μέρος
1056 1603 1088 1643 τι

92 1671 485 1709 ’ψ’-’ΨΜ
531 1682 650 1767 ἑαυτῆς
671 1679 734 1766 τὴν
758 1688 846 1748 ΜΝ.
884 1685 990 1769 δῆλον
1013 1681 1087 1770 γάρ,

73 1745 325 1850 A—-le—zlvf
530 1786 575 1867 ὡς
597 1786 618 1872 ἡ
639 1795 719 1855 AM
736 1793 827 1855 ἔσται
851 1784 872 1874 ἡ
897 1793 1015 1874 μείζων
1036 1790 1088 1856 ἐπὶ
1109 1815 1142 1865 15

75 1895 197 1980 ταύτης
215 1897 273 1981 τῆς
292 1893 484 1980 ἀναλογίας,
507 1892 619 1980 ἐπειδὴ
634 1896 689 1961 καὶ
703 1891 724 1981 ἡ
739 1902 800 1961 ΘΖ
819 1900 941 1982 μείζων
954 1897 1013 1980 τῆς
1027 1901 1091 1962 ΖΕ

77 1999 133 2069 διά
165 2001 204 2070 τὸ
236 2002 299 2087 τὴν
332 2000 393 2087 μὲν
420 2007 482 2067 ΘΖ
514 1999 693 2086 ἀναλογεῖν
723 2003 763 2088 τῇ
791 2007 853 2068 ΓΔ
885 2002 930 2091 τῷ
963 2006 1088 2087 μείζονι

75 2107 227 2194 ὀνόματι,
250 2104 312 2192 τὴν
337 2106 374 2174 δὲ
398 2113 463 2173 ΖΕ
483 2109 523 2194 τῇ
548 2113 615 2172 AB
637 2109 682 2196 τῷ
708 2104 868 2174 ἐλάττονι.
907 2106 964 2172 καὶ
986 2106 1088 2175 πάλιν

76 2211 131 2279 διὰ
155 2215 216 2280 τοῦ
245 2209 351 2280 αὐτοῦ
378 2209 578 2297 ποιήσομεν,
612 2208 657 2288 ὦς
687 2209 728 2277 τά
756 2211 839 2296 μέρη
868 2211 978 2279 ἐκεῖνα
1005 2211 1089 2300 πρὸς

74 2316 216 2402 άλληλα,
240 2318 390 2385 τουτέστι
412 2316 475 2402 τὴν
498 2323 573 2382 AN
592 2314 677 2402 πρὸς
698 2315 760 2402 τὴν
779 2323 873 2402 ΝΜ,
898 2315 1004 2398 οὕτως
1026 2317 1087 2405 τὴν
1106 2345 1141 2396 20

74 2424 298 2510 προκειμένην
328 2429 392 2489 ΖΕ
421 2421 506 2511 πρὸς
537 2427 600 2509 την
629 2430 704 2489 ΕΚ.
749 2422 805 2489 καὶ
833 2425 994 2494 συνθέντι
1022 2424 1088 2514 άρα

76 2527 131 2596 διά
159 2527 197 2597 τὸ
226 2529 273 2616 ιη’
296 2533 358 2598 τοῦ
381 2529 411 2597 ε’
436 2527 481 2610 ὡς
507 2527 529 2616 ἡ
554 2537 634 2597 AM
656 2528 740 2618 πρὸς
766 2527 829 2616 τὴν
853 2536 947 2616 ΜΝ,
981 2530 1088 2612 οὕτως

73 2633 94 2721 ἡ
115 2643 181 2703 ΖΚ
202 2636 287 2725 πρὸς
308 2638 372 2722 τὴν
391 2643 466 2704 ΚΕ.
503 2634 577 2703 ἀλλ’
599 2636 644 2715 ὡς
667 2634 687 2722 ἡ
712 2642 792 2703 AM
808 2634 894 2724 πρὸς
916 2636 978 2722 τὴν
997 2645 1087 2724 MN,

75 2739 180 2821 οὕτως
203 2740 223 2829 ἡ
248 2750 309 2810 ΘΖ
331 2740 415 2829 πρὸς
437 2739 499 2828 τὴν
523 2749 593 2810 ΖΕ.
639 2742 694 2809 καὶ
719 2741 764 2822 ὡς
788 2740 852 2827 άρα
876 2739 897 2828 ἡ
921 2748 982 2809 ΘΖ
1005 2742 1088 2828 πρὸς

73 2847 135 2933 τὴν
156 2855 228 2933 ΖΕ,
253 2846 361 2927 οὕτως
383 2845 404 2934 ἡ
425 2854 492 2915 ΖΚ
512 2847 595 2935 πρὸς
613 2847 675 2934 τὴν
694 2854 768 2915 ΚΕ.
805 2849 1086 2935 προσεκβέβληται
1105 2873 1139 2922 νε

74 2953 140 3042 άρα
163 2956 217 3021 καλ
241 2952 281 3020 τὰ
305 2953 419 3021 λοιπά·
448 2954 528 3042 ὅπερ
553 2958 620 3023 ἔδει
643 2958 790 3041 ποιησαι.

144 3063 219 3127 463.
256 3056 456 3145 Σάμμετρον
484 3059 521 3127 δὲ
549 3058 586 3128 τὸ
615 3057 680 3127 άπό
713 3085 744 3147 p.
768 3063 846 3147 358,
873 3064 926 3144 12]
961 3064 998 3127 αἱ
1022 3059 1085 3148 γάρ

76 3173 149 3250 ΓΔ,
175 3173 241 3232 ΔΒ
265 3166 407 3251 δυνάμει
431 3166 495 3233 εἰσὶ
519 3166 714 3254 σύμμετροι·
746 3164 767 3252 ἡ
790 3167 854 3255 γάρ
878 3172 946 3234 ΒΓ
964 3171 999 3235 ἐκ
1023 3167 1085 3236 δύο

73 3271 249 3359 ὀνομάτων
273 3274 372 3339 ἐστίν.

73 3373 312 3463 ”mg
331 3395 498 3465 emendaui).
571 3402 630 3450 ιω.
649 3394 714 3463 υτ
727 3396 792 3466 (ε’).

145 3506 187 3556 28.
208 3499 277 3555 εἰσὶν
296 3496 469 3573 άσάμμετροι
486 3500 521 3559 V.
