2362 3796
191 148 368 202 ·sc110L1A
385 149 424 200 ιω
441 147 717 202 ωιωωωωοευιι
735 149 874 200 LIBRUM
887 150 934 201 σε
1015 145 1081 210 409

67 287 173 357 αύτοῦ
196 286 347 377 άριθμοῦ
366 287 464 368 ὄντος
482 286 631 377 ἀρτιάκις
649 314 682 355 τε
701 285 819 375 ἀρτίου
836 288 892 355 καὶ
911 288 954 375 μὴ
974 287 1081 368 ὄντος.

67 394 226 475 ὡσαύτως
259 395 296 464 δὲ
322 396 378 463 καὶ
404 395 481 483 περὶ
507 398 570 462 τοῦ
598 392 855 483 άρτιοπερισσοῦ
882 418 918 462 τε
944 396 999 461 καὶ
1026 418 1078 461 πε·

68 505 264 592 ρισσαρτίου
291 502 481 584 σκέψασθαι
508 499 611 583 ἄξιον.
657 499 697 567 τά
726 497 811 568 αύτόι
835 497 900 586 γὰρ
924 499 979 566 καὶ
1001 502 1078 588 περὶ

68 611 206 678 ἐκείνων
235 609 322 694 λέγει
351 604 395 688 σός
423 607 616 695 δυναμένου
643 605 735 686 τινὸς
762 604 914 695 άριθμοῦ
944 608 982 674 έν
1009 621 1080 688 τοῖς

69 717 337 805 ιἰρτιοπερισσοῖς
350 740 385 782 τε
399 711 487 783 εἶναι
501 713 556 782 καὶ
571 712 615 801 μὴ
629 713 685 782 καὶ
699 714 736 781 έν
750 727 820 794 τοῖς
833 718 1079 800 περισσαρτίοις
1115 737 1131 786 ε

67 849 102 891 τε
129 821 252 908 καὶμὴ
281 821 455 900 τοιούτοις.
502 825 588 888 ἔοικε
613 818 678 910 γὰρ
712 817 729 888 ὃ
758 820 944 907 γεωμέτρης
971 820 1080 886 πάντα

68 925 218 1018 άριθμὸν
245 925 305 995 τὸν
332 923 397 995 ῦπὸ
426 925 545 1016 άρτίου
568 924 719 1015 άριθμοῦ
747 927 973 1015 μετρούμενον
997 924 1079 993 κατά

68 1033 186 1124 άρτιον
204 1033 355 1123 ἀριθμὸν
374 1030 523 1122 ἀρτιάκις
537 1031 654 1123 άρτιον
669 1031 857 1120 ὀνομάζειν,
874 1029 964 1119 καὶὴ
980 1036 1080 1118 αίτία,

68 1140 120 1210 ότι
139 1139 204 1209 ὑπὸ
224 1140 343 1229 άρτίου
359 1139 443 1209 κατά
463 1138 581 1228 ἄρτιον
600 1139 756 1228 άριθμόν.
792 1137 877 1230 ἥπερ
896 1136 960 1227 γάρ
981 1136 1082 1218 ἄλλος

67 1256 202 1316 καλοῖτο
218 1246 236 1316 ὁ
252 1245 318 1316 ὑπὸ
333 1245 452 1335 άρτίου
466 1243 617 1335 ἀριθμοῦ
631 1245 855 1334 μετρούμενος
869 1244 951 1314 κατὰ
962 1242 1080 1333 άρτιον
1099 1268 1133 1318 10

68 1352 179 1444 όόσπερ
201 1353 263 1423 τὸν
281 1358 335 1422 ιἰδ·
363 1351 430 1422 ῦπο
454 1349 519 1438 γάρ
544 1348 661 1440 άρτίου
683 1350 765 1420 κατὰ
790 1350 908 1438 άρτιον
932 1348 1081 1440 άριθμὸν

69 1474 243 1549 μετρεῖται.
289 1458 376 1528 διότι
405 1459 443 1527 δὲ
471 1456 614 1526 δύναται
641 1458 696 1526 καὶ
722 1455 789 1526 ὑπο
813 1463 975 1546 περισσοῦ
999 1458 1081 1527 κατὰ

69 1565 186 1652 άρτιον
205 1574 409 1652 μετρεῖσθαι,
428 1563 536 1651 ἤγουν
555 1568 616 1634 τοῦ
630 1569 652 1651 γ
664 1563 747 1632 κατὰ
767 1562 827 1633 τὸν
840 1575 873 1651 ἦ,
896 1561 1082 1632 κάντεῦθεν

69 1671 125 1740 καὶ
148 1669 341 1757 περισσάκις
362 1670 476 1760 άρτιος
500 1669 710 1757 ὀνομάζεται,
736 1670 791 1738 διὰ
815 1675 914 1739 τοῦτο
939 1668 1001 1739 οὐκ
1024 1670 1082 1758 άρ-

68 1777 175 1858 τιάκις
194 1776 307 1865 άρτιος
325 1775 433 1864 μόνον
451 1778 616 1864 κέκληται·
639 1776 763 1846 τούτου
781 1775 846 1864 γάρ
865 1783 959 1864 ἔλαχε
973 1776 1082 1864 μόνον
1102 1797 1134 1848 15

68 1896 130 1954 τοῦ
151 1881 317 1971 ὀνόματος
331 1880 477 1970 άριθμὸς
494 1880 512 1951 ό
527 1881 593 1952 ὑπὸ
610 1882 729 1973 άρτίου
742 1882 851 1971 μόνον
864 1882 947 1950 κατά
964 1881 1082 1969 άρτιον

69 1988 219 2081 άριθμδν
243 1988 474 2078 μετρούμενος.
511 1988 572 2058 τὸν
595 1987 842 2079 αὐτὸντρόπον
860 1990 915 2059 καλ
935 1986 1083 2079 άρτιάιιις

69 2096 225 2187 περιττὸν
253 2098 342 2182 λέγει
370 2094 477 2183 μόνον
507 2094 568 2165 τὸν
595 2098 704 2177 άλλως
732 2095 776 2184 μὴ
806 2096 997 2184 δυνάμενον
1029 2123 1083 2184 με·

69 2213 224 2293 τρεῖσθαι
252 2199 272 2289 ἢ
301 2199 366 2270 ὑπὸ
396 2200 514 2291 άρτίου
541 2200 623 2271 κατά
652 2203 813 2292 περισσὸν
841 2200 1005 2290 ἀριθμόν,
1038 2201 1083 2283 ὡς

69 2308 131 2377 τὸν
153 2313 204 2395 ῖδ,
227 2308 283 2376 καὶ
307 2313 355 2376 έτι
378 2308 570 2398 περισσάκις
592 2308 709 2399 άρτιον
732 2308 839 2397 μόνον
862 2308 923 2379 τὸν
942 2306 1008 2377 ὑπο
1028 2334 1082 2378 πε·
1102 2335 1136 2384 20

71 2418 191 2501 ρισσοῦ
213 2411 321 2501 μόνον
340 2415 566 2502 μετρούμενον
584 2413 667 2483 κατά
686 2413 803 2503 άρτιον
821 2411 984 2503 άριθμόν,
1009 2408 1083 2484 οἷον

71 2517 86 2588 ἱ
115 2526 157 2608 [vj.
203 2523 258 2590 καὶ
286 2527 409 2610 δῆλον,
442 2523 475 2602 ἐξ
507 2513 556 2588 ὧν
577 2517 760 2590 ,άπέδωκεν
792 2517 942 2608 ὁρισμῶν
971 2522 1009 2589 έν
1037 2526 1083 2616 τῷ

73 2626 204 2717 ἑβδόμῳ
232 2632 361 2720 βιβλίῳ.
405 2625 494 2706 τινές
526 2627 564 2695 δὲ
591 2655 636 2715 μη
666 2624 832 2714 ἁψάμενοι
862 2636 923 2695 τοῦ
956 2632 1083 2697 σκοποῦ

70 2734 133 2801 τοῦ
171 2729 359 2801 Εὐκλείδου
394 2742 575 2819 πειρῶνται
611 2733 665 2800 καὶ
702 2730 780 2812 τοὺς
818 2731 980 2821 ὁρισμοὺς
1016 2737 1084 2802 έπι-
1131 2750 1137 2760 ’

73 2842 241 2925 διορθοῦν
265 2835 310 2918 ὡς
327 2841 436 2918 κακῶς
454 2836 734 2927 άποδεδομένους,
758 2844 866 2920 κακῶς
884 2839 1009 2920 είδότες
1028 2840 1084 2907 καὶ
1102 2863 1137 2914 25
1169 2875 1173 2879 ·

72 2945 157 3032 μηδὲ
185 2941 252 3012 ὑπὸ
280 2947 347 3012 τῶν
371 2945 527 3012 ἐνταῦθα’
544 2948 659 3032 σαφοῦς
682 2948 872 3034 λεγομένων
899 2945 961 3032 τὴν
984 2944 1084 3013 λύσιν

71 3050 201 3120 τούτων
229 3057 436 3139 πορίσασθαι
468 3050 669 3139 δυνάμενοι,
701 3049 774 3120 ἄλλ’
806 3050 856 3121 ότι
888 3051 932 3140 μὴ
962 3050 1085 3139 ὁμοίως

71 3155 296 3227 ἀποδέδονται
318 3171 389 3237 τοῖς
411 3152 472 3226 τοῦ
495 3157 705 3246 Νικομάχου,
728 3157 944 3246 μεμφόμενοι.

146 3502 171 3553 9.
190 3490 328 3568 ἀριθμόν]
344 3495 387 3552 bis
398 3495 429 3567 A,
444 3495 494 3552 sed
509 3512 579 3553 οοετ.
648 3490 744 3570 ἦπερλ
755 3497 788 3552 ελ
798 3493 1026 3564 εωωωοτωρω.
