2362 3796
70 135 158 192 xcvr
357 136 628 188 raonuoouunn
647 120 799 189 onmes.

72 278 150 332 sacta
168 280 212 332 est
230 277 267 332 ad
285 276 411 331 codicem
429 275 561 331 editionis
579 275 798 330 antetheoninae
821 277 850 344 (l.
871 294 894 333 c.
912 296 940 346 p.
961 280 1015 346 13),
1036 278 1084 331 sed

71 358 152 412 tanto
177 373 261 426 opere
284 355 439 424 discrepat,
462 356 496 409 ut
518 355 555 409 ad
578 354 746 424 scripturam
766 356 913 423 antiquam
932 355 1086 411 eruendam

71 455 171 506 parum
195 435 274 491 utilis
293 434 337 489 sit.
375 433 443 503 quid
466 435 502 488 de
524 432 722 503 discrepantiis
744 435 868 489 Arabum
893 435 1027 502 sentiam,
1055 436 1087 490 in

73 514 281 584 disputatione,
304 531 388 582 quam
408 511 508 581 citauI,
532 511 659 583 pluribus
679 511 738 566 dixi
756 529 808 568 nec
826 513 873 568 hic
892 515 1086 585 quaestionem

71 593 220 649 difficilem
242 593 415 661 retractabo,
444 592 548 663 quippe
571 607 644 661 quae
667 592 752 648 editis
775 593 887 648 demum
910 593 1086 649 uersionibus

72 671 203 729 Arabicis
222 672 259 727 ad
272 673 357 727 finem
370 673 487 741 perduci
500 672 598 742 possit.
627 672 678 726 sed
690 676 787 729 tamen
800 673 861 728 iata
874 674 1086 729 Elementorum

72 753 150 823 apud
167 752 276 807 Arabes
299 753 424 807 breuiter
446 751 588 806 narranda
610 755 676 806 sunt
698 755 736 820 (u.
755 753 905 808 Xlamroth
925 753 1088 809 Zeitschrift

72 834 99 888 d.
127 833 281 888 deutschen
308 831 500 900 morgenlltnd.
526 831 717 886 GeselIschaft
738 832 841 887 XXXV
868 852 896 902 p.
920 838 973 888 270
987 851 1028 902 sq.
1057 836 1087 888 et

72 911 302 966 Steinsclrneider
311 909 473 965 Zeitschrift
484 911 531 964 fiir
539 910 729 967 Mathematilr
742 931 770 967 u.
781 911 889 982 Physilr
902 912 994 967 XXXI
1006 912 1087 968 hist.-

70 992 126 1048 litt.
144 992 230 1046 Abth.
248 1009 276 1059 p.
291 996 324 1045 81
336 992 396 1058 sq.).

143 1070 201 1124 iam
221 1084 293 1123 saec.
312 1067 378 1122 VIII
399 1072 535 1138 regnante
553 1071 704 1126 Almansur
726 1071 831 1127 chalifa
848 1071 997 1126 Elementa
1016 1071 1087 1128 Gon-

73 1148 260 1216 stantinopoli
278 1147 315 1201 ad
328 1146 435 1201 Arabes
453 1153 649 1221 peruenerunt,
668 1151 693 1206 si
706 1151 799 1220 Hagio
812 1151 932 1206 Xhalfae
950 1152 990 1206 III
1007 1170 1036 1221 p.
1051 1157 1085 1208 91

73 1231 143 1285 fides
162 1231 214 1282 est.
252 1243 324 1281 saec.
344 1226 383 1278 IX
400 1226 497 1298 Hajjaj
516 1228 572 1284 ben
589 1230 675 1286 Jusuf
695 1247 729 1284 ea
746 1229 866 1286 Arabica
885 1230 1087 1299 interpretatus

74 1312 126 1377 est,
142 1309 220 1364 cuius
235 1305 479 1376 interpretationis
489 1308 561 1364 duae
576 1313 657 1365 erant
670 1308 820 1376 editionem
835 1308 927 1363 altera
936 1309 1088 1364 correctior

73 1389 152 1443 iussu
171 1386 298 1441 Mamnni
317 1383 450 1453 chalifae,
473 1387 551 1455 prior
568 1389 676 1444 Haruni
699 1389 828 1444 confecta
845 1390 919 1455 erat;
946 1389 976 1442 in
994 1388 1087 1444 altera

74 1468 136 1523 sine
155 1465 241 1521 dubio
261 1463 405 1520 codicibus
420 1463 533 1520 Graecis
547 1483 565 1521 a
578 1468 710 1522 Mamuno
724 1466 844 1537 Onopoli
861 1466 1005 1523 arcessitis
1019 1484 1086 1522 usus

73 1550 136 1605 erat
153 1546 247 1617 Hajjaj
268 1544 353 1617 (Hag.
372 1543 476 1599 Xhalfa
494 1544 508 1598 I
525 1563 553 1615 p.
569 1549 622 1616 81).
653 1547 749 1618 Hajje,j
768 1565 825 1603 non
843 1549 904 1601 tarn
921 1546 952 1600 id
969 1546 1086 1616 studuit,

72 1633 106 1684 ut
123 1628 242 1683 uerbum
256 1625 342 1680 uerbo
356 1623 495 1691 redderet,
514 1641 601 1693 quarn
613 1629 647 1681 ut
660 1628 733 1682 liber
746 1625 891 1695 discipulis
905 1630 987 1696 aptus
1001 1627 1084 1681 esset.

74 1725 147 1764 saec.
165 1707 191 1760 X
214 1705 299 1760 Ishalr
322 1705 377 1759 ben
395 1703 508 1758 Huncin
530 1704 622 1759 denuo
641 1705 789 1760 Elementa
810 1705 1010 1774 interpretatus
1032 1708 1086 1775 est,

75 1788 183 1843 Graeca
191 1787 279 1841 uerba
287 1783 544 1854 pressiussecutus,
560 1787 684 1840 ceterum
693 1785 926 1862 interpretatione
934 1785 1088 1856 Hajjajana

74 1870 222 1937 tamquam
239 1864 422 1919 fundamento
440 1881 515 1918 usus.
551 1863 611 1919 eius
629 1863 892 1934 interpretationem
910 1865 1016 1921 Thabit
1031 1865 1088 1921 ben

73 1947 164 2001 Korra
181 1946 282 2015 postea
295 1942 457 1998 emendauIt
471 1959 524 2011 ope
539 1941 668 1998 codicum
678 1942 856 1999 Graecorum.
883 1959 985 1998 nouam
999 1942 1088 1998 inter-

74 2026 264 2096 pretationum
282 2023 466 2078 Arabicarum
489 2023 679 2078 recensionem
704 2041 775 2079 saec.
795 2023 860 2077 XIII
878 2022 958 2078 dedit
975 2021 1088 2077 Nassir·

75 2105 193 2160 eddinus
207 2103 285 2158 Tusi.
312 2101 399 2157 libros
414 2100 479 2155 XIV
480 2101 566 2156 -XV
584 2101 704 2158 Arabice
722 2103 925 2173 interpretatus
943 2103 987 2158 est
1001 2101 1089 2159 Costa

73 2184 130 2237 ben
136 2183 238 2235 bucca.
253 2196 423 2249 quamquam
432 2182 544 2250 praeter
552 2182 675 2251 priorem
684 2182 835 2238 editIonem
844 2183 1087 2252 interpretationis

74 2261 244 2331 Hajjajanae
262 2259 362 2313 horum
380 2259 504 2314 omnium
523 2261 634 2317 codices
656 2279 713 2317 non
730 2264 815 2332 pauci
838 2263 962 2331 exstant,
990 2262 1088 2317 tamen

74 2340 201 2396 recensio
216 2338 392 2394 Nassiredini
410 2339 472 2394 sola
490 2339 568 2395 edita
582 2343 625 2396 est
643 2342 761 2411 (Romae
776 2347 845 2397 1594
860 2341 897 2408 et,
915 2342 949 2394 ut
965 2339 1088 2410 uidetur,

75 2420 196 2489 Cnopoli
220 2422 313 2488 1801),
342 2419 376 2474 de
404 2419 512 2474 duabus
538 2419 819 2489 interpretationibus
846 2419 982 2474 nonnulla
1008 2420 1090 2477 dedit

76 2499 233 2567 Klamroth,
253 2516 325 2568 quae
340 2498 482 2553 sufficiunt
495 2500 531 2554 ad
545 2498 715 2554 desiderium
729 2499 863 2570 plenioris
877 2498 998 2555 notitiae
1012 2515 1088 2554 com·

76 2580 254 2634 mouendum.
297 2578 404 2633 Arabes
429 2578 503 2634 enim
528 2579 671 2634 codicibus
694 2578 864 2634 recensionis
886 2578 1021 2646 antiquae
1044 2581 1090 2636 usi

76 2661 151 2728 sunt,
170 2658 219 2728 qui
235 2658 264 2712 in
278 2657 360 2713 libris
375 2657 414 2711 XI
432 2660 555 2712 extremo
575 2659 604 2712 et
618 2657 671 2712 XII
690 2676 752 2713 curn
771 2658 904 2728 excerpto
919 2657 1090 2714 Bononiensi

75 2738 277 2808 congruebant,
292 2737 342 2792 sed
351 2736 487 2804 addendo,
503 2736 647 2805 demendo,
659 2738 795 2793 mutando
804 2737 923 2793 sormam
934 2736 1089 2808 genuinam

75 2819 266 2888 corruperunt,
286 2817 361 2871 siout
379 2816 585 2872 demonstrasse
603 2818 674 2872 mihi
691 2818 789 2873 uideor
808 2816 953 2887 (Zeitscbr.
967 2817 1087 2875 rnen.

74 2915 101 2952 u.
120 2898 203 2968 Phys.
224 2896 315 2951 XXIX
338 2895 482 2951 hist-litt.
500 2896 587 2951 Abth.
605 2917 632 2967 p.
653 2899 769 2966 1-22).
806 2898 861 2952 hae
880 2897 1088 2969 discrepantiae

73 2977 195 3032 fontium
214 2977 398 3031 Arabicorum
416 2992 433 3029 a
450 2976 627 3031 Klamrothio
645 2978 761 3033 notatae
780 2979 859 3032 sunt:

146 3057 281 3111 omittunt
299 3056 428 3125 analyses
446 3054 520 3122 XIII,
542 3061 631 3124 1-5,
655 3056 750 3112 omnia
766 3057 916 3128 lemmata,
938 3057 1090 3114 corollaria

75 3139 186 3202 praeter
208 3136 261 3205 VI,
281 3143 310 3201 83
338 3135 416 3205 VIII,
435 3142 465 3200 23
493 3133 527 3203 X,
547 3140 577 3203 3,
605 3135 780 3191 definitiones
803 3136 851 3204 IV,
870 3142 962 3201 3-l;
990 3135 1089 3206 vno

77 3215 134 3283 (uel
149 3217 206 3283 ro);
230 3215 278 3283 xl,
296 3221 374 3284 s-r,
391 3221 433 3282 rs,
449 3217 490 3283 1⁷,
506 3222 549 3284 aa,
563 3221 669 3269 at-ae
689 3217 738 3284 (vl
757 3214 844 3271 ders
864 3217 894 3271 es
910 3214 1089 3272 definitiones

76 3293 184 3362 spurias
205 3292 271 3347 libri
289 3294 314 3346 V
336 3313 363 3364 p.
384 3302 408 3362 2,
430 3301 457 3361 7;
486 3301 564 3362 e,13
587 3295 707 3363 babent,
735 3297 881 3364 praeterea
903 3295 933 3349 in
956 3293 1032 3351 libro
1051 3295 1090 3351 VI

77 3389 180 3427 nouam
199 3373 390 3428 definitionem
410 3375 518 3429 sextam
537 3375 596 3429 sine
615 3374 673 3429 ullo
692 3373 778 3428 dubio
802 3373 989 3445 subditiuam,
1016 3375 1090 3431 sicut

79 3455 171 3507 cetera
189 3451 315 3506 Arabum
334 3454 536 3520 addItamente,
565 3455 594 3508 et
615 3453 646 3507 in
669 3453 749 3508 codd.
769 3453 895 3509 Arabicis
918 3455 952 3508 ut
973 3454 1089 3511 dubiam
