2362 3796
102 157 167 221 602
246 158 403 210 scnomA
420 159 459 209 IN
477 157 751 225 ELEMBNTOBUM
767 156 912 208 LIBRUM
925 156 979 213 xl.

103 301 269 368 ἐπιπέδων
283 297 483 385 τεμνόμεναι
500 301 547 376 εἴς
560 295 639 375 τοὺς
654 293 776 376 αὐτοὺς
790 293 917 381 λόγους
933 306 1130 385 τμηθῶσιν,

102 404 298 491 παράλληλοί
322 407 392 473 ἐστι
414 407 455 472 τδι
477 404 641 490 τέμνοντα
664 405 803 471 έπίπεδα
823 400 883 481 τὰς
909 400 1071 487 εὐθείας.

439 601 496 664 Ad
518 622 623 685 prop.
646 599 767 665 XVIII.

171 726 224 791 29.
253 720 520 809 Ἀντιστρόφιον·
545 724 606 789 ἐδιν
623 723 731 789 πάντα
744 720 784 789 τὰ
800 719 857 789 διό
871 746 974 801 τινος
996 720 1133 802 εὐθείας

69 852 84 899 σ
105 830 242 896 ἐπίπεδα
266 827 492 914 ἐκβαλλόμενα
514 832 560 919 τῷ
585 825 674 919 αὐτῷ
695 829 837 919 ἐπιπέδῳ
856 825 948 913 πρὸς
968 824 1091 917 ὀρθὰς
1107 818 1132 917 ᾖ,

103 931 124 1020 ἡ
149 932 267 1003 εὐθεῖα
290 945 335 1024 τῷ
360 932 449 1025 αὐτῷ
474 935 617 1024 ἐπιπέδῳ
641 933 724 1020 πρὸς
747 931 856 1022 όρθδις
879 938 992 1006 ἔσται.

465 1130 522 1194 Ad
544 1153 650 1214 prop.
673 1128 760 1196 XIX.

172 1254 224 1318 30.
262 1247 528 1338 Ἀντιστρόφιον·
564 1252 621 1318 καῖ
654 1241 704 1319 όν
732 1250 898 1319 ἐπιπέδων
929 1254 1132 1340 τεμνόντων

106 1354 233 1441 ἄλληλα
257 1353 277 1442 ἡ
302 1356 399 1442 κοινη
422 1357 506 1443 τομὴ
529 1356 612 1442 πρὸς
636 1355 745 1443 ὀρθός
767 1358 857 1423 ἐστιν
876 1356 1039 1451 ἐπιπέδῳ
1060 1367 1132 1442 τινί,

54 1485 87 1533 10
105 1465 150 1552 τῷ
179 1459 269 1552 αὐτῷ
297 1463 438 1550 ἐπιπέδῳ
471 1462 527 1528 καὶ
556 1460 597 1528 τὰ
624 1462 787 1548 τέμνοντα
819 1458 953 1546 ἄλληλα
990 1467 1132 1535 ἐπίπεδα

104 1567 189 1653 πρὸς
213 1565 321 1654 ὀρθάς
344 1570 442 1634 ἐστιν.

477 1763 535 1829 Ad
557 1786 662 1849 prop.
685 1763 755 1831 XX.

173 1888 225 1953 31.
262 1884 372 1971 Λοιπὴ
396 1884 463 1973 όίρα
485 1884 506 1973 ἡ
526 1891 597 1953 AF
614 1911 645 1973 p.
663 1888 715 1969 54,
733 1888 768 1970 9]
792 1883 903 1953 πόθεν
928 1888 1060 1977 δῆλον,
1086 1887 1131 1959 ότι

106 1988 126 2076 ἡ
148 1997 216 2058 AF
234 1999 354 2078 μείζων
374 1992 443 2060 ἐστὶ
461 1996 520 2079 τῆς
540 1997 616 2071 ΓΕ,
639 1988 660 2077 ἢ
680 1978 743 2074 ότι,
768 1988 881 2076 ἐπειδὴ
900 1993 939 2057 αί
956 1998 1049 2080 ΒΔ,
1071 2000 1136 2065 AF

56 2119 87 2168 15
107 2100 164 2181 τῆς
188 2102 254 2163 ΒΓ
276 2098 423 2182 μείζονές
445 2101 546 2181 εἰσιν,
574 2101 604 2164 εἴ
631 2095 676 2183 μή
701 2098 792 2164 ἐστιν
819 2093 839 2182 ἡ
864 2101 990 2182 μείζων
1017 2098 1042 2188 ἡ
1070 2107 1136 2170 AF

106 2211 165 2285 τῆς
184 2206 257 2287 ΓΕ,
280 2201 354 2268 ἀλλ’
376 2210 443 2287 ἴση,
467 2201 580 2288 ἐπειδή
605 2204 674 2270 ἐστι
698 2201 753 2268 καὶ
776 2198 797 2288 ἡ
817 2207 883 2267 ΔΒ
905 2210 947 2289 τῇ
965 2209 1044 2274 ΒΕ
1066 2216 1132 2294 ἴση,

107 2311 240 2374 ἐσονται
262 2307 319 2374 καί
342 2311 379 2374 αί
401 2306 463 2374 δύο
487 2311 525 2374 αί
545 2314 625 2392 BA,
645 2312 715 2373 AF
734 2314 804 2374 ἴσαι
826 2309 866 2394 τῇ
889 2313 960 2375 ΒΓ.
1008 2316 1045 2380 εί
1066 2314 1132 2401 ναίρ

108 2414 198 2477 ἐστιν
226 2408 247 2495 ἡ
272 2419 356 2497 AB,
381 2419 447 2479 ΒΕ
473 2419 528 2497 ἴση
556 2411 612 2478 καὶ
640 2409 660 2497 ἡ
684 2417 754 2479 AF
777 2415 817 2500 τῇ
839 2417 915 2505 ΓΕ,
950 2418 1052 2486 ἔσται
1076 2421 1133 2488 καὶ

107 2513 127 2601 ἡ
152 2521 219 2582 ΒΓ
238 2525 292 2602 ἴση
316 2527 356 2605 τῇ
378 2525 457 2603 BA,
482 2524 558 2602 AF,
584 2515 604 2604 ἡ
629 2524 688 2604 μία
710 2531 783 2598 ταῖς
806 2522 913 2586 δυσίν.
961 2525 994 2588 εί
1020 2524 1062 2593 δὲ
1086 2525 1132 2613 μή

54 2647 88 2695 20
107 2624 198 2690 ἐστιν
222 2629 276 2708 ἴση
301 2620 321 2709 ἡ
348 2629 415 2690 ΕΓ
432 2628 472 2712 τῇ
496 2629 568 2710 FA,
592 2620 676 2691 ἀλλὰ
698 2629 819 2710 μείζων
841 2621 861 2711 ἡ
886 2631 953 2691 ΕΓ
971 2631 1037 2715 τῆς
1056 2637 1132 2717 ΓΔ,

108 2735 163 2813 ἴση
188 2728 226 2795 δέ
249 2725 270 2813 ἡ
294 2735 357 2796 ΕΒ
379 2733 419 2817 τῇ
444 2736 528 2815 ΒΔ,
551 2735 643 2798 ἔσται
665 2730 721 2797 καῖ
744 2727 765 2817 ἡ
785 2727 845 2816 ὅλη
869 2725 889 2815 ἡ
914 2735 983 2797 ΒΓ
1002 2741 1131 2820 μείζων

107 2841 175 2903 τῶν
194 2842 272 2919 BA,
287 2841 361 2903 AF.
400 2836 469 2904 ἐπεὶ
488 2828 551 2904 οὖν
575 2835 651 2904 οὔτε
675 2844 729 2921 ἴση
753 2838 854 2920 ἐστίν,
879 2832 925 2914 ιδς
945 2838 1131 2929 δέδεικται,

179 3037 221 3084 29.
241 3029 379 3084 Pssvcv¹³
399 3033 439 3101 (ιη
456 3031 511 3100 νο).
566 3035 609 3084 30.
628 3025 766 3085 Pssv⁰vb
785 3033 830 3098 (ιο
844 3030 900 3098 V0).
956 3037 1000 3087 ιι.
1023 3038 1131 3109 (10³²).

180 3214 203 3262 1.
222 3208 353 3276 τμηθῶσι
373 3203 462 3262 v⁰vb.
522 3213 547 3262 2.
566 3202 629 3278 τός]
648 3207 697 3274 τῆς
711 3206 757 3263 V0.
819 3212 844 3261 4.
863 3201 1060 3279 ἀντίστροφον
1075 3211 1128 3269 Vb.

143 3285 167 3332 6.
189 3274 218 3349 ἡ]
237 3273 318 3346 ναίὴ
340 3273 390 3332 Vb.
446 3276 536 3349 ἔσται]
557 3271 633 3332 ἐστιν
648 3277 721 3332 BV0.
776 3283 801 3334 8.
821 3274 853 3333 τό
868 3273 1078 3349 ἀντιστρόφων
1093 3285 1127 3355 Β,

107 3344 295 3417 ἀντίστροφον
313 3344 362 3405 Vb.
424 3351 490 3420 καί]
510 3366 563 3404 om.
583 3347 631 3403 Vb.
693 3340 745 3420 ὧν]
765 3349 796 3402 in
813 3366 867 3403 τοι.
887 3367 923 3403 m.
945 3355 958 3403 1
978 3351 1010 3406 P.
1082 3362 1128 3412 11,

104 3417 186 3478 ἔσται
204 3417 253 3477 Vb.
310 3425 351 3475 13.
372 3420 444 3492 AF]
459 3421 522 3490 (pr.)
541 3423 634 3489 Arq.
689 3424 731 3476 15.
752 3415 871 3490 ἐστινὴ]
889 3416 1020 3479 εταέστι.
1083 3433 1128 3486 18,

64 3493 207 3574 {Debuit
227 3491 301 3554 είσιν
322 3489 355 3552 αί
374 3497 435 3563 AB,
454 3494 502 3547 BE
520 3493 590 3546 ἴσαι.
659 3495 706 3543 λθ,
721 3489 841 3558 xistum.
855 3496 926 3549 ταῖς.
