2362 3796
333 955 526 1049 Appendix
554 953 781 1026 scholiorum
809 956 834 1029 Ι.

419 1110 463 1174 In
486 1111 631 1174 librum
654 1108 742 1174 XIV.

143 1237 169 1302 1.
207 1233 275 1299 Καὶ
293 1238 419 1300 κείσθω
437 1235 477 1318 τῇ
491 1238 554 1299 ΕΖ
573 1258 604 1317 p.
623 1234 654 1318 4,
675 1234 738 1314 18],
754 1227 775 1315 ἡ
794 1228 858 1317 γὰρ
879 1239 948 1298 ΛΕ
965 1235 1084 1319 μείζων

70 1344 130 1427 τῆς
148 1346 219 1406 ΕΖ.
256 1339 308 1406 ὅτι
332 1340 369 1405 δὲ
392 1343 511 1425 μείζων
534 1335 555 1423 ἡ
576 1344 646 1404 ΛΕ
666 1339 724 1424 τῆς
743 1344 816 1422 ΕΖ,
840 1340 944 1432 δῆλον
965 1340 1002 1404 ἐκ
1022 1340 1084 1405 τοῦ

72 1444 248 1513 δύνασθαι
271 1442 333 1530 τὴν
357 1444 418 1530 μὲν
442 1450 513 1511 ΔΓ
538 1443 707 1529 ἑξαγώνου
735 1441 884 1530 πλευρὰν
912 1435 1019 1510 οὖσαν
1042 1443 1084 1510 τὰ

71 1550 137 1619 ἀπὸ
161 1554 229 1619 τῶν
254 1559 332 1634 ΛΕ,
357 1555 434 1635 ΕΓ,
464 1547 526 1635 τὴν
550 1546 587 1615 δὲ
612 1552 676 1614 ΖΓ
696 1547 889 1634 δεκαγώνου
912 1541 1020 1617 οὖσαν
1043 1547 1083 1616 τὰ

71 1654 137 1723 ἀπὸ
160 1666 228 1722 τῶν
252 1661 330 1739 ΖΕ,
353 1660 425 1721 ΕΓ.
471 1653 540 1721 ἐπεὶ
564 1643 627 1719 οὖν
651 1650 671 1738 ἡ
696 1659 767 1721 ΛΓ
788 1660 908 1740 μείζων
931 1658 989 1740 τῆς
1013 1660 1083 1739 ΖΓ,
1120 1677 1140 1727 5

72 1761 191 1829 καὶτὰ
215 1757 280 1827 ἀπὸ
305 1763 373 1827 τῶν
398 1767 476 1843 ΛΕ,
498 1763 566 1826 ΕΓ
587 1758 723 1844 μείζονά
748 1763 812 1827 είοι
835 1771 901 1827 τῶν
925 1758 990 1828 ιἰπὸ
1014 1764 1083 1828 τῶν

73 1875 146 1952 ΖΕ,
170 1872 247 1951 ΕΓ,
275 1865 331 1931 καί
352 1868 473 1932 κοινοῦ
495 1862 745 1951 ιἰφαιρηθίντος
767 1867 828 1931 τοῦ
852 1861 917 1932 ἀπὸ
940 1869 998 1951 τῆς
1022 1871 1089 1933 ΕΓ

71 1979 184 2060 μεῖζον
212 1970 249 2040 τὸ
275 1968 340 2039 ἀπὸ
368 1974 427 2056 τῆς
450 1978 520 2037 ΛΕ
544 1972 606 2036 τοῦ
635 1965 699 2037 ιἰπὸ
728 1972 786 2055 τῆς
809 1977 885 2037 ΕΖ·
922 1970 1084 2039 ὥστεκαὶ

71 2077 92 2164 ἡ
117 2086 187 2145 ΛΕ
207 2081 266 2163 τῆς
289 2085 350 2145 ΕΖ
373 2081 493 2163 μείζων
517 2077 614 2144 ἐστίν.

139 2188 169 2250 2.
206 2183 275 2250 Καὶ
298 2180 318 2268 ἡ
341 2188 440 2250 ΑΓΖ
464 2181 529 2269 ἄρα
556 2182 749 2269 περιφέρεια
777 2207 808 2268 p.
831 2185 863 2269 4,
886 2186 942 2267 23]
973 2179 1017 2262 ὡς
1044 2179 1081 2250 τὸ
1103 2204 1138 2255 10

72 2285 156 2356 ὅλον
174 2285 258 2373 πρὸς
271 2287 309 2356 τὸ
330 2286 422 2374 ὅλον,
442 2285 548 2368 οὕτως
565 2287 621 2355 καὶ
639 2284 677 2354 τὸ
697 2284 801 2373 ἥμισυ
818 2287 901 2375 πρὸς
919 2286 956 2356 τὸ
971 2286 1084 2375 ἥμισυ.

140 2398 170 2462 3.
201 2392 259 2473 Ὡς
282 2394 320 2462 δὲ
341 2391 362 2479 ἡ
387 2400 456 2462 ΑΓ
479 2391 562 2478 πρὸς
584 2392 645 2479 τὴν
672 2398 737 2459 ΖΓ
763 2420 794 2481 p.
817 2397 849 2481 4,
875 2397 932 2479 25]
967 2391 1083 2462 διὰτὸ

72 2498 127 2585 κγ’
156 2502 217 2566 τοῦ
250 2500 347 2568 ἕκτου
373 2497 410 2568 τό
445 2501 557 2585 λέγον·
595 2501 631 2567 ἐν
663 2501 734 2577 τοῖς
765 2507 851 2579 ίσοις
881 2501 1016 2579 κύκλοις
1048 2502 1087 2566 αί

71 2610 192 2690 γωνίαι
215 2605 274 2673 τὸν
299 2603 403 2673 αὐτὸν
422 2603 525 2691 λόγον
544 2609 657 2692 ἔχουσι
675 2617 747 2683 ταῖς
765 2611 1000 2693 περιφερείαις,
1025 2602 1080 2691 ἐφ’

72 2703 121 2778 ὧν
145 2710 312 2796 βεβήκαοι.
1102 2731 1137 2780 15

139 2821 170 2883 4.
215 2819 327 2901 Διπλῆ
362 2816 401 2883 δέ
430 2841 462 2902 p.
494 2819 531 2900 6,
564 2818 603 2898 2]
637 2813 694 2880 διὰ
726 2811 764 2881 τὸ
796 2810 883 2880 εἶναι
914 2813 952 2881 τὸ
982 2819 1087 2881 ΖΔΓ

70 2926 238 3007 τρίγωνον
258 2921 438 3000 ἰσοσκελές·
462 2919 531 2988 ἐπεὶ
551 2918 589 2987 δὲ
611 2920 733 2998 παντὸς
755 2917 923 3005 τριγώνου
945 2915 966 3005 ἡ
990 2917 1084 2998 ἐκτὸς

71 3032 179 3113 γωνία
203 3036 258 3112 ἴση
283 3026 351 3093 ἐστὶ
376 3025 453 3093 δυσί
471 3039 543 3103 ταῖς
562 3022 656 3104 ἐντὸς
672 3025 729 3092 καὶ
747 3020 960 3111 ἀπεναντίον,
984 3015 1083 3092 αὗται

146 3228 169 3275 1.
189 3221 235 3275 V¹.
308 3218 397 3274 2.V².
470 3217 562 3274 Μ’.
636 3217 727 3275 4.V².

143 3406 168 3454 3.
188 3397 253 3469 μέν]
273 3412 357 3465 supra
376 3411 428 3450 scr.
446 3394 481 3450 V.
