2362 3796
113 141 179 207 692
388 143 570 194 mmm
588 141 825 193 εοειοεεοειυει
838 143 858 192 1.

113 282 289 370 τριγώνων
309 286 385 369 δίχα
403 281 618 369 τμηθήσεται.
655 277 699 349 ἄν
717 281 782 367 γὰρ
803 281 856 348 καὶ
876 284 947 350 τών
965 281 1135 350 τοιούτων

113 389 289 478 τριγώνων
312 387 352 455 τὰ
375 389 497 477 κέντρα
520 397 695 476 ληφθῶσι,
721 393 857 456 ἔσονται
881 390 933 470 [αί
949 393 1038 474 Θ]Ζ,
1060 397 1137 474 ΖΠ,

114 504 197 579 ΗΖ,
222 503 294 562 ΖΠ
322 503 405 563 ίσαι·
441 495 497 562 καὶ
529 494 627 581 βάσις
657 492 678 581 ή
706 500 778 561 ΘΠ
805 497 845 582 τή
878 500 958 560 ΠΗ
988 503 1064 580 ἴση·
1104 498 1137 563 ἐκ

115 604 258 691 κέντρου
280 601 345 688 γὰρ
368 606 430 670 τοῦ
452 602 528 688 περὶ
551 599 589 670 ’τὸ
608 602 747 688 κέντρον
766 601 988 686 γραφομένου
1007 603 1139 670 κύκλου

79 707 152 780 οτὸ
177 716 216 775 Π
234 707 372 794 δηλαδή.
408 707 464 774 καὶ
486 703 507 792 ἡ
532 711 639 793 γωνία
662 704 728 792 ἄρα

114 812 135 901 ἡ
154 811 220 883 ὑπὸ
235 821 340 881 ΘΖΠ
355 819 462 904 γωνίᾳ
480 816 520 902 τῇ
539 811 605 880 ὑπὸ
622 818 732 880 ΗΖΠ

116 928 180 1006 ίση.
217 919 273 987 διὰ
299 918 340 1005 δή
363 923 463 987 τοῦτο
482 916 664 987 maioli
682 924 730 998 είς
750 753 927 1063 [Α
1087 922 1135 987 ‘M

116 1034 171 1092 ίσα
193 1024 399 1112 τμηθήσεται
419 1022 475 1092 διὰ
497 1023 535 1094 τὸ
553 1027 587 1111 γ’
604 1029 666 1093 τοῦ
685 1027 728 1112 5'3

114 1131 170 1198 καὶ
203 1135 241 1198 αί
270 1131 384 1198 λοιπαὶ
419 1134 481 1198 τοῦ
512 1130 729 1218 πενταγώνου

63 1262 96 1310 10
115 1238 255 1321 πλευραὶ
283 1240 343 1305 τοῦ
372 1242 545 1304 ΑΒΓΕΔ
572 1239 728 1322 ἐκβαλλο-
926 1238 1018 1331 k

115 1347 227 1430 μένων
245 1341 310 1411 ἀπὸ
326 1348 728 1430 τοῦΖτώντεμνουσών
804 1328 831 1384 Θ
1005 1329 1057 1385 ff

114 1449 237 1529 ταύτας
260 1454 337 1536 δίχα
360 1450 414 1517 ἐπὶ
436 1446 494 1528 τὰς
516 1449 663 1537 πλευρὰς
685 1455 747 1519 τοῦ
770 1451 991 1538 πενταγώνου
1008 1453 1135 1521 τούτου

113 1554 173 1634 τὰς
204 1562 374 1623 ΑΒΓΔΕ
405 1555 545 1642 δηλαδή.
601 1558 672 1624 ἐπεὶ
709 1557 747 1626 δέ
779 1563 856 1645 δίχα
887 1561 1064 1644 τέτμηνται
1099 1564 1138 1626 αί

113 1665 265 1730 τοιαῦται
280 1666 430 1750 πλευραί,
445 1659 506 1729 ἐὰν
520 1664 760 1749 ἐπιζευχθῶσιν
774 1663 839 1732 ἀπὸ
849 1667 918 1732 τών
929 1668 1135 1752 διχοτομιών

63 1792 96 1841 15
115 1765 262 1854 εὐθεῖαι,
293 1777 361 1835 ίσαι
389 1765 547 1854 ἀλλήλαις
574 1773 715 1836 ἔσονται.
761 1767 822 1837 ἐὰν
850 1769 888 1837 δὲ
912 1769 976 1838 δύο
1000 1767 1134 1839 εὐθεῖαι

115 1871 204 1963 παρὰ
229 1875 292 1942 δύο
317 1871 453 1953 εὐθείας
474 1872 660 1961 ἁπτόμεναι
679 1871 834 1961 ἀλλήλων
853 1873 898 1961 μή
918 1877 955 1943 ἐν
974 1880 1021 1965 τῷ
1043 1877 1134 1967 αὐτῷ

116 1981 259 2072 ἐπιπέδῳ
279 1972 353 2066 ώσι,
373 1987 445 2059 ίσας
463 1987 588 2067 γωνίας
605 1974 794 2065 περιέξουσι
814 1979 871 2049 διίι
888 1980 926 2050 τὸ
946 1981 973 2047 ι’
992 1987 1061 2050 τοῦ
1081 1983 1136 2051 ια’.

116 2090 208 2152 ἔσται
235 2078 300 2154 οὖν
326 2087 383 2154 καὶ
411 2086 594 2172 ἰσογώνιον
622 2085 660 2155 τὸ
683 2093 878 2156 ΗΘΚΛΜ
904 2085 1136 2173 πεντάγωνον.

116 2189 329 2277 δειχθήσεται
354 2192 406 2276 δέ,
431 2190 482 2260 ὅτι
505 2194 561 2260 καὶ
585 2195 621 2260 ἐν
645 2192 697 2260 ἑνὶ
720 2194 879 2285 ἐπιπέδῳ,
904 2190 1025 2273 οὕτως·
1068 2197 1138 2264 ἐπεὶ

62 2322 97 2370 20
116 2299 153 2365 αί
174 2294 239 2363 ἀπὸ
264 2300 324 2363 τοῦ
345 2304 372 2364 Ζ
396 2303 536 2383 σημείου
560 2301 613 2366 ἐπὶ
636 2298 695 2377 τώς
716 2298 862 2386 πλευρὰς
881 2304 942 2366 τοῦ
961 2302 1138 2388 μετεώρου

115 2400 332 2486 πενταγώνου
358 2413 420 2471 τοῦ
448 2410 641 2472 ΗΘΚΛΜ
665 2410 727 2472 τοῦ
758 2405 815 2472 καὶ
841 2406 1065 2493 παραλλήλου
1092 2413 1139 2500 τῳ

115 2505 322 2598 ὑποκειμένῳ
341 2506 544 2599 πενταγώνῳ
563 2513 609 2600 τῷ
624 2516 796 2578 ΑΒΓΔΕ
816 2509 980 2597 ἀγόμεναι
998 2512 1138 2583 εὐθεῖαι

116 2617 332 2700 διχοτομοῦσι
364 2613 501 2700 ταύτας,
533 2621 838 2703 προσεκβληθείσαι
870 2619 1139 2706 διχοτομήσουσι

115 2721 171 2787 καὶ
193 2718 252 2799 τὰς
273 2724 336 2788 τοῦ
355 2727 527 2789 ΑΒΓΔΕ
548 2722 767 2808 πενταγώνου
784 2723 938 2810 πλευράς.
975 2726 1139 2814 ἐκβεβλή-

62 2848 96 2898 25
116 2836 256 2894 σθωσαν
282 2829 339 2894 καὶ
367 2832 646 2914 διχοτομείτωσαν
674 2827 733 2907 τὰς
760 2836 836 2915 ΑΒ,
860 2834 932 2914 ΒΓ,
955 2836 1021 2897 ΓΔ
1050 2834 1138 2901 κατὰ

115 2931 155 3000 τὰ
184 2936 223 3018 Ξ,
245 2939 290 3019 Ν,
316 2941 345 3000 O
372 2947 505 3020 σημεῖα,
535 2934 592 3001 καὶ
616 2935 869 3020 ἐπεζεύχθωσαν
897 2937 935 3001 αί
955 2937 1041 3022 ΞΝ,
1067 2947 1105 3006 Ν
1110 2948 1138 3007 0

116 3036 258 3105 εὐθεῖαι.
311 3048 380 3106 ίσαι
407 3041 482 3127 ίίρα.
531 3036 575 3108 ίιν
603 3039 645 3127 δή
675 3037 739 3108 ἀπὸ
767 3044 829 3108 τοῦ
857 3049 884 3109 Ζ
917 3042 970 3108 ἐπὶ
1001 3041 1043 3111 τὸ
1072 3050 1136 3113 τοῦ

116 3150 288 3211 ΑΒΓΔΕ
307 3147 524 3231 πενταγώνου
547 3148 705 3213 ἐπίπεδον
728 3146 870 3226 κάθετος
893 3143 995 3234 ἀχθῇ,
1021 3151 1076 3218 ἐπὶ
1096 3150 1134 3218 τὸ

112 3250 255 3341 κέντρον
279 3263 426 3318 πεσεῖται
448 3255 509 3318 τοῦ
532 3252 607 3339 περὶ
630 3250 668 3319 τὸ
690 3251 907 3338 πεντάγωνον
924 3250 1054 3322 κύκλου
1076 3255 1134 3324 διὰ

185 3427 212 3482 2.
235 3417 271 3478 αί
290 3419 331 3496 Θ]
352 3413 471 3476 susm
485 3410 653 3469 ωεοοΧοἾ.
729 3417 757 3465 ὲ.
774 3411 843 3464 m
858 3408 975 3479 κέντρον
995 3411 1051 3467 del.
1074 3416 1132 3484 τρί-

59 3498 205 3560 mm
228 3495 269 3555 V.
351 3502 377 3552 ξι.
395 3487 449 3566 τίῆ
464 3480 661 3546 ὶαοοεεοωἾ.
727 3485 758 3534 θ.
770 3479 1099 3546 λοιπαῆευηιαεωΝ,
