2362 3796
120 141 185 204 164
272 140 429 192 SCHOLIA
445 141 485 192 IN
502 138 779 193 ELEMENTORUM
795 138 971 191 LIBRUM

118 277 244 348 ἀνίσων
269 280 381 348 οὐσῶν
408 276 542 366 περιττὴ
571 282 662 346 πάσα
692 278 823 366 ζήτησις
843 278 900 346 καὶ
922 273 1051 363 ἀπάτης
1075 273 1136 347 οάιι

118 384 367 472 ἀπηλλαγμένη.

185 497 237 561 92.
275 496 381 561 Τοῦτο
404 491 567 579 θεῶρημά
590 493 738 560 ἐστικαὶ
761 488 995 577 ἀντικείμενον
1018 493 1065 582 τῶ
1091 488 1137 559 δ’·

118 601 226 667 ἐκεῖνο
250 597 311 684 μὲν
334 597 399 686 γάρ
424 606 499 677 ίσας
521 595 667 667 ὑπέθετο
689 600 749 677 τάς
770 595 855 685 πρὸς
876 610 949 676 ταῖς
970 608 1137 684 κορυφαῖς

83 728 100 778 5
118 708 186 773 τῶν
209 702 387 791 τριγώνων
409 709 545 791 γωνίας,
567 706 669 771 τοῦτο
689 702 727 771 δὲ
745 698 895 788 ἀνίσους,
917 699 1055 771 κάκεῖνο
1076 702 1137 790 μὲν

120 819 193 890 ίσας
216 808 330 877 αὐτῶν
354 807 537 879 ἀπεόείκνν
559 808 619 887 τὰς
641 807 773 895 βάσεις,
794 812 893 878 τοῦτο
918 808 956 876 δὲ
978 805 1137 888 ὡσαύτως

119 929 191 996 ταῖς
213 921 352 1003 γωνίαις
374 912 522 996 ἀνίσους.
559 928 754 1004 προηγεῖται
778 913 817 982 δὲ
834 917 895 981 τοῦ
913 915 1036 1000 ἐφεξῆς
1051 923 1137 982 θεω-

120 1025 280 1111 ρήματος·
322 1025 430 1090 ἐκεῖνο
458 1022 521 1108 μὲν
547 1019 612 1109 γάρ
641 1018 707 1089 ἀπὸ
730 1024 799 1088 τῶν
829 1019 962 1106 βάσεων
994 1020 1050 1088 ἐπὶ
1080 1019 1138 1100 τάς

120 1134 260 1216 γωνίας,
288 1123 329 1207 ἀς
352 1125 590 1196 ὑποτείνουσιν
614 1131 652 1195 αῖ
676 1126 806 1213 βάσεις,
834 1128 967 1214 μετάγει
992 1123 1054 1195 τόν
1080 1129 1139 1212 τῆς

70 1257 104 1307 10
123 1232 320 1319 ἀνισότητος
333 1233 447 1320 λόγον,
465 1239 567 1303 τοῦτο
588 1234 626 1302 δὲ
644 1232 814 1302 ἀνάπαλιν
832 1231 898 1301 ἀπὸ
915 1237 984 1301 τῶν
1002 1235 1138 1317 γωνιῶν

122 1337 175 1406 ἐπὶ
198 1337 257 1417 τὰς
278 1338 394 1424 βάσεις
420 1340 480 1418 τάς
507 1337 565 1407 ὑπ’
592 1338 710 1426 αὐτάς,
744 1338 856 1428 ῶσπερ
883 1331 928 1408 αὖ
955 1337 993 1406 τό
1018 1339 1138 1425 ἐφεξῆς

123 1443 367 1533 ἀντιστρόφιον
391 1445 451 1531 μέν
472 1448 540 1514 ἐστι
558 1446 643 1535 πρὸς
661 1450 761 1515 τοῦτο
780 1471 862 1514 κατα
882 1448 943 1514 τόν
961 1444 1139 1534 εἰρημένον

122 1549 260 1638 τρόπον,
279 1549 512 1638 ἀντικείμενον
532 1552 570 1620 δὲ
587 1556 633 1645 τῷ
653 1549 765 1644 ὀγδόῳ
783 1550 984 1640 θεωρήματι.
1018 1576 1057 1620 το
1078 1550 1139 1637 μὶν

123 1656 188 1746 γάρ
212 1655 279 1726 ἀπὸ
303 1662 362 1745 τῆς
390 1657 542 1745 ἰσότητος
569 1662 637 1727 τῶν
664 1661 796 1746 βάσεων
820 1667 895 1739 ῖσας
921 1655 1141 1726 ἀποδείκνυσι

72 1788 105 1838 15
124 1764 183 1844 τὰς
206 1763 289 1851 πρὸς
311 1778 384 1844 ταῖς
405 1779 570 1853 κορυφαῖς
592 1770 727 1851 γωνίας,
750 1769 788 1833 τὸ
807 1765 846 1834 δὲ
864 1761 929 1833 ἀπὸ
947 1767 1007 1850 τῆς
1025 1761 1140 1832 ἀνισό-

124 1897 222 1957 τητος
245 1875 313 1939 τῶν
335 1870 469 1957 βάσεων
487 1869 643 1951 κάκείνας
661 1869 781 1951 άνίσας
799 1868 990 1958 ἀποφαίνει
1021 1867 1140 1938 κοινόν

126 1975 164 2044 δὲ
186 1990 257 2057 τοῖς
279 1979 446 2064 τέτρασιν,
470 1969 519 2046 ῶν
543 1977 603 2046 δύο
624 1976 685 2064 μὲν
703 1978 779 2064 περὶ
797 1977 835 2046 τό
857 1985 933 2045 ίσον
951 1977 1141 2065 στρέφεται,

124 2082 163 2150 τό
188 2082 222 2149 δ’
242 2084 298 2150 καί
320 2082 358 2151 τό
378 2083 424 2170 η’,
450 2084 512 2152 δύο
537 2085 574 2153 δὲ
596 2085 673 2172 περὶ
695 2084 733 2153 τὸ
756 2082 889 2170 άνισον,
912 2081 1013 2152 τοῦτό
1033 2083 1140 2151 τεκαὶ

126 2185 163 2252 τὸ
189 2185 278 2271 ἑξῆς,
307 2186 363 2253 καί
388 2185 450 2254 δύο
480 2188 541 2274 μὲν
574 2185 638 2257 ἀπὸ
666 2193 734 2257 τῶν
761 2193 896 2276 γωνιῶν
924 2188 1075 2278 άρχεται,
1106 2186 1143 2257 τὸ

73 2283 108 2368 ἑο
126 2291 284 2375 τέταρτον
307 2291 362 2358 καὶ
385 2292 423 2360 τὸ
447 2299 538 2380 νυνί,
562 2295 626 2363 δύο
651 2295 688 2364 δὲ
711 2292 776 2363 ἀπὸ
794 2300 864 2365 τῶν
882 2294 1026 2382 βάσεων,
1050 2294 1141 2364 τότε

128 2395 253 2481 όγόοον
277 2397 332 2463 καί
363 2425 401 2466 το
432 2401 549 2487 ἐφεξῆς
576 2403 790 2488 τεταγμένον·
836 2406 890 2470 δεῖ
920 2393 984 2470 οὖν
1010 2400 1143 2481 τούτοις

128 2499 231 2568 άπασι
249 2499 287 2569 τὸ
300 2506 359 2582 τὰς
378 2506 439 2573 δύο
458 2505 603 2594 πλευράς
622 2514 696 2586 ίσας
715 2513 802 2594 ἔχειν
815 2521 888 2588 ταῖς
902 2506 966 2576 δύο
980 2515 1140 2596 πλευραῖς

128 2607 286 2693 ἑκατέραν
311 2609 457 2702 ἑκατέρᾳ.
493 2611 623 2680 τούτων
642 2611 707 2702 γάρ
727 2612 855 2682 ἀνίσων
876 2611 989 2683 οὐσῶν
1007 2613 1141 2702 περιττὴ

128 2718 217 2781 πάσα
242 2717 371 2801 ζήτησις
393 2716 449 2783 καὶ
472 2715 600 2805 ἀπάτης
623 2716 686 2786 οὐκ
709 2716 954 2807 ἀπηλίαγμένη.
995 2724 1143 2789 τοσαῦτα

75 2847 109 2898 25
127 2820 281 2889 καθόλου
304 2822 380 2909 περὶ
402 2827 471 2891 τῶν
494 2826 723 2911 προκειμένων
747 2824 906 2912 εἰρήσθω.

195 2930 248 2994 93.
277 2933 412 3008 Μείζων
433 2928 522 2997 ἐστὶν
541 2926 562 3015 ἡ
583 2927 649 2997 ὑπὸ
671 2937 782 2996 ΔΖΗ
800 2935 857 3018 τῆς
874 2929 940 3000 ἀπὸ
959 2938 1063 3001 ΕΗΖ
1085 2931 1143 3003 διά

129 3030 166 3099 τὸ
183 3033 286 3119 μέσον
305 3042 364 3118 τῆς
381 3039 507 3120 γωνίας
524 3038 584 3121 τῆς
601 3034 667 3103 ὑπὸ
683 3045 716 3102 Δ
721 3044 759 3103 Η
760 3044 786 3103 Ζ
810 3041 868 3124 τῆς
887 3036 991 3125 οὔσης
1009 3047 1084 3127 ίσης
1102 3049 1142 3130 τῇ

128 3170 180 3180 σ--ι

202 3234 245 3287 92,
263 3226 293 3283 P.
367 3233 409 3283 93.
428 3228 459 3297 b;
479 3228 603 3299 pertine&
620 3231 657 3286 ad
674 3229 688 3283 Ι
705 3249 733 3300 p.
753 3236 795 3301 58,
816 3237 849 3286 15
860 3249 901 3301 sq.

203 3401 305 3489 933⁹]
325 3421 379 3459 om.
399 3406 430 3460 P.
505 3412 546 3494 ¹4}-
570 3401 688 3494 άνίσας]
708 3407 748 3462 sic
767 3409 789 3462 P
808 3410 852 3491 ι(ας
872 3411 975 3480 comp.)
1048 3416 1093 3467 20.
1111 3406 1144 3466 τό

132 3476 212 3546 νυνί]
233 3494 247 3528 ο
268 3477 336 3529 νυνί
352 3477 384 3531 Ρ.
456 3482 498 3533 24.
518 3481 722 3549 απηίαμγμενη
741 3478 763 3531 Ρ
782 3481 870 3549 (τινί).
