2362 3796
316 171 499 223 APPENDIX
519 169 757 222 scfloLmRUM
775 169 821 222 Ν,
1011 163 1075 227 729

55 308 75 379 ὁ
102 308 169 399 άρα
191 315 235 396 γβ
265 321 378 397 μετρεῖ
397 307 458 377 τὸν
481 314 516 389 εξ
535 307 618 375 κατὰ
640 307 698 388 τὰς
721 309 759 376 ἐν
782 310 827 399 τῷ
851 334 894 394 αγ
917 305 1077 392 μονάδας.

55 416 160 486 πάλιν
174 415 245 484 ἐπεὶ
265 412 283 483 δ
300 420 344 501 γβ
359 412 481 483 ἑαυτὸν
495 413 789 494 πολλαπλασιάσας
804 415 939 499 ἐποίησε
952 412 1013 480 τὸν
1029 418 1077 498 ζη,

57 534 172 611 μετρεῖ
193 518 258 609 άρα
283 518 301 588 ὁ
325 525 368 605 γβ
391 518 452 589 τὸν
477 526 513 606 ζη
535 517 620 587 κατά
644 517 702 598 τὰς
726 519 763 586 ἐν
787 519 893 609 ἑαυτῷ
917 517 1076 605 μονάδας.

58 630 187 716 ἐμέτρει
219 626 257 694 δὲ
287 627 345 694 καὶ
372 625 433 695 τὸν
455 631 490 706 εζ
514 623 597 694 κατὰ
624 627 684 703 τὰς
711 627 749 692 ἐν
776 629 821 711 τώ
847 652 889 710 αγ
917 623 1076 711 μονάδας.

58 732 142 802 ὅλον
164 731 230 820 άρα
252 730 314 800 τὸν
337 757 375 818 εη
398 745 511 819 μετρεῖ
532 728 550 799 ὁ
575 736 617 817 γβ
640 729 723 798 κατὰ
746 731 805 810 τὰς
827 733 864 799 έν
887 742 932 822 τῷ
953 736 996 817 αβ
1019 757 1075 817 μο-
1113 751 1129 802 5

273 911 293 944 a
485 910 502 958 γ
602 891 619 960 β
662 836 777 918 νάδας.
814 837 941 925 ἐμέτρει
965 836 1003 906 δὲ
1020 837 1076 905 καὶ

59 1002 78 1053 ὃ
277 962 282 999 ¹
497 961 612 997 Ι--Ι
659 944 723 1012 τὸν
758 948 780 1012 δ
819 942 901 1013 κατά
944 943 1003 1024 τὰς
1039 945 1077 1012 έν

71 1066 615 1105 ι------------Ι
663 1053 710 1142 τῷ
725 1056 768 1136 αβ
782 1050 941 1136 μονάδας.
969 1050 1078 1130 ἰσάκις

59 1176 72 1268 ὲ
409 1175 424 1276 ὲ
600 1173 618 1278 ἦ
664 1154 730 1242 άρα
771 1154 789 1224 δ
830 1163 873 1243 γβ
919 1156 1077 1242 ἑκάτερον

663 1266 731 1330 τῶν
760 1267 795 1349 δ,
818 1290 854 1349 εη
883 1277 1005 1351 μετρεῖ·
1044 1266 1080 1330 οἱ
1096 1283 1131 1333 10

60 1370 100 1440 δὲ
129 1367 194 1438 ὑπὸ
227 1380 290 1439 τοῦ
318 1368 424 1438 αὐτοῦ
453 1369 561 1448 ἰσάκις
582 1368 803 1456 μετρούμενοι
827 1378 895 1436 ἴσοι
920 1366 1077 1454 άλλήλοις

64 1481 165 1545 εἰσίν·
194 1486 266 1558 λσος
288 1475 355 1567 άρα
378 1477 469 1545 ἐστὶν
494 1473 512 1544 ὁ
537 1481 557 1544 δ
579 1480 625 1567 τῷ
650 1502 697 1562 εη.
736 1480 795 1543 καί
815 1477 905 1544 ἐστιν
929 1473 948 1544 ὁ
971 1476 1033 1563 μὲν
1056 1480 1076 1543 δ

60 1581 80 1651 ὁ
105 1585 142 1651 έκ
162 1587 232 1652 τῶν
255 1591 314 1669 αβ,
333 1589 376 1670 βγ
400 1584 570 1666 ἐπίπεδος,
599 1579 617 1649 ὁ
641 1580 678 1649 δὲ
702 1608 738 1668 εη
763 1580 780 1650 ὁ
805 1585 841 1650 έιι
863 1587 933 1650 τῶν
956 1610 1014 1668 αγ,
1033 1587 1076 1668 γβ

59 1693 217 1768 ἐπίπεδος
244 1687 308 1757 σὺν
334 1692 379 1780 τῷ
409 1686 475 1755 άπὸ
504 1691 565 1755 τοῦ
588 1693 632 1773 γβ
658 1688 864 1778 τετραγώνῳ.
906 1685 924 1756 ὁ
951 1686 1016 1776 άρα
1041 1690 1077 1756 ἐκ

58 1798 131 1862 τῶν
155 1798 212 1880 αβ,
231 1799 275 1880 βγ
302 1796 457 1874 ἐπίπεδος
480 1802 552 1873 λσος
574 1793 643 1862 ἐστὶ
669 1798 715 1884 τῷ
738 1820 773 1862 τε
801 1796 836 1862 ἐκ
863 1804 933 1862 τῶν
956 1820 1013 1879 αγ,
1034 1800 1075 1881 γβ
1096 1811 1131 1863 15

61 1900 206 1991 ἐπιπέδῳ
228 1899 284 1968 καὶ
307 1910 353 1993 τῷ
378 1896 444 1968 άπὸ
469 1909 531 1968 τοῦ
555 1905 597 1985 γβ
620 1898 827 1991 τετραγώνῳ.

130 2003 190 2074 έάν
218 2002 283 2092 άρα
310 2002 457 2093 άρνδμδς
484 2009 532 2083 εἰς
559 2004 621 2073 δάο
650 2001 820 2091 άρνδμοδς
843 2006 1005 2092 τυχόντας
1028 2012 1075 2075 δι-

58 2115 201 2200 αιρεθῇ,
224 2108 243 2179 ὁ
268 2113 304 2179 έιι
326 2119 388 2178 τοῦ
412 2108 496 2179 ὅλον
518 2110 574 2177 ναὶ
598 2110 675 2190 ἑνὸς
696 2114 765 2179 τῶν
788 2116 899 2199 μερῶν
923 2114 1077 2192 ἐπίπεδος

60 2228 135 2296 λ’σος
163 2217 234 2285 ἐστὶ
261 2227 306 2308 τῳ
336 2243 371 2284 τε
399 2218 526 2285 ἐκτῶν
551 2221 664 2305 μερῶν
686 2219 830 2309 ἐπιπέδῳ
854 2216 919 2286 σὺν
940 2222 986 2309 τῶ
1009 2216 1076 2286 άπὸ

60 2327 124 2392 τοῦ
143 2325 390 2410 προειρημένον
408 2325 533 2411 μέρους
550 2322 760 2416 τετραγώνῳ·
784 2324 865 2413 ὅπερ
881 2329 949 2393 ἔδει
963 2327 1076 2406 δεῖξαι.
1095 2348 1133 2397 20

126 2656 207 2726 Ἐὰν
235 2656 382 2747 άριδμὸς
410 2664 567 2748 διαιρεθῇ
597 2663 645 2738 εἰς
668 2658 731 2727 δύο
756 2659 938 2747 ἀριθμούς,
967 2659 985 2729 ὁ
1010 2658 1075 2729 άπὸ

60 2767 125 2832 τοῦ
153 2762 236 2830 ὅλον
263 2765 470 2850 τετράγωνος
499 2773 571 2844 ἴσος
594 2765 664 2833 ἐστὶ
691 2779 761 2844 τοῖς
783 2764 849 2833 άπὸ
873 2770 942 2835 τῶν
966 2771 1077 2853 μερῶν

61 2866 366 2956 τετραγώνοιςκαὶ
388 2872 435 2958 τῷ
459 2869 511 2948 δλς
534 2871 661 2937 ἐκτῶν
684 2874 795 2958 μερῶν
819 2872 970 2963 ἐπιπέδῳ.

131 2971 279 3061 άρνδμὸς
311 2971 375 3061 γάρ
404 2971 422 3041 ὁ
452 2981 495 3061 αβ
528 2977 702 3064 διῃρήσθω
736 2981 783 3056 εἰς
814 2977 877 3044 δύο
911 2973 1079 3064 ἀριθμοὺς
1096 2996 1132 3047 25

61 3078 145 3158 τοὺς
163 3106 217 3166 αγ,
230 3084 281 3165 γβ.
320 3081 415 3167 λέγω,
440 3077 492 3149 ὅτι
515 3079 533 3149 ὁ
557 3080 623 3149 άπὸ
642 3091 704 3148 τοῦ
718 3088 762 3168 αβ
780 3081 987 3170 τετράγωνος
1006 3091 1078 3163 ἴσος

63 3185 136 3255 ἐστὶ
157 3199 229 3265 τοῖς
250 3211 285 3254 τε
308 3183 372 3254 άπὸ
396 3190 465 3254 τῶν
488 3214 541 3273 αγ,
560 3193 604 3274 γβ
631 3186 852 3285 τετραγώνοις
878 3189 934 3257 καὶ
956 3193 1002 3280 τῷ
1026 3189 1078 3269 δὶς

60 3295 100 3362 έιι
122 3294 192 3359 τῶν
214 3318 267 3378 αγ,
281 3298 325 3379 γβ
348 3292 499 3384 ἐπιπέδῳ.

132 3512 175 3563 2⁶.
195 3506 364 3579 διαιρήσθεο.
