2362 3796
222 136 379 189 SOHOLIA
396 137 435 186 IN
452 136 727 187 ELEMENTORUM
744 134 882 185 LIBRUM
895 134 929 186 X.
1018 133 1083 197 589

136 279 210 343 474.
250 272 402 362 Οὐδεμιᾷ
425 278 493 342 τῶν
516 275 681 361 πρότερον
709 274 729 358 ἡ
756 273 839 360 αὐτη
867 300 898 360 p.
923 278 1001 360 370,
1027 278 1081 357 13]

69 384 90 468 ἡ
110 383 173 467 γάρ
190 387 223 448 Γ
241 377 364 465 άλογός
387 382 489 466 ἐστιν,
514 378 583 448 ἐπεὶ
603 377 644 448 οὐ
663 379 757 467 ῥητή,
780 380 835 446 καὶ
855 377 995 468 οὐδεμιᾷ
1014 384 1083 447 τῶν

70 487 235 571 πρότερον
259 484 393 570 ἀλόγων
415 482 436 572 ἡ
462 483 557 570 αὐτή,
580 487 730 565 τουτέστι
753 489 822 552 τῶν
839 490 882 570 ῖμ.
920 484 1082 571 οὔτεγὰρ

71 594 169 678 μέση,
198 592 268 659 ἐπεὶ
294 589 333 659 τὸ
360 589 427 660 άπὸ
455 591 577 678 ταύτης
604 591 693 677 παρὰ
716 591 780 677 την
802 598 830 657 Β
854 590 958 676 ῥητὴν
981 617 1084 678 παρα-

71 698 201 785 βληθὲν
219 701 342 777 πλάτος
360 695 405 766 άν
424 701 559 828 ἐποίησε
577 699 693 786 ῥητήν,
715 695 791 764 οὔτε
806 688 881 781 έκβ
897 694 1084 784 ὀνομάτων,
1122 727 1137 776 5

72 806 142 872 ἐπεὶ
173 805 275 873 πάλιν
307 803 345 874 τὸ
377 802 435 872 ἀπ’
471 803 575 891 αὐτῆς
606 801 695 893 παρὰ
728 799 834 892 ῥητὴν
866 801 1084 888 παραβληθὲν

71 936 133 996 την
147 918 176 979 Β
197 909 327 998 δηλαδὴ
346 907 503 990 πλάτος“
484 939 528 979 αν
543 907 723 997 ἐποίησε
688 936 751 996 τηυ
765 911 801 977 ἐκ
815 895 869 994 β’
852 907 1028 994 ονομάτων
1043 909 1085 995 ά,

72 1008 168 1083 καὶ
147 1043 191 1101 ην
209 1013 292 1102 άνὴ
314 1025 346 1084 A
364 1020 400 1086 έκ
417 1004 475 1102 β’
459 1016 701 1103 ονομάτων,
655 1016 689 1084 α’
724 1014 803 1084 οὔτε
822 1017 858 1083 ἐκ
876 1001 898 1100 β
916 1014 1085 1101 μέσωνά·

73 1115 1085 1210 mmmMMmenfflm

73 1221 1140 1317 mmmAmemmmWw

76 1334 208 1400 e'ovlv‘
190 1363 211 1420 η
236 1342 280 1404 Γ
306 1328 351 1422 ἦν
373 1335 438 1422 γὰρ
462 1332 506 1403 άν
531 1361 618 1403 ουτω
641 1336 662 1420 ἡ
686 1337 778 1403 Αέκ
800 1321 1087 1420 βόνομάτωνὸ’

75 1464 152 1507 οντε
175 1440 278 1529 ῥητὸν
301 1443 357 1509 καὶ
381 1443 484 1529 μέσον
509 1443 694 1529 δυναμένη
731 1433 774 1528 ἦν
798 1438 862 1527 γάρ
886 1438 1027 1507 πάλιν
1010 1466 1030 1524 η
1056 1447 1088 1504 Α

74 1542 1087 1635 MmmemmmmmmW

74 1649 139 1737 γὰρ
167 1648 211 1720 άν
239 1646 283 1739 ἦν
311 1650 388 1739 η.Α
416 1656 452 1721 ἐκ
480 1641 546 1738 β’
530 1652 707 1739 ουομάτων
731 1653 773 1724 ς.
820 1653 896 1720 οὔτε
924 1650 1087 1738 ἀποτομή,

75 1757 180 1851 ἐπεὶ*
163 1785 183 1844 η
200 1767 232 1824 A
250 1758 363 1844 πράτη
383 1754 427 1825 άν
445 1785 489 1843 ην
506 1756 672 1845 άποτομή·
693 1757 768 1827 οὔτε
783 1761 865 1846 μέση
881 1755 1030 1844 άποτομη
1045 1759 1088 1823 α·
1108 1784 1141 1832 15

76 1891 97 1948 η
123 1872 155 1929 21
177 1861 243 1949 γάρ
268 1859 311 1929 άυ
334 1855 378 1947 ἦν
402 1861 553 1950 ἀποτομὴ
577 1864 619 1949 β”
658 1862 734 1932 οὔτε
762 1863 888 1951 μέση’
871 1889 1019 1950 αποτομη
1043 1862 1087 1950 β’·

74 1970 130 2036 καὶ
157 1966 222 2056 γάρ
250 1996 271 2055 η
295 1977 327 2034 A
357 1960 404 2053 ἦν
432 1967 476 2037 άν
503 1975 596 2056 τρίτη
625 1969 784 2057 άποτομη.
832 1969 909 2038 οὔτε
937 1969 1088 2037 ἐλάσσων

76 2078 166 2143 ἐστὶν
188 2075 209 2161 ἡ
235 2075 412 2161 λεγομένη,
442 2078 615 2144 τουτέστιν
642 2074 662 2162 ἡ
687 2082 729 2161 Γ,
758 2077 828 2144 ἐπεὶ
851 2077 871 2163 η
896 2087 928 2144 Α
950 2074 1088 2163 τετάρτη

75 2177 117 2247 ἂν
142 2173 185 2267 ἦν
208 2179 369 2266 άποτομη.
406 2179 580 2249 ἀλλὀὐὸὲ
599 2181 679 2268 μετά
704 2185 809 2269 ῥητοῦ
828 2183 931 2268 μέσον
949 2179 987 2250 τὸ
1007 2179 1088 2251 ὅλον

74 2285 219 2352 ποιοῦσά
253 2287 343 2353 έστιν
369 2287 390 2373 ἡ
420 2294 462 2371 Γ,
495 2288 565 2355 ἐπεὶ
596 2289 651 2355 καὶ
683 2289 703 2374 ἡ
732 2298 763 2355 Α
795 2280 838 2374 ἦν
866 2283 909 2354 άν
937 2285 1087 2374 ἀποτομὴ
1108 2315 1142 2365 20

75 2391 213 2477 πέμπτη.
257 2389 331 2460 ἄλλ’
358 2391 439 2460 οὐδὲ
461 2392 566 2462 πάλιν
589 2392 669 2480 μετὰ
692 2396 797 2481 μέσον
820 2394 923 2481 μέσον
946 2393 984 2462 τὸ
1008 2393 1090 2463 ὅλον

75 2497 220 2565 ποιοῦσά
241 2499 331 2566 ἐστιν
350 2498 370 2585 ἡ
387 2505 424 2585 Γ,
450 2500 521 2568 ἐπεὶ
540 2500 596 2566 καὶ
613 2500 638 2570 ά,
650 2511 681 2568 Α
705 2493 748 2586 ἦν
772 2496 816 2568 άν
836 2503 910 2584 ἕκτη
930 2499 1089 2586 ἀποτομή.

77 2603 146 2670 έπελ
170 2595 290 2672 οὖντὸ
310 2603 376 2672 άπὸ
396 2609 454 2691 τῆς
469 2611 502 2673 Γ
520 2604 609 2692 παρὰ
624 2606 730 2694 ῥητὴν
743 2603 847 2692 τηνΒ
870 2605 1089 2692 παραβληθὲν

78 2707 1090 2799 affimfflmmmmffffAwmssmwfflm

76 2811 209 2901 ἀλόγων
233 2813 379 2883 εὐθειῶν
403 2819 493 2885 ἐστιν
516 2818 536 2903 ἡ
561 2815 656 2903 αὐτή,
680 2814 753 2885 ἀλλ’
777 2815 856 2885 οὐδὲ
880 2816 976 2904 ῥητή·
1006 2817 1089 2902 μέση
1108 2843 1143 2894 25

76 2918 141 3005 γάρ
170 2973 248 2989 .....
256 2919 433 3002 είκοτως
464 2924 563 2990 καὶ
547 2951 568 3010 η
597 2931 629 2991 Γ
657 2921 799 3012 οὐδεμιᾷ
827 2950 896 2990 των
904 2921 1089 3053 πρότερον

76 3027 377 3151 θεωρηβέντωΓ
343 3054 377 3112 ιγ
399 3026 534 3113 άλόμων
558 3025 703 3096 εὐθειῶν
722 3027 847 3095 έσττν“
831 3055 852 3114 η
871 3025 968 3095 αὐτά
993 3030 1088 3115 ἑτέρα

149 3334 193 3384 26.
217 3328 285 3383 Post
306 3323 361 3397 γάρ
384 3346 438 3384 ras.
458 3332 502 3383 est
520 3330 605 3396 inV;
628 3328 703 3384 infra
726 3330 866 3398 quaedam
888 3329 994 3400 scripta
1015 3332 1089 3397 sunt,

77 3416 149 3469 quae
171 3402 265 3470 legere
288 3415 345 3453 non
367 3401 445 3470 potui
470 3400 534 3469 (καλ
553 3419 642 3457 αντ..
653 3419 786 3472 ....μτσ
798 3404 829 3471 ..)
920 3402 986 3473 καί]
1007 3401 1092 3470 sup'ra

77 3487 129 3526 sor.
148 3469 182 3524 V.
255 3476 297 3526 λλ.
317 3470 357 3541 ιγ]
378 3487 532 3541 suprascr.
552 3472 584 3525 V.
