2362 3796
113 232 180 296 630
254 232 410 286 SCHOLIA
428 234 466 285 IN
485 233 758 285 ELEMENTOBUM
775 231 923 283 LIBRUM
937 235 1008 291 ΧΠ,

180 377 233 442 41.
265 371 392 462 Ὥσπερ
425 371 490 441 άπὸ
524 376 585 441 τοὺ
619 371 890 459 ἐγγεγραμμένου
920 375 1136 462 τετραγώνου

113 485 239 568 πρίσμα
266 477 401 569 άνιστζι,
434 480 540 559 οὕτως
568 479 623 546 καὶ
651 476 716 547 άπὸ
744 487 804 545 τοῦ
831 483 1137 571 περιγραφομένου

112 592 238 672 πρίσμα
262 585 382 673 άνιστᾷ
405 585 460 652 καὶ
485 583 547 653 οὐκ
570 582 652 654 άλλο
675 611 707 652 τι
728 587 797 653 τῶν
820 596 988 672 στερεῶν.

180 694 231 759 42.
265 690 373 760 Ἔστω
402 688 420 760 6
449 690 629 780 κύλινδρος
660 687 681 777 6
710 698 774 758 AB
806 687 930 759 εύθετα
965 694 1031 762 καὶ
1064 699 1138 763 ἔστω

79 800 231 869 σποδῶν
256 799 334 866 δέκα
357 799 412 865 καὶ
435 797 618 885 τεσσάρων,
642 798 698 865 καλ
720 796 897 884 τετμήσθω
920 795 943 884 6
966 807 1043 868 AB
1066 797 1138 869 κατὰ

113 904 149 971 τὸ
175 909 208 971 Γ
226 917 381 991 σημεῖον,
404 906 459 972 καὶ
483 909 565 991 ἔστω
588 902 609 991 6
634 911 701 972 ΒΓ
720 901 740 972 ὑ
762 907 886 989 κῶνος,
918 901 939 972 6
966 906 1013 974 δὲ
1037 912 1136 987 κῶνος

114 1015 197 1078 ἔστω
216 1014 333 1078 ποδῶν
352 999 380 1080 δ.
418 1015 524 1098 δῆλον
540 1009 593 1098 δή,
614 1008 699 1079 ὑτιὺ
740 1049 804 1099 AZ
856 1046 882 1098 Ε
937 1051 967 1100 A
1012 1054 1044 1104 Γ
1121 1053 1136 1102 χ

113 1116 496 1202 τεσσαρεσκαιδεκάπους
518 1116 698 1205 κύλινδρος
758 1117 1129 1159 ““Ῑ““’”“““““δ““’

112 1226 175 1290 τοὺ
197 1221 400 1312 τετράποδος
422 1225 535 1292 κοίνου
559 1228 677 1309 μείζων
702 1223 792 1291 ἐστὶν
815 1219 837 1308 6
858 1225 1088 1309 τριπλάσιος·
1119 1224 1132 1294 6

63 1354 94 1404 10
113 1328 177 1416 γὰρ
192 1329 386 1418 τριπλάσιος
404 1333 464 1397 τού
482 1330 639 1416 τέσσαρες
657 1327 676 1398 6
696 1327 826 1398 δῶδεκά
841 1330 922 1398 ἐστι.
952 1337 1133 1421 τετμήσθω

114 1434 155 1521 δὴ
189 1435 290 1503 πάλιν
323 1433 343 1522 6
370 1441 435 1502 AB
468 1432 486 1503 6
519 1435 699 1523 κύλινδρος
731 1440 808 1522 δίχα
834 1433 920 1502 κατὰ
948 1436 995 1508 τὸ
1024 1451 1073 1509 Δ·
1107 1443 1135 1508 αἱ

113 1550 199 1625 ΑΔ,
223 1549 290 1609 ΔΒ
317 1539 382 1629 ἄρα
413 1549 481 1608 ίσαι
506 1533 605 1608 οὖσαι
629 1540 811 1621 ἑπτάποδές
833 1545 908 1610 είσι.
956 1547 1072 1616 πάλιν
1093 1573 1133 1615 τε·

113 1647 254 1734 τμήσθω
277 1646 297 1734 6
322 1654 388 1714 AB
410 1648 493 1714 κατδι
515 1646 551 1715 τὸ
577 1654 615 1715 Ε.
653 1647 709 1714 καὶ
733 1647 802 1716 ἐπεὶ
825 1644 846 1733 6
869 1654 939 1715 BA
964 1650 1011 1720 τὸ
1037 1654 1133 1741 ἥμισυ

112 1759 174 1821 τοῦ
196 1758 380 1842 κυλίνδρου
404 1756 483 1839 ἐστί,
506 1759 625 1840 μείζων
650 1754 687 1821 δὲ
709 1757 767 1840 τῆς
786 1760 853 1820 ΒΔ
875 1750 897 1839 6
918 1762 1007 1845 ΒΕ,
1034 1759 1056 1847 6
1077 1759 1133 1847 ἄρα

62 1885 94 1935 15
113 1868 178 1927 ΒΕ
196 1867 315 1947 μείζων
334 1863 424 1929 ἐστὶν
443 1858 463 1947 6
481 1859 518 1928 τὸ
533 1862 638 1948 ἥμισυ
655 1864 717 1929 τοὺ
735 1863 930 1948 κυλίνδρου,
956 1868 1133 1935 τουτέστιν

112 1965 132 2054 6
158 1975 224 2034 BE
244 1973 363 2054 μείζων
388 1966 456 2034 ἐστὶ
478 1970 539 2034 τοὺ
563 1964 699 2053 ἡμίσεος
717 1966 839 2054 μέρους
856 1970 918 2033 τοῦ
932 1977 1133 2062 κυλίνδρου.

112 2074 167 2141 καὶ
196 2079 278 2141 ἔστω
307 2071 328 2160 6
357 2080 421 2138 BE
447 2075 564 2140 ποδῶν
592 2077 621 2157 ῖ,
653 2072 725 2159 ἥτις
753 2073 918 2152 δεκάπους
946 2078 1133 2165 νενοήσθω

111 2180 149 2247 τὸ
173 2185 299 2266 πρίσμα
322 2179 361 2246 τὸ
379 2175 572 2245 ἀνασταθὲν
591 2176 658 2246 άπὸ
676 2181 738 2247 τοῦ
753 2183 886 2244 ΑΒΓΔ
904 2185 1135 2268 τετραγώνου.

112 2290 202 2353 ἔστιν
222 2278 286 2352 οὑν
305 2282 325 2371 6
344 2290 410 2350 BA
434 2281 451 2351 6
471 2283 660 2372 κύλινδρος,
683 2282 704 2369 6
724 2291 790 2351 BE
806 2287 943 2370 πρίσμα,
971 2284 994 2372 6
1016 2290 1061 2358 δὲ
1080 2298 1134 2360 ΓΒ

58 2414 92 2464 20
112 2388 130 2458 6
154 2394 261 2468 κῶνος
282 2394 330 2456 ῖδ.
359 2395 385 2456 ῖ.
414 2377 443 2458 δ.

178 2494 280 2562 πάλιν
302 2496 477 2583 τετμήσθω
497 2495 517 2584 6
538 2504 602 2563 AB
625 2494 708 2563 κατά
728 2494 766 2563 τὸ
783 2503 821 2580 Ζ,
845 2494 899 2562 καὶ
919 2498 1010 2566 ἔστω
1032 2501 1056 2590 6
1075 2511 1136 2573 AB

111 2598 227 2669 εὐθεῖα
251 2600 396 2670 ἐλάττων
419 2605 477 2690 τῆς
496 2600 670 2687 ὑπεροχῆς,
693 2593 716 2689 6
735 2599 886 2687 ὑπερέχει
906 2597 924 2668 6
944 2605 1136 2699 κύλινδρος

108 2711 171 2775 τοῦ
194 2713 392 2796 τριπλασίου
410 2712 471 2776 τού
494 2706 622 2792 κῶνον,
650 2707 706 2774 καὶ
735 2712 819 2775 ἔστω
842 2704 924 2792 αὑτή
949 2705 972 2793 6
1001 2719 1077 2782 ΖΑ
1100 2716 1136 2784 τὰ

111 2812 328 2902 ἀποτμήματα
351 2819 413 2883 τού
435 2817 628 2900 κυλίνδρου.
664 2813 720 2881 καί
744 2810 849 2880 ἐπεΓ
837 2839 854 2879 ο
877 2816 990 2894 κῶνος
1013 2827 1136 2892 ποδῶν

58 2944 91 2994 25
110 2909 315 2990 ὑπόκειταιδ
316 2925 517 3007 ,τριπλασία
531 2919 621 2988 δὲ’
582 2946 640 3006 της
653 2917 888 3006 τετράποδος’
872 2945 892 3004 ιχ
909 2923 1135 3009 δωδεκάπους

111 3030 213 3114 ἐστίν,
232 3033 301 3095 ἔστι
317 3025 382 3095 66‘
369 3054 386 3094 ο
401 3025 583 3114 κύλινδρος
595 3024 993 3114 τεσσαρεσκαιδεκάπους,
1014 3035 1135 3122 δυλον,

112 3131 163 3201 ὅτι
191 3133 211 3219 6
238 3131 383 3219 ὑπεροχή
413 3135 474 3200 τοὺ
502 3122 754 3219 κυλίνδρου,
732 3158 753 3220 χχ
786 3129 938 3218 ὑπερέχει
971 3142 1041 3207 τοῦ
1071 3169 1135 3231 τρι·

382 3327 505 3398 ..q(P2)
580 3327 640 3396 Εἰς.
659 3344 713 3382 om.

576 3503 629 3558 m
649 3505 681 3556 ου
698 3501 751 3557 k'm
768 3510 784 3556 8
807 3501 855 3556 uix
878 3502 962 3560 aliter
987 3511 1132 3580 explicare

179 3517 203 3572 υ.
231 3507 339 3591 άνιοτᾳ
381 3523 475 3578 comp.
491 3504 525 3561 'm

68 3546 203 3649 ht,
266 3594 310 3647 11
324 3508 475 3661 66qu
537 3523 667 3649 οὑλυυυ
