2362 3796
363 124 636 175 ELnMENTORmr
654 128 763 177 LIBER
781 126 853 179 XIV.
1070 121 1113 185 29

99 266 316 353 permutando
341 269 374 332 et
397 288 414 330 e
439 268 601 332 contrario
625 268 726 349 igitur
749 270 811 332 erit

338 371 874 455 H22E²=2²:PB²†BA².

97 501 211 545 uerum
235 475 318 544 BF*
332 480 373 560 -Ι-
389 476 469 542 ΓΔ2
484 509 526 532 =
542 477 600 563 Z²;
623 501 699 544 nam
723 480 810 543 latua
833 480 1011 565 pentagoni
1035 501 1112 563 qua-

16 604 18 608 *
98 585 226 651 dratum
250 584 386 670 aequale
410 587 461 649 est
483 584 578 649 lateri
596 585 760 669 hexagoni
778 585 937 668 laterique
957 584 1113 669 decagoni

97 692 133 756 in
170 691 284 756 eodem
322 691 442 756 circulo
474 692 705 776 inscriptorum
745 690 853 773 [XIIL
886 688 950 776 101.
1005 691 1114 774 itaque

97 793 803 879 H²=E²=Br2†rA²:rB2†BA2.
840 818 939 881 quare
962 795 1060 860 etiam
1079 800 1115 860 ut

97 901 151 969 H‘
166 928 174 969 ι
188 901 249 988 Εδ,
281 903 330 967 ita
358 906 448 967 recta
475 902 650 968 secundum
678 905 838 970 rationem
868 907 1047 968 extremam
1077 922 1115 966 ac

98 1009 239 1075 mediam
263 1012 353 1074 secta
376 1008 571 1094 quadratum
593 1014 699 1075 rectae
724 1011 881 1094 quadrato
909 1009 1010 1075 totius
1039 1028 1115 1092 qua-

99 1115 257 1200 drataque
284 1115 389 1199 partis
418 1115 550 1180 maioris
581 1117 727 1201 aequalis
759 1117 937 1201 quadratae
969 1115 1010 1180 ad
1038 1136 1114 1199 qua·

100 1220 231 1285 dratum
253 1225 360 1287 rectae
384 1221 542 1305 quadrato
564 1223 667 1288 totius
692 1223 914 1308 quadratoque
933 1223 1036 1306 partis
1056 1221 1113 1284 mi·

100 1328 190 1392 noris
222 1328 368 1411 aequalis
401 1328 587 1412 quadratae.
637 1333 670 1394 et
696 1332 736 1392 H
763 1330 849 1394 latus
882 1332 933 1393 est
964 1328 1050 1407 cubi,
1083 1332 1115 1392 Ε

99 1436 210 1499 autem
232 1434 400 1498 icosaedri.

166 1538 256 1625 Ergo
284 1541 312 1604 si
345 1543 435 1604 recta
463 1540 638 1604 secundum
669 1541 832 1606 rationem
864 1546 1042 1606 extremam
1076 1561 1112 1604 ac

99 1644 240 1709 mediam
273 1649 414 1729 secatur,
447 1647 509 1710 erit
540 1650 577 1710 ut
609 1649 698 1710 recta
725 1647 788 1710 toti
814 1648 963 1730 partique
996 1645 1113 1709 maiori

101 1751 247 1836 aequalis
271 1751 430 1836 quadrata
453 1751 494 1816 ad
517 1754 639 1816 rectam
663 1752 727 1816 toti
749 1752 897 1835 partique
920 1751 1039 1815 minori
1062 1771 1112 1814 ae-

101 1858 233 1942 qualem
261 1858 467 1942 quadratam,
494 1857 541 1921 ita
569 1857 654 1920 latus
683 1856 757 1921 cubi
783 1855 932 1920 adlatus
956 1855 1113 1920 icosaedri

99 1964 135 2028 in
158 1964 271 2028 eadem
296 1963 437 2046 sphaera
458 1962 699 2046 inscriptorum.

166 2069 212 2134 Et
242 2068 543 2152 demonstrandum,
575 2090 645 2132 esse
674 2069 826 2133 uolumen
855 2067 1045 2133 dodeoaedri
1073 2068 1113 2132 ad

99 2176 255 2241 uolumen
277 2174 444 2257 icosaedri‚
466 2178 504 2238 ut
523 2174 567 2238 sit
584 2175 670 2238 latus
691 2174 765 2238 cubi
784 2173 824 2238 ad
843 2175 929 2238 latus
947 2173 1113 2239 icosaedri.

165 2303 243 2345 nam
267 2279 421 2365 quoniam
448 2279 558 2343 circuli
582 2281 732 2363 aequales
757 2284 789 2343 et
811 2283 1033 2364 pentagonum
1056 2280 1113 2345 do-

102 2387 250 2454 decaedri
282 2390 317 2450 et
348 2385 549 2470 triangulum
581 2386 739 2451 icosaedri
772 2385 1048 2469 comprehendunt
1066 2387 1113 2451 ·in

99 2494 212 2558 eadem
236 2492 376 2576 sphaera
398 2491 628 2575 inscriptorum
652 2495 695 2577 [p.
713 2494 763 2571 10,
776 2493 799 2556 4
812 2495 884 2577 sq.]‚
906 2494 941 2557 in
964 2493 1112 2576 sphaeris

102 2683 154 2753 τὴν
178 2687 251 2740 δυνα
273 2682 340 2752 ένην
368 2678 434 2752 (τὴν
453 2684 515 2737 δυν.
533 2701 587 2739 om.
610 2683 650 2754 V)
674 2682 706 2739 τὸ
730 2680 788 2738 ἀπὸ
813 2681 859 2754 (τὸ
878 2679 936 2738 ἀπό
957 2702 1112 2753 suprascr.

103 2772 140 2808 m.
156 2760 171 2807 1
186 2756 221 2823 V,
260 2754 305 2809 ein
320 2754 384 2810 add.
398 2754 448 2822 τῆς
467 2754 627 2824 δυναμένης
646 2752 678 2810 τὸ
697 2751 766 2824 cirri)
785 2756 835 2822 τῆς
852 2750 918 2822 ὅλης
936 2754 984 2814 καὶ
1002 2751 1034 2809 τὸ
1054 2751 1111 2811 ἀπὸ

105 2825 157 2878 τοῦ
176 2820 324 2888 ἐλάσσονος
342 2821 506 2893 (ἐλάττονος
524 2826 562 2893 Ρ)
588 2824 730 2897 τμήματος
751 2825 863 2882 PBVv.
954 2836 979 2884 6.
1003 2821 1034 2879 τδ
1055 2820 1111 2881 ἀπὸ

105 2893 167 2965 τῆς]
186 2893 328 2964 cornino}
347 2896 381 2952 V.
450 2896 491 2967 H]
512 2898 544 2948 Ν
560 2899 590 2950 Ρ.
662 2893 694 2950 τὸ
714 2893 771 2952 ἀπὸ
792 2896 852 2967 τῆς]
872 2912 941 2954 οοιι.
961 2899 991 2952 in
1009 2893 1061 2964 τήν
1078 2897 1113 2954 V.

142 2971 166 3020 7.
186 2958 305 3027 εὐθείας
321 2963 502 3036 ἡσδηττοτοῦν
522 2966 634 3021 PBVv.
706 2964 737 3021 τὸ
757 2963 814 3022 ἀπὸ
833 2968 884 3035 τῆς
902 2964 1073 3039 δυναμένης]
1093 2965 1111 3038 ἡ

104 3033 253 3122 δυναμένη
265 3035 377 3094 PBVv.
431 3042 455 3090 8.
474 3037 535 3107 τῆς]
551 3038 622 3106 (alt.)
638 3053 690 3092 om.
705 3038 742 3093 M.
802 3045 826 3095 9.
846 3035 878 3092 τὸ
893 3033 951 3096 ἀπὸ
965 3041 1014 3109 τῆς
1028 3041 1113 3094 δυνα-

104 3106 204 3180 μένης]
222 3126 275 3177 την
294 3106 590 3179 δυναμένηνΡΒΡν.
663 3104 710 3179 τό]
729 3105 800 3178 πρὸς
817 3105 850 3164 τό
868 3108 898 3165 P.
972 3117 1013 3166 10.
1033 3107 1113 3166 ἐλάσ-

101 3196 183 3243 σονος
200 3178 256 3235 Bv.
341 3185 382 3235 14.
403 3177 519 3233 ἔλασσον
537 3177 591 3232 Bv.
676 3184 717 3233 15.
743 3174 866 3250 πλευρά]
887 3199 940 3237 om.
960 3183 993 3237 V.
1071 3189 1113 3240 16.

100 3246 228 3319 πλευράν
270 3267 325 3306 om.
345 3248 456 3303 PBVv.
529 3245 635 3320 αὐτήν]
660 3266 713 3304 om.
732 3248 762 3304 P.
845 3250 940 3307 1r.o'
963 3254 992 3309 P.
1065 3256 1114 3309 καὶ

98 3319 229 3376 δεικτέον
266 3319 395 3375 δεικτέον
414 3315 449 3388 δὴ
468 3323 522 3372 νῦν
541 3319 653 3376 PBVv.
726 3326 769 3375 20.
789 3321 860 3392 ἴσοι]
880 3325 923 3378 i'so
942 3323 972 3377 P.
1035 3344 1113 3394 περι-

97 3388 295 3464 λαμβάνουσιν
313 3392 350 3458 Β,
374 3386 707 3461 ὑπερλαμβανομενουσιν
726 3389 756 3446 οἷ
772 3392 836 3461 (del.
855 3411 891 3448 m.
912 3398 937 3465 1)
962 3396 992 3452 P.
1070 3401 1112 3451 21.

96 3482 225 3533 τργωνον
243 3462 274 3518 Ρ.
348 3466 391 3514 22.
412 3459 467 3530 εἰς]
487 3478 529 3525 οις
546 3461 576 3516 Ρ.
