<?xml version="1.0" encoding="UTF-8"?>
<!DOCTYPE html PUBLIC "-//W3C//DTD XHTML 1.0 Transitional//EN"
    "http://www.w3.org/TR/xhtml1/DTD/xhtml1-transitional.dtd">
<html xmlns="http://www.w3.org/1999/xhtml" xml:lang="en" lang="en">
 <head>
  <title>
</title>
<meta http-equiv="Content-Type" content="text/html;charset=utf-8" />
  <meta name='ocr-system' content='tesseract 3.04.00' />
  <meta name='ocr-capabilities' content='ocr_page ocr_carea ocr_par ocr_line ocrx_word'/>
</head>
<body>
  <div class='ocr_page' id='page_1' title='image "./euclidisoperaom02unkngoog_0852.png"; bbox 0 0 2332 3818; ppageno 0'>
   <div class='ocr_carea' id='block_1_1' title="bbox 321 145 1079 210">
    <p class='ocr_par' dir='ltr' id='par_1_1' title="bbox 321 145 1079 210">
     <span class='ocr_line' id='line_1_1' title="bbox 321 145 1079 210; baseline 0.005 -6"><span class='ocrx_word' id='word_1_1' title='bbox 321 150 505 204; x_wconf 78' lang='lat' dir='ltr'>APPENDIX</span> <span class='ocrx_word' id='word_1_2' title='bbox 523 148 761 202; x_wconf 79' lang='lat' dir='ltr'>SOHOLIORUM</span> <span class='ocrx_word' id='word_1_3' title='bbox 778 148 825 202; x_wconf 86' lang='lat' dir='ltr'><strong><em>IV.</em></strong></span> <span class='ocrx_word' id='word_1_4' title='bbox 1014 145 1079 210; x_wconf 79' lang='grc'><strong><em>735</em></strong></span> 
     </span>
    </p>
   </div>
   <div class='ocr_carea' id='block_1_2' title="bbox 41 284 1079 599">
    <p class='ocr_par' dir='ltr' id='par_1_2' title="bbox 41 284 1079 599">
     <span class='ocr_line' id='line_1_2' title="bbox 57 284 1079 383; baseline -0.012 -16"><span class='ocrx_word' id='word_1_5' title='bbox 57 294 275 383; x_wconf 72' lang='grc' dir='ltr'><strong><em>τετραγώνου</em></strong></span> <span class='ocrx_word' id='word_1_6' title='bbox 307 300 380 372; x_wconf 77' lang='grc' dir='ltr'><strong><em>ἶσος</em></strong></span> <span class='ocrx_word' id='word_1_7' title='bbox 411 287 481 359; x_wconf 74' lang='grc' dir='ltr'><strong><em>ἐστὶ</em></strong></span> <span class='ocrx_word' id='word_1_8' title='bbox 513 293 560 382; x_wconf 77' lang='grc' dir='ltr'><strong><em>τῷ</em></strong></span> <span class='ocrx_word' id='word_1_9' title='bbox 588 290 641 370; x_wconf 70' lang='grc' dir='ltr'><strong><em>δὶς</em></strong></span> <span class='ocrx_word' id='word_1_10' title='bbox 668 288 704 358; x_wconf 81' lang='grc' dir='ltr'><strong><em>ἐκ</em></strong></span> <span class='ocrx_word' id='word_1_11' title='bbox 730 291 792 357; x_wconf 84' lang='grc' dir='ltr'><strong><em>τοῦ</em></strong></span> <span class='ocrx_word' id='word_1_12' title='bbox 820 284 903 356; x_wconf 79' lang='grc' dir='ltr'><em>ὅλου</em></span> <span class='ocrx_word' id='word_1_13' title='bbox 934 288 990 355; x_wconf 82' lang='grc' dir='ltr'><strong><em>καὶ</em></strong></span> <span class='ocrx_word' id='word_1_14' title='bbox 1017 291 1079 356; x_wconf 84' lang='grc' dir='ltr'><strong><em>τοῦ</em></strong></span> 
     </span>
     <span class='ocr_line' id='line_1_3' title="bbox 41 390 1079 493; baseline -0.013 -19"><span class='ocrx_word' id='word_1_15' title='bbox 41 404 244 492; x_wconf 78' lang='grc' dir='ltr'><strong><em>,εἰρημένον</em></strong></span> <span class='ocrx_word' id='word_1_16' title='bbox 267 399 391 487; x_wconf 77' lang='grc' dir='ltr'><em>μέρους</em></span> <span class='ocrx_word' id='word_1_17' title='bbox 413 394 558 488; x_wconf 82' lang='grc' dir='ltr'><strong><em>ἐπιπέδῳ</em></strong></span> <span class='ocrx_word' id='word_1_18' title='bbox 587 394 668 483; x_wconf 86' lang='grc' dir='ltr'><strong><em>μετά</em></strong></span> <span class='ocrx_word' id='word_1_19' title='bbox 697 397 758 464; x_wconf 79' lang='grc' dir='ltr'><strong><em>τοῦ</em></strong></span> <span class='ocrx_word' id='word_1_20' title='bbox 785 390 934 462; x_wconf 78' lang='grc' dir='ltr'><strong><em>ἀπὸτοῦ</em></strong></span> <span class='ocrx_word' id='word_1_21' title='bbox 958 396 1079 493; x_wconf 80' lang='grc' dir='ltr'><strong><em>λοιποῦ</em></strong></span> 
     </span>
     <span class='ocr_line' id='line_1_4' title="bbox 58 500 774 599; baseline -0.011 -23"><span class='ocrx_word' id='word_1_22' title='bbox 58 510 186 599; x_wconf 75' lang='grc' dir='ltr'><strong><em>μέρους</em></strong></span> <span class='ocrx_word' id='word_1_23' title='bbox 208 503 433 592; x_wconf 75' lang='grc' dir='ltr'><strong><em>τετραγώνου·</em></strong></span> <span class='ocrx_word' id='word_1_24' title='bbox 462 500 544 590; x_wconf 83' lang='grc' dir='ltr'><strong><em>ὅπερ</em></strong></span> <span class='ocrx_word' id='word_1_25' title='bbox 567 505 636 570; x_wconf 81' lang='grc' dir='ltr'><strong><em>ἔδει</em></strong></span> <span class='ocrx_word' id='word_1_26' title='bbox 659 503 774 582; x_wconf 79' lang='grc' dir='ltr'><strong><em>δεῖξαι.</em></strong></span> 
     </span>
    </p>
   </div>
   <div class='ocr_carea' id='block_1_3' title="bbox 17 722 1135 3565">
    <p class='ocr_par' dir='ltr' id='par_1_3' title="bbox 548 722 593 782">
     <span class='ocr_line' id='line_1_5' title="bbox 548 722 593 782; baseline 0 -17"><span class='ocrx_word' id='word_1_27' title='bbox 548 722 593 782; x_wconf 83' lang='grc' dir='ltr'><strong><em>η.</em></strong></span> 
     </span>
    </p>

    <p class='ocr_par' dir='ltr' id='par_1_4' title="bbox 57 815 1132 1339">
     <span class='ocr_line' id='line_1_6' title="bbox 129 815 1132 908; baseline -0.007 -16"><span class='ocrx_word' id='word_1_28' title='bbox 129 820 208 892; x_wconf 81' lang='grc' dir='ltr'><strong><em>Ἐάν</em></strong></span> <span class='ocrx_word' id='word_1_29' title='bbox 222 819 370 908; x_wconf 73' lang='grc' dir='ltr'><strong><em>άριδμὸς</em></strong></span> <span class='ocrx_word' id='word_1_30' title='bbox 384 825 432 900; x_wconf 82' lang='grc' dir='ltr'><strong><em>εἰς</em></strong></span> <span class='ocrx_word' id='word_1_31' title='bbox 447 818 510 889; x_wconf 86' lang='grc' dir='ltr'><strong><em>δύο</em></strong></span> <span class='ocrx_word' id='word_1_32' title='bbox 525 816 694 908; x_wconf 78' lang='grc' dir='ltr'><strong><em>ἀριθμοὺς</em></strong></span> <span class='ocrx_word' id='word_1_33' title='bbox 709 821 877 906; x_wconf 73' lang='grc' dir='ltr'><em>διαιρεθῇ,</em></span> <span class='ocrx_word' id='word_1_34' title='bbox 898 815 916 886; x_wconf 88' lang='grc' dir='ltr'><strong>ὁ</strong></span> <span class='ocrx_word' id='word_1_35' title='bbox 930 816 1079 905; x_wconf 87' lang='grc' dir='ltr'><strong><em>τετράκις</em></strong></span> <span class='ocrx_word' id='word_1_36' title='bbox 1115 833 1132 885; x_wconf 80' lang='grc' dir='ltr'><em>ο</em></span> 
     </span>
     <span class='ocr_line' id='line_1_7' title="bbox 57 922 1079 1014; baseline -0.005 -16"><span class='ocrx_word' id='word_1_37' title='bbox 57 927 99 1000; x_wconf 81' lang='grc' dir='ltr'><strong><em>ἐκ</em></strong></span> <span class='ocrx_word' id='word_1_38' title='bbox 122 939 184 997; x_wconf 88' lang='grc' dir='ltr'><strong><em>τοῦ</em></strong></span> <span class='ocrx_word' id='word_1_39' title='bbox 207 925 291 997; x_wconf 79' lang='grc' dir='ltr'><strong><em>ὅλου</em></strong></span> <span class='ocrx_word' id='word_1_40' title='bbox 318 927 374 995; x_wconf 83' lang='grc' dir='ltr'><strong><em>καὶ</em></strong></span> <span class='ocrx_word' id='word_1_41' title='bbox 402 926 478 1006; x_wconf 84' lang='grc' dir='ltr'><strong><em>ἑνὸς</em></strong></span> <span class='ocrx_word' id='word_1_42' title='bbox 505 929 574 994; x_wconf 85' lang='grc' dir='ltr'><strong><em>τών</em></strong></span> <span class='ocrx_word' id='word_1_43' title='bbox 602 930 713 1014; x_wconf 83' lang='grc' dir='ltr'><strong><em>μερών</em></strong></span> <span class='ocrx_word' id='word_1_44' title='bbox 735 923 891 1005; x_wconf 80' lang='grc' dir='ltr'><strong><em>ἐπίπεδος</em></strong></span> <span class='ocrx_word' id='word_1_45' title='bbox 912 922 994 1011; x_wconf 87' lang='grc' dir='ltr'><strong><em>μετὰ</em></strong></span> <span class='ocrx_word' id='word_1_46' title='bbox 1017 929 1079 993; x_wconf 83' lang='grc' dir='ltr'><strong><em>τοῦ</em></strong></span> 
     </span>
     <span class='ocr_line' id='line_1_8' title="bbox 60 1028 1078 1122; baseline -0.005 -18"><span class='ocrx_word' id='word_1_47' title='bbox 60 1033 130 1104; x_wconf 81' lang='grc' dir='ltr'><strong><em>άπὸ</em></strong></span> <span class='ocrx_word' id='word_1_48' title='bbox 153 1038 218 1104; x_wconf 84' lang='grc' dir='ltr'><strong><em>τοῦ</em></strong></span> <span class='ocrx_word' id='word_1_49' title='bbox 239 1038 360 1103; x_wconf 78' lang='grc' dir='ltr'><em>λοιποῦ</em></span> <span class='ocrx_word' id='word_1_50' title='bbox 383 1033 507 1122; x_wconf 80' lang='grc' dir='ltr'><em>μέρους</em></span> <span class='ocrx_word' id='word_1_51' title='bbox 528 1033 742 1120; x_wconf 76' lang='grc' dir='ltr'><strong><em>τετραγώνου</em></strong></span> <span class='ocrx_word' id='word_1_52' title='bbox 765 1041 837 1111; x_wconf 79' lang='grc' dir='ltr'><strong><em>ἴσος</em></strong></span> <span class='ocrx_word' id='word_1_53' title='bbox 860 1028 930 1100; x_wconf 79' lang='grc' dir='ltr'><strong><em>ἐστὶ</em></strong></span> <span class='ocrx_word' id='word_1_54' title='bbox 948 1034 994 1121; x_wconf 76' lang='grc' dir='ltr'><strong><em>τῷ</em></strong></span> <span class='ocrx_word' id='word_1_55' title='bbox 1013 1028 1078 1099; x_wconf 87' lang='grc' dir='ltr'><strong><em>άπὸ</em></strong></span> 
     </span>
     <span class='ocr_line' id='line_1_9' title="bbox 60 1136 1080 1226; baseline -0.004 -16"><span class='ocrx_word' id='word_1_56' title='bbox 60 1145 127 1211; x_wconf 86' lang='grc' dir='ltr'><strong><em>τοῦ</em></strong></span> <span class='ocrx_word' id='word_1_57' title='bbox 149 1139 232 1210; x_wconf 77' lang='grc' dir='ltr'><em>ὅλου</em></span> <span class='ocrx_word' id='word_1_58' title='bbox 253 1141 310 1209; x_wconf 87' lang='grc' dir='ltr'><strong><em>καὶ</em></strong></span> <span class='ocrx_word' id='word_1_59' title='bbox 336 1151 399 1208; x_wconf 87' lang='grc' dir='ltr'><strong><em>τοῦ</em></strong></span> <span class='ocrx_word' id='word_1_60' title='bbox 425 1140 671 1226; x_wconf 84' lang='grc' dir='ltr'><strong><em>προειρημένου</em></strong></span> <span class='ocrx_word' id='word_1_61' title='bbox 698 1141 821 1226; x_wconf 83' lang='grc' dir='ltr'><strong><em>μέρους</em></strong></span> <span class='ocrx_word' id='word_1_62' title='bbox 849 1136 893 1219; x_wconf 78' lang='grc' dir='ltr'><strong><em>ὡς</em></strong></span> <span class='ocrx_word' id='word_1_63' title='bbox 916 1136 975 1226; x_wconf 78' lang='grc' dir='ltr'><strong><em>ἀφ’</em></strong></span> <span class='ocrx_word' id='word_1_64' title='bbox 1001 1136 1080 1218; x_wconf 71' lang='grc' dir='ltr'><strong><em>ἑνὸς</em></strong></span> 
     </span>
     <span class='ocr_line' id='line_1_10' title="bbox 59 1246 268 1339; baseline -0.005 -21"><span class='ocrx_word' id='word_1_65' title='bbox 59 1246 268 1339; x_wconf 86' lang='grc' dir='ltr'><strong><em>τετραγώνῳ.</em></strong></span> 
     </span>
    </p>

    <p class='ocr_par' dir='ltr' id='par_1_5' title="bbox 61 1349 1133 1760">
     <span class='ocr_line' id='line_1_11' title="bbox 133 1349 1133 1441; baseline -0.006 -20"><span class='ocrx_word' id='word_1_66' title='bbox 133 1350 282 1441; x_wconf 83' lang='grc' dir='ltr'><strong><em>άριθμὸς</em></strong></span> <span class='ocrx_word' id='word_1_67' title='bbox 308 1350 374 1438; x_wconf 83' lang='grc' dir='ltr'><strong><em>γάρ</em></strong></span> <span class='ocrx_word' id='word_1_68' title='bbox 406 1350 424 1420; x_wconf 88' lang='grc' dir='ltr'>ὁ</span> <span class='ocrx_word' id='word_1_69' title='bbox 453 1357 496 1438; x_wconf 82' lang='grc' dir='ltr'><strong><em>αβ</em></strong></span> <span class='ocrx_word' id='word_1_70' title='bbox 525 1351 701 1441; x_wconf 74' lang='grc' dir='ltr'><strong><em>διῃρήσθω</em></strong></span> <span class='ocrx_word' id='word_1_71' title='bbox 735 1355 781 1429; x_wconf 76' lang='grc' dir='ltr'><strong><em>εἰς</em></strong></span> <span class='ocrx_word' id='word_1_72' title='bbox 813 1352 877 1418; x_wconf 82' lang='grc' dir='ltr'><strong><em>δύο</em></strong></span> <span class='ocrx_word' id='word_1_73' title='bbox 910 1349 1080 1438; x_wconf 82' lang='grc' dir='ltr'><strong><em>άριθμοὺς</em></strong></span> <span class='ocrx_word' id='word_1_74' title='bbox 1099 1364 1133 1415; x_wconf 85' lang='grc'><strong><em>10</em></strong></span> 
     </span>
     <span class='ocr_line' id='line_1_12' title="bbox 62 1453 1080 1546; baseline -0.003 -17"><span class='ocrx_word' id='word_1_75' title='bbox 62 1457 146 1538; x_wconf 81' lang='grc' dir='ltr'><strong><em>τοὺς</em></strong></span> <span class='ocrx_word' id='word_1_76' title='bbox 163 1487 216 1546; x_wconf 88' lang='grc' dir='ltr'><strong><em>αγ,</em></strong></span> <span class='ocrx_word' id='word_1_77' title='bbox 230 1464 284 1546; x_wconf 85' lang='grc' dir='ltr'><strong><em>γβ.</em></strong></span> <span class='ocrx_word' id='word_1_78' title='bbox 314 1460 412 1545; x_wconf 81' lang='grc' dir='ltr'><strong><em>λέγω,</em></strong></span> <span class='ocrx_word' id='word_1_79' title='bbox 436 1456 487 1527; x_wconf 83' lang='grc' dir='ltr'><strong><em>ὅτι</em></strong></span> <span class='ocrx_word' id='word_1_80' title='bbox 507 1456 525 1526; x_wconf 84' lang='grc' dir='ltr'>ὁ</span> <span class='ocrx_word' id='word_1_81' title='bbox 544 1457 695 1545; x_wconf 79' lang='grc' dir='ltr'><strong><em>τετράκις</em></strong></span> <span class='ocrx_word' id='word_1_82' title='bbox 717 1453 754 1525; x_wconf 80' lang='grc' dir='ltr'><strong><em>ἔκ</em></strong></span> <span class='ocrx_word' id='word_1_83' title='bbox 777 1460 845 1525; x_wconf 82' lang='grc' dir='ltr'><strong><em>τώυ</em></strong></span> <span class='ocrx_word' id='word_1_84' title='bbox 864 1462 919 1542; x_wconf 82' lang='grc' dir='ltr'><strong><em>νβ,</em></strong></span> <span class='ocrx_word' id='word_1_85' title='bbox 933 1465 976 1545; x_wconf 80' lang='grc' dir='ltr'><strong><em>βγ</em></strong></span> <span class='ocrx_word' id='word_1_86' title='bbox 999 1456 1080 1545; x_wconf 86' lang='grc' dir='ltr'><strong><em>μετά</em></strong></span> 
     </span>
     <span class='ocr_line' id='line_1_13' title="bbox 61 1562 1079 1659; baseline -0.003 -23"><span class='ocrx_word' id='word_1_87' title='bbox 61 1569 125 1636; x_wconf 83' lang='grc' dir='ltr'><strong><em>τοῦ</em></strong></span> <span class='ocrx_word' id='word_1_88' title='bbox 157 1563 223 1634; x_wconf 89' lang='grc' dir='ltr'><strong><em>άπὸ</em></strong></span> <span class='ocrx_word' id='word_1_89' title='bbox 256 1570 317 1635; x_wconf 85' lang='grc' dir='ltr'><strong><em>τοῦ</em></strong></span> <span class='ocrx_word' id='word_1_90' title='bbox 346 1593 389 1651; x_wconf 88' lang='grc' dir='ltr'><strong><em>οιγ</em></strong></span> <span class='ocrx_word' id='word_1_91' title='bbox 415 1564 628 1649; x_wconf 81' lang='grc' dir='ltr'><strong><em>τετραγώνου</em></strong></span> <span class='ocrx_word' id='word_1_92' title='bbox 655 1572 727 1643; x_wconf 77' lang='grc' dir='ltr'><strong><em>ἴσος</em></strong></span> <span class='ocrx_word' id='word_1_93' title='bbox 755 1562 825 1632; x_wconf 81' lang='grc' dir='ltr'><strong><em>ἐστὶ</em></strong></span> <span class='ocrx_word' id='word_1_94' title='bbox 852 1574 897 1656; x_wconf 76' lang='grc' dir='ltr'><strong><em>τῷ</em></strong></span> <span class='ocrx_word' id='word_1_95' title='bbox 925 1563 989 1632; x_wconf 87' lang='grc' dir='ltr'><strong><em>άπὸ</em></strong></span> <span class='ocrx_word' id='word_1_96' title='bbox 1018 1568 1079 1659; x_wconf 69' lang='grc' dir='ltr'><strong><em>τοῦ</em></strong></span> 
     </span>
     <span class='ocr_line' id='line_1_14' title="bbox 63 1668 655 1760; baseline -0.01 -19"><span class='ocrx_word' id='word_1_97' title='bbox 63 1678 119 1758; x_wconf 85' lang='grc' dir='ltr'><strong><em>αβ,</em></strong></span> <span class='ocrx_word' id='word_1_98' title='bbox 134 1677 177 1757; x_wconf 82' lang='grc' dir='ltr'><strong><em>βγ</em></strong></span> <span class='ocrx_word' id='word_1_99' title='bbox 200 1670 245 1752; x_wconf 77' lang='grc' dir='ltr'><strong><em>ὡς</em></strong></span> <span class='ocrx_word' id='word_1_100' title='bbox 266 1668 328 1759; x_wconf 79' lang='grc' dir='ltr'><strong><em>ἀφ’</em></strong></span> <span class='ocrx_word' id='word_1_101' title='bbox 349 1668 427 1750; x_wconf 77' lang='grc' dir='ltr'><strong><em>ἓυὸς</em></strong></span> <span class='ocrx_word' id='word_1_102' title='bbox 449 1670 655 1760; x_wconf 76' lang='grc' dir='ltr'><strong><em>τετραγώνῳ.</em></strong></span> 
     </span>
    </p>

    <p class='ocr_par' dir='ltr' id='par_1_6' title="bbox 132 1772 1079 1867">
     <span class='ocr_line' id='line_1_15' title="bbox 132 1772 1079 1867; baseline 0 -23"><span class='ocrx_word' id='word_1_103' title='bbox 132 1781 257 1844; x_wconf 83' lang='grc' dir='ltr'><strong><em>κείσθω</em></strong></span> <span class='ocrx_word' id='word_1_104' title='bbox 285 1805 351 1864; x_wconf 90' lang='grc' dir='ltr'><strong><em>γοιρ</em></strong></span> <span class='ocrx_word' id='word_1_105' title='bbox 378 1780 424 1867; x_wconf 79' lang='grc' dir='ltr'><strong><em>τῷ</em></strong></span> <span class='ocrx_word' id='word_1_106' title='bbox 453 1781 496 1861; x_wconf 85' lang='grc' dir='ltr'><strong><em>βγ</em></strong></span> <span class='ocrx_word' id='word_1_107' title='bbox 524 1772 660 1866; x_wconf 74' lang='grc' dir='ltr'><strong><em>ἀριθμῷ</em></strong></span> <span class='ocrx_word' id='word_1_108' title='bbox 690 1782 762 1855; x_wconf 77' lang='grc' dir='ltr'><strong><em>ἴσος</em></strong></span> <span class='ocrx_word' id='word_1_109' title='bbox 790 1773 882 1861; x_wconf 85' lang='grc' dir='ltr'><strong><em>ὁβδ.</em></strong></span> <span class='ocrx_word' id='word_1_110' title='bbox 923 1777 980 1843; x_wconf 82' lang='grc' dir='ltr'><strong><em>καὶ</em></strong></span> <span class='ocrx_word' id='word_1_111' title='bbox 1008 1775 1079 1844; x_wconf 73' lang='grc' dir='ltr'><strong><em>ἐπεὶ</em></strong></span> 
     </span>
    </p>

    <p class='ocr_par' dir='ltr' id='par_1_7' title="bbox 17 1879 1135 3352">
     <span class='ocr_line' id='line_1_16' title="bbox 63 1879 1134 1968; baseline -0.007 -15"><span class='ocrx_word' id='word_1_112' title='bbox 63 1881 83 1953; x_wconf 85' lang='grc' dir='ltr'>ὁ</span> <span class='ocrx_word' id='word_1_113' title='bbox 108 1881 174 1952; x_wconf 88' lang='grc' dir='ltr'><strong><em>άπδ</em></strong></span> <span class='ocrx_word' id='word_1_114' title='bbox 198 1888 261 1952; x_wconf 82' lang='grc' dir='ltr'><strong><em>τοῦ</em></strong></span> <span class='ocrx_word' id='word_1_115' title='bbox 284 1888 328 1951; x_wconf 89' lang='grc' dir='ltr'><strong><em>αδ</em></strong></span> <span class='ocrx_word' id='word_1_116' title='bbox 356 1892 428 1962; x_wconf 74' lang='grc' dir='ltr'><strong><em>ἴσος</em></strong></span> <span class='ocrx_word' id='word_1_117' title='bbox 455 1880 526 1950; x_wconf 78' lang='grc' dir='ltr'><strong><em>ἐστὶ</em></strong></span> <span class='ocrx_word' id='word_1_118' title='bbox 553 1894 624 1959; x_wconf 79' lang='grc' dir='ltr'><strong><em>τοῖς</em></strong></span> <span class='ocrx_word' id='word_1_119' title='bbox 650 1879 717 1949; x_wconf 87' lang='grc' dir='ltr'><strong><em>άπὸ</em></strong></span> <span class='ocrx_word' id='word_1_120' title='bbox 741 1886 809 1951; x_wconf 83' lang='grc' dir='ltr'><strong><em>τών</em></strong></span> <span class='ocrx_word' id='word_1_121' title='bbox 833 1887 887 1967; x_wconf 77' lang='grc' dir='ltr'><strong><em>οιβ,</em></strong></span> <span class='ocrx_word' id='word_1_122' title='bbox 902 1886 947 1968; x_wconf 81' lang='grc' dir='ltr'><strong><em>βδ</em></strong></span> <span class='ocrx_word' id='word_1_123' title='bbox 967 1908 1079 1968; x_wconf 87' lang='grc' dir='ltr'><strong><em>τετρα-</em></strong></span> <span class='ocrx_word' id='word_1_124' title='bbox 1100 1895 1134 1946; x_wconf 79' lang='lat'><strong><em>15</em></strong></span> 
     </span>
     <span class='ocr_line' id='line_1_17' title="bbox 17 1985 1079 2096; baseline -0.001 -40"><span class='ocrx_word' id='word_1_125' title='bbox 17 1985 22 1993; x_wconf 65' lang='grc'>’</span> <span class='ocrx_word' id='word_1_126' title='bbox 62 2037 111 2081; x_wconf 80' lang='lat' dir='ltr'><strong><em>a·</em></strong></span> <span class='ocrx_word' id='word_1_127' title='bbox 288 2044 304 2092; x_wconf 61' lang='grc' dir='ltr'><strong><em>γ</em></strong></span> <span class='ocrx_word' id='word_1_128' title='bbox 422 2027 439 2096; x_wconf 64' lang='grc' dir='ltr'>β</span> <span class='ocrx_word' id='word_1_129' title='bbox 560 2025 578 2077; x_wconf 63' lang='lat'><em>0</em></span> <span class='ocrx_word' id='word_1_130' title='bbox 614 1986 736 2072; x_wconf 84' lang='grc' dir='ltr'><strong><em>γώυοις</em></strong></span> <span class='ocrx_word' id='word_1_131' title='bbox 754 1987 810 2054; x_wconf 80' lang='grc' dir='ltr'><strong><em>καὶ</em></strong></span> <span class='ocrx_word' id='word_1_132' title='bbox 828 1993 873 2080; x_wconf 77' lang='grc' dir='ltr'><strong><em>τῷ</em></strong></span> <span class='ocrx_word' id='word_1_133' title='bbox 893 1988 946 2066; x_wconf 84' lang='grc' dir='ltr'><strong><em>δὶς</em></strong></span> <span class='ocrx_word' id='word_1_134' title='bbox 960 1985 997 2056; x_wconf 76' lang='grc' dir='ltr'><strong><em>ἐκ</em></strong></span> <span class='ocrx_word' id='word_1_135' title='bbox 1010 1999 1079 2056; x_wconf 80' lang='grc' dir='ltr'><strong><em>τῶν</em></strong></span> 
     </span>
     <span class='ocr_line' id='line_1_18' title="bbox 73 2090 1079 2184; baseline -0.002 -22"><span class='ocrx_word' id='word_1_136' title='bbox 73 2093 572 2134; x_wconf 30' lang='grc' dir='ltr'>ι-*ῑ-’μ-Ἰ</span> <span class='ocrx_word' id='word_1_137' title='bbox 614 2099 668 2179; x_wconf 80' lang='grc' dir='ltr'><strong><em>αβ,</em></strong></span> <span class='ocrx_word' id='word_1_138' title='bbox 683 2097 726 2179; x_wconf 81' lang='grc' dir='ltr'><strong><em>βδ</em></strong></span> <span class='ocrx_word' id='word_1_139' title='bbox 745 2091 899 2184; x_wconf 77' lang='grc' dir='ltr'><strong><em>ἐπιπέδῳ,</em></strong></span> <span class='ocrx_word' id='word_1_140' title='bbox 918 2098 977 2160; x_wconf 87' lang='grc' dir='ltr'><strong><em>καί</em></strong></span> <span class='ocrx_word' id='word_1_141' title='bbox 989 2090 1079 2160; x_wconf 71' lang='grc' dir='ltr'><strong><em>ἐστιν</em></strong></span> 
     </span>
     <span class='ocr_line' id='line_1_19' title="bbox 66 2196 1080 2294; baseline -0.005 -22"><span class='ocrx_word' id='word_1_142' title='bbox 66 2201 85 2272; x_wconf 85' lang='grc' dir='ltr'><strong><em>δ</em></strong></span> <span class='ocrx_word' id='word_1_143' title='bbox 108 2205 153 2287; x_wconf 84' lang='grc' dir='ltr'><strong><em>βδ</em></strong></span> <span class='ocrx_word' id='word_1_144' title='bbox 177 2209 249 2282; x_wconf 79' lang='grc' dir='ltr'><strong><em>ἴσος</em></strong></span> <span class='ocrx_word' id='word_1_145' title='bbox 271 2206 317 2294; x_wconf 78' lang='grc' dir='ltr'><strong><em>τῷ</em></strong></span> <span class='ocrx_word' id='word_1_146' title='bbox 335 2208 389 2289; x_wconf 88' lang='grc' dir='ltr'><strong><em>βγ,</em></strong></span> <span class='ocrx_word' id='word_1_147' title='bbox 414 2207 504 2270; x_wconf 82' lang='grc' dir='ltr'><strong><em>ἔστιν</em></strong></span> <span class='ocrx_word' id='word_1_148' title='bbox 523 2198 590 2288; x_wconf 86' lang='grc' dir='ltr'><strong><em>άρα</em></strong></span> <span class='ocrx_word' id='word_1_149' title='bbox 609 2197 627 2267; x_wconf 88' lang='grc' dir='ltr'><strong>ὁ</strong></span> <span class='ocrx_word' id='word_1_150' title='bbox 646 2196 711 2266; x_wconf 91' lang='grc' dir='ltr'><strong><em>άπὸ</em></strong></span> <span class='ocrx_word' id='word_1_151' title='bbox 730 2204 800 2272; x_wconf 84' lang='grc' dir='ltr'><strong><em>τοῦ,</em></strong></span> <span class='ocrx_word' id='word_1_152' title='bbox 811 2203 854 2266; x_wconf 93' lang='grc' dir='ltr'><strong><em>αδ</em></strong></span> <span class='ocrx_word' id='word_1_153' title='bbox 873 2198 1080 2286; x_wconf 86' lang='grc' dir='ltr'><strong><em>τετράγωνος</em></strong></span> 
     </span>
     <span class='ocr_line' id='line_1_20' title="bbox 64 2305 1079 2398; baseline -0.003 -21"><span class='ocrx_word' id='word_1_154' title='bbox 64 2316 139 2388; x_wconf 76' lang='grc' dir='ltr'><strong><em>ἴσος</em></strong></span> <span class='ocrx_word' id='word_1_155' title='bbox 160 2321 231 2388; x_wconf 78' lang='grc' dir='ltr'><strong><em>τοῖς</em></strong></span> <span class='ocrx_word' id='word_1_156' title='bbox 254 2305 319 2377; x_wconf 88' lang='grc' dir='ltr'><strong><em>άπὸ</em></strong></span> <span class='ocrx_word' id='word_1_157' title='bbox 343 2313 411 2378; x_wconf 87' lang='grc' dir='ltr'><strong><em>τών</em></strong></span> <span class='ocrx_word' id='word_1_158' title='bbox 434 2313 488 2394; x_wconf 80' lang='grc' dir='ltr'><strong><em>αβ,</em></strong></span> <span class='ocrx_word' id='word_1_159' title='bbox 507 2312 550 2393; x_wconf 80' lang='grc' dir='ltr'><strong><em>βγ</em></strong></span> <span class='ocrx_word' id='word_1_160' title='bbox 578 2307 798 2393; x_wconf 82' lang='grc' dir='ltr'><strong><em>τετραγώνοις</em></strong></span> <span class='ocrx_word' id='word_1_161' title='bbox 820 2307 876 2373; x_wconf 79' lang='grc' dir='ltr'><strong><em>καὶ</em></strong></span> <span class='ocrx_word' id='word_1_162' title='bbox 898 2311 943 2398; x_wconf 81' lang='grc' dir='ltr'><strong><em>τῷ</em></strong></span> <span class='ocrx_word' id='word_1_163' title='bbox 969 2308 1020 2386; x_wconf 81' lang='grc' dir='ltr'><strong><em>δὶς</em></strong></span> <span class='ocrx_word' id='word_1_164' title='bbox 1043 2306 1079 2374; x_wconf 76' lang='grc' dir='ltr'><strong><em>ἐκ</em></strong></span> 
     </span>
     <span class='ocr_line' id='line_1_21' title="bbox 64 2410 1135 2505; baseline -0.006 -22"><span class='ocrx_word' id='word_1_165' title='bbox 64 2419 134 2484; x_wconf 82' lang='grc' dir='ltr'><strong><em>τών</em></strong></span> <span class='ocrx_word' id='word_1_166' title='bbox 161 2421 221 2501; x_wconf 83' lang='grc' dir='ltr'><strong><em>αβ,</em></strong></span> <span class='ocrx_word' id='word_1_167' title='bbox 239 2420 283 2501; x_wconf 84' lang='grc' dir='ltr'><strong><em>βγ</em></strong></span> <span class='ocrx_word' id='word_1_168' title='bbox 310 2416 464 2505; x_wconf 77' lang='grc' dir='ltr'><strong><em>ἐπιπέδῳ.</em></strong></span> <span class='ocrx_word' id='word_1_169' title='bbox 509 2411 550 2481; x_wconf 84' lang='grc' dir='ltr'><strong><em>τά</em></strong></span> <span class='ocrx_word' id='word_1_170' title='bbox 579 2412 617 2481; x_wconf 70' lang='grc' dir='ltr'><strong><em>δὲ</em></strong></span> <span class='ocrx_word' id='word_1_171' title='bbox 640 2410 705 2480; x_wconf 89' lang='grc' dir='ltr'><strong><em>άπὸ</em></strong></span> <span class='ocrx_word' id='word_1_172' title='bbox 728 2417 796 2481; x_wconf 88' lang='grc' dir='ltr'><strong><em>τών</em></strong></span> <span class='ocrx_word' id='word_1_173' title='bbox 820 2419 878 2500; x_wconf 82' lang='grc' dir='ltr'><strong><em>αβ,</em></strong></span> <span class='ocrx_word' id='word_1_174' title='bbox 897 2420 941 2500; x_wconf 84' lang='grc' dir='ltr'><strong><em>βγ</em></strong></span> <span class='ocrx_word' id='word_1_175' title='bbox 967 2413 1078 2502; x_wconf 91' lang='grc' dir='ltr'><strong><em>τετρά-</em></strong></span> <span class='ocrx_word' id='word_1_176' title='bbox 1099 2428 1135 2478; x_wconf 78' lang='lat'><strong><em>20</em></strong></span> 
     </span>
     <span class='ocr_line' id='line_1_22' title="bbox 65 2520 1078 2612; baseline -0.001 -23"><span class='ocrx_word' id='word_1_177' title='bbox 65 2548 160 2608; x_wconf 86' lang='grc' dir='ltr'><strong><em>γωνα</em></strong></span> <span class='ocrx_word' id='word_1_178' title='bbox 183 2529 239 2589; x_wconf 76' lang='grc' dir='ltr'><strong><em>ἴσα</em></strong></span> <span class='ocrx_word' id='word_1_179' title='bbox 263 2520 333 2588; x_wconf 80' lang='grc' dir='ltr'><strong><em>ἐστὶ</em></strong></span> <span class='ocrx_word' id='word_1_180' title='bbox 356 2524 401 2612; x_wconf 76' lang='grc' dir='ltr'><strong><em>τῷ</em></strong></span> <span class='ocrx_word' id='word_1_181' title='bbox 426 2520 479 2600; x_wconf 80' lang='grc' dir='ltr'><strong><em>δὶς</em></strong></span> <span class='ocrx_word' id='word_1_182' title='bbox 502 2522 538 2588; x_wconf 83' lang='grc' dir='ltr'><strong><em>ἐκ</em></strong></span> <span class='ocrx_word' id='word_1_183' title='bbox 559 2524 628 2589; x_wconf 88' lang='grc' dir='ltr'><strong><em>τώυ</em></strong></span> <span class='ocrx_word' id='word_1_184' title='bbox 651 2525 706 2606; x_wconf 81' lang='grc' dir='ltr'><strong><em>αβ,</em></strong></span> <span class='ocrx_word' id='word_1_185' title='bbox 721 2524 764 2605; x_wconf 84' lang='grc' dir='ltr'><strong><em>βγ</em></strong></span> <span class='ocrx_word' id='word_1_186' title='bbox 788 2522 931 2611; x_wconf 81' lang='grc' dir='ltr'><strong><em>ἐπιπέδῳ</em></strong></span> <span class='ocrx_word' id='word_1_187' title='bbox 954 2522 1009 2588; x_wconf 79' lang='grc' dir='ltr'><strong><em>καὶ</em></strong></span> <span class='ocrx_word' id='word_1_188' title='bbox 1033 2532 1078 2610; x_wconf 75' lang='grc' dir='ltr'><strong><em>τῷ</em></strong></span> 
     </span>
     <span class='ocr_line' id='line_1_23' title="bbox 39 2622 1080 2720; baseline -0.003 -22"><span class='ocrx_word' id='word_1_189' title='bbox 39 2625 131 2698; x_wconf 87' lang='grc' dir='ltr'><strong><em>,άπὸ</em></strong></span> <span class='ocrx_word' id='word_1_190' title='bbox 164 2630 225 2696; x_wconf 82' lang='grc' dir='ltr'><strong><em>τοῦ</em></strong></span> <span class='ocrx_word' id='word_1_191' title='bbox 254 2655 296 2713; x_wconf 89' lang='grc' dir='ltr'><strong><em>αγ</em></strong></span> <span class='ocrx_word' id='word_1_192' title='bbox 327 2625 537 2720; x_wconf 87' lang='grc' dir='ltr'><strong><em>τετραγώνῳ·</em></strong></span> <span class='ocrx_word' id='word_1_193' title='bbox 575 2633 665 2694; x_wconf 81' lang='grc' dir='ltr'><strong><em>ἔστιν</em></strong></span> <span class='ocrx_word' id='word_1_194' title='bbox 698 2623 765 2712; x_wconf 88' lang='grc' dir='ltr'><strong><em>άρα</em></strong></span> <span class='ocrx_word' id='word_1_195' title='bbox 798 2623 815 2692; x_wconf 89' lang='grc' dir='ltr'>ὁ</span> <span class='ocrx_word' id='word_1_196' title='bbox 849 2622 913 2694; x_wconf 87' lang='grc' dir='ltr'><strong><em>άπὸ</em></strong></span> <span class='ocrx_word' id='word_1_197' title='bbox 946 2637 1007 2695; x_wconf 87' lang='grc' dir='ltr'><strong><em>τοῦ</em></strong></span> <span class='ocrx_word' id='word_1_198' title='bbox 1036 2632 1080 2695; x_wconf 87' lang='grc' dir='ltr'><strong><em>αδ</em></strong></span> 
     </span>
     <span class='ocr_line' id='line_1_24' title="bbox 64 2732 1078 2824; baseline 0 -25"><span class='ocrx_word' id='word_1_199' title='bbox 64 2733 273 2816; x_wconf 84' lang='grc' dir='ltr'><strong><em>τετράγωνος</em></strong></span> <span class='ocrx_word' id='word_1_200' title='bbox 296 2741 368 2812; x_wconf 75' lang='grc' dir='ltr'><strong><em>ἴσος</em></strong></span> <span class='ocrx_word' id='word_1_201' title='bbox 390 2739 435 2824; x_wconf 76' lang='grc' dir='ltr'><strong><em>τῷ</em></strong></span> <span class='ocrx_word' id='word_1_202' title='bbox 459 2732 608 2819; x_wconf 78' lang='grc' dir='ltr'><strong><em>τετράκις</em></strong></span> <span class='ocrx_word' id='word_1_203' title='bbox 637 2735 672 2799; x_wconf 86' lang='grc' dir='ltr'><strong><em>έκ</em></strong></span> <span class='ocrx_word' id='word_1_204' title='bbox 695 2735 763 2800; x_wconf 82' lang='grc' dir='ltr'><strong><em>τών</em></strong></span> <span class='ocrx_word' id='word_1_205' title='bbox 787 2737 844 2817; x_wconf 86' lang='grc' dir='ltr'><strong><em>αβ,</em></strong></span> <span class='ocrx_word' id='word_1_206' title='bbox 864 2736 907 2817; x_wconf 82' lang='grc' dir='ltr'><strong><em>βγ</em></strong></span> <span class='ocrx_word' id='word_1_207' title='bbox 935 2733 1078 2823; x_wconf 80' lang='grc' dir='ltr'><strong><em>ἐπιπέδῳ</em></strong></span> 
     </span>
     <span class='ocr_line' id='line_1_25' title="bbox 66 2831 1080 2929; baseline 0.006 -30"><span class='ocrx_word' id='word_1_208' title='bbox 66 2835 122 2899; x_wconf 75' lang='grc' dir='ltr'><strong><em>καὶ</em></strong></span> <span class='ocrx_word' id='word_1_209' title='bbox 140 2839 186 2924; x_wconf 78' lang='grc' dir='ltr'><strong><em>τῷ</em></strong></span> <span class='ocrx_word' id='word_1_210' title='bbox 206 2831 271 2902; x_wconf 89' lang='grc' dir='ltr'><strong><em>άπὸ</em></strong></span> <span class='ocrx_word' id='word_1_211' title='bbox 286 2842 346 2904; x_wconf 83' lang='grc' dir='ltr'><strong><em>τοῦ</em></strong></span> <span class='ocrx_word' id='word_1_212' title='bbox 361 2864 405 2923; x_wconf 88' lang='grc' dir='ltr'><strong><em>αγ</em></strong></span> <span class='ocrx_word' id='word_1_213' title='bbox 418 2837 625 2929; x_wconf 88' lang='grc' dir='ltr'><strong><em>τετραγώνῳ.</em></strong></span> <span class='ocrx_word' id='word_1_214' title='bbox 656 2843 716 2904; x_wconf 92' lang='grc' dir='ltr'><strong><em>καί</em></strong></span> <span class='ocrx_word' id='word_1_215' title='bbox 732 2839 821 2906; x_wconf 84' lang='grc' dir='ltr'><strong><em>ἐστιν</em></strong></span> <span class='ocrx_word' id='word_1_216' title='bbox 841 2835 859 2905; x_wconf 84' lang='grc' dir='ltr'><strong><em>δ</em></strong></span> <span class='ocrx_word' id='word_1_217' title='bbox 880 2836 944 2907; x_wconf 90' lang='grc' dir='ltr'><strong><em>άπὸ</em></strong></span> <span class='ocrx_word' id='word_1_218' title='bbox 959 2842 1020 2905; x_wconf 83' lang='grc' dir='ltr'><strong><em>τοῦ</em></strong></span> <span class='ocrx_word' id='word_1_219' title='bbox 1036 2842 1080 2905; x_wconf 89' lang='grc' dir='ltr'><strong><em>αδ</em></strong></span> 
     </span>
     <span class='ocr_line' id='line_1_26' title="bbox 65 2939 1132 3031; baseline 0.006 -26"><span class='ocrx_word' id='word_1_220' title='bbox 65 2940 272 3024; x_wconf 82' lang='grc' dir='ltr'><strong><em>τετράγωνος</em></strong></span> <span class='ocrx_word' id='word_1_221' title='bbox 295 2939 312 3008; x_wconf 88' lang='grc' dir='ltr'>ὁ</span> <span class='ocrx_word' id='word_1_222' title='bbox 338 2940 402 3010; x_wconf 86' lang='grc' dir='ltr'><strong><em>άπὸ</em></strong></span> <span class='ocrx_word' id='word_1_223' title='bbox 426 2947 486 3010; x_wconf 82' lang='grc' dir='ltr'><strong><em>τοῦ</em></strong></span> <span class='ocrx_word' id='word_1_224' title='bbox 510 2948 564 3029; x_wconf 82' lang='grc' dir='ltr'><strong><em>αβ,</em></strong></span> <span class='ocrx_word' id='word_1_225' title='bbox 580 2949 624 3029; x_wconf 86' lang='grc' dir='ltr'><strong><em>βγ</em></strong></span> <span class='ocrx_word' id='word_1_226' title='bbox 647 2941 692 3024; x_wconf 80' lang='grc' dir='ltr'><strong><em>ὡς</em></strong></span> <span class='ocrx_word' id='word_1_227' title='bbox 710 2941 771 3031; x_wconf 80' lang='grc' dir='ltr'><strong><em>ἀφ’</em></strong></span> <span class='ocrx_word' id='word_1_228' title='bbox 793 2943 881 3022; x_wconf 84' lang='grc' dir='ltr'><strong><em>ἑνός·</em></strong></span> <span class='ocrx_word' id='word_1_229' title='bbox 908 2940 926 3010; x_wconf 85' lang='grc' dir='ltr'>ὁ</span> <span class='ocrx_word' id='word_1_230' title='bbox 950 2968 1015 3030; x_wconf 88' lang='grc' dir='ltr'><strong><em>γαρ</em></strong></span> <span class='ocrx_word' id='word_1_231' title='bbox 1035 2946 1079 3028; x_wconf 86' lang='grc' dir='ltr'><strong><em>βδ</em></strong></span> <span class='ocrx_word' id='word_1_232' title='bbox 1097 2960 1132 3011; x_wconf 75' lang='lat'><strong><em>25</em></strong></span> 
     </span>
     <span class='ocr_line' id='line_1_27' title="bbox 67 3044 1075 3136; baseline 0.003 -25"><span class='ocrx_word' id='word_1_233' title='bbox 67 3053 139 3124; x_wconf 73' lang='grc' dir='ltr'><strong><em>ἴσος</em></strong></span> <span class='ocrx_word' id='word_1_234' title='bbox 162 3044 231 3112; x_wconf 77' lang='grc' dir='ltr'><strong><em>ἐστὶ</em></strong></span> <span class='ocrx_word' id='word_1_235' title='bbox 248 3049 294 3136; x_wconf 78' lang='grc' dir='ltr'><strong><em>τῷ</em></strong></span> <span class='ocrx_word' id='word_1_236' title='bbox 313 3051 365 3134; x_wconf 85' lang='grc' dir='ltr'><strong><em>βγ.</em></strong></span> <span class='ocrx_word' id='word_1_237' title='bbox 402 3052 493 3115; x_wconf 83' lang='grc' dir='ltr'><strong><em>ἔστιν</em></strong></span> <span class='ocrx_word' id='word_1_238' title='bbox 516 3046 582 3134; x_wconf 86' lang='grc' dir='ltr'><strong><em>άρα</em></strong></span> <span class='ocrx_word' id='word_1_239' title='bbox 605 3049 623 3116; x_wconf 88' lang='grc' dir='ltr'><strong>ὁ</strong></span> <span class='ocrx_word' id='word_1_240' title='bbox 648 3047 713 3118; x_wconf 87' lang='grc' dir='ltr'><strong><em>άπδ</em></strong></span> <span class='ocrx_word' id='word_1_241' title='bbox 736 3054 798 3118; x_wconf 82' lang='grc' dir='ltr'><strong><em>τοῦ</em></strong></span> <span class='ocrx_word' id='word_1_242' title='bbox 817 3055 870 3135; x_wconf 84' lang='grc' dir='ltr'><strong><em>αβ,</em></strong></span> <span class='ocrx_word' id='word_1_243' title='bbox 885 3054 928 3134; x_wconf 85' lang='grc' dir='ltr'><strong><em>βγ</em></strong></span> <span class='ocrx_word' id='word_1_244' title='bbox 953 3045 997 3128; x_wconf 79' lang='grc' dir='ltr'><strong><em>ὡς</em></strong></span> <span class='ocrx_word' id='word_1_245' title='bbox 1015 3045 1075 3135; x_wconf 78' lang='grc' dir='ltr'><strong><em>ἀφ’</em></strong></span> 
     </span>
     <span class='ocr_line' id='line_1_28' title="bbox 65 3149 1078 3246; baseline 0 -25"><span class='ocrx_word' id='word_1_246' title='bbox 65 3149 142 3232; x_wconf 69' lang='grc' dir='ltr'><strong><em>ἑνὸς</em></strong></span> <span class='ocrx_word' id='word_1_247' title='bbox 164 3152 373 3241; x_wconf 84' lang='grc' dir='ltr'><strong><em>τετράγωνος</em></strong></span> <span class='ocrx_word' id='word_1_248' title='bbox 396 3161 468 3233; x_wconf 77' lang='grc' dir='ltr'><strong><em>ἴσος</em></strong></span> <span class='ocrx_word' id='word_1_249' title='bbox 490 3158 536 3246; x_wconf 76' lang='grc' dir='ltr'><strong><em>τῷ</em></strong></span> <span class='ocrx_word' id='word_1_250' title='bbox 559 3154 709 3242; x_wconf 78' lang='grc' dir='ltr'><strong><em>τετράκις</em></strong></span> <span class='ocrx_word' id='word_1_251' title='bbox 732 3159 768 3223; x_wconf 81' lang='grc' dir='ltr'><strong><em>ἐκ</em></strong></span> <span class='ocrx_word' id='word_1_252' title='bbox 790 3159 859 3223; x_wconf 84' lang='grc' dir='ltr'><strong><em>τών</em></strong></span> <span class='ocrx_word' id='word_1_253' title='bbox 876 3160 938 3240; x_wconf 84' lang='grc' dir='ltr'><strong><em>ἀβ,</em></strong></span> <span class='ocrx_word' id='word_1_254' title='bbox 956 3160 999 3241; x_wconf 82' lang='grc' dir='ltr'><strong><em>βγ</em></strong></span> <span class='ocrx_word' id='word_1_255' title='bbox 1022 3154 1078 3221; x_wconf 81' lang='grc' dir='ltr'><strong><em>καὶ</em></strong></span> 
     </span>
     <span class='ocr_line' id='line_1_29' title="bbox 64 3255 360 3352; baseline 0.007 -25"><span class='ocrx_word' id='word_1_256' title='bbox 64 3261 110 3352; x_wconf 78' lang='grc' dir='ltr'><strong><em>τῷ</em></strong></span> <span class='ocrx_word' id='word_1_257' title='bbox 134 3255 201 3327; x_wconf 87' lang='grc' dir='ltr'><strong><em>άπὸ</em></strong></span> <span class='ocrx_word' id='word_1_258' title='bbox 225 3261 286 3327; x_wconf 83' lang='grc' dir='ltr'><strong><em>τοῦ</em></strong></span> <span class='ocrx_word' id='word_1_259' title='bbox 310 3285 360 3345; x_wconf 92' lang='grc' dir='ltr'><strong><em>αγ.</em></strong></span> 
     </span>
    </p>

    <p class='ocr_par' dir='ltr' id='par_1_8' title="bbox 63 3363 1131 3565">
     <span class='ocr_line' id='line_1_30' title="bbox 133 3363 1077 3456; baseline -0.003 -20"><span class='ocrx_word' id='word_1_260' title='bbox 133 3364 194 3436; x_wconf 84' lang='grc' dir='ltr'><strong><em>έάυ</em></strong></span> <span class='ocrx_word' id='word_1_261' title='bbox 221 3365 288 3456; x_wconf 88' lang='grc' dir='ltr'><strong><em>άρα</em></strong></span> <span class='ocrx_word' id='word_1_262' title='bbox 315 3364 462 3456; x_wconf 74' lang='grc' dir='ltr'><strong><em>άριδμὸς</em></strong></span> <span class='ocrx_word' id='word_1_263' title='bbox 489 3369 537 3444; x_wconf 80' lang='grc' dir='ltr'><strong><em>εἰς</em></strong></span> <span class='ocrx_word' id='word_1_264' title='bbox 565 3363 627 3433; x_wconf 83' lang='grc' dir='ltr'><strong><em>δύο</em></strong></span> <span class='ocrx_word' id='word_1_265' title='bbox 655 3363 826 3452; x_wconf 81' lang='grc' dir='ltr'><strong><em>άριδμοὺς</em></strong></span> <span class='ocrx_word' id='word_1_266' title='bbox 854 3370 1026 3455; x_wconf 75' lang='grc' dir='ltr'><strong><em>διαιρεθῇ,</em></strong></span> <span class='ocrx_word' id='word_1_267' title='bbox 1059 3364 1077 3433; x_wconf 89' lang='grc' dir='ltr'><strong><em>δ</em></strong></span> 
     </span>
     <span class='ocr_line' id='line_1_31' title="bbox 63 3468 1131 3565; baseline -0.003 -22"><span class='ocrx_word' id='word_1_268' title='bbox 63 3474 213 3565; x_wconf 87' lang='grc' dir='ltr'><strong><em>τετράκις</em></strong></span> <span class='ocrx_word' id='word_1_269' title='bbox 246 3476 281 3544; x_wconf 87' lang='grc' dir='ltr'><strong><em>έκ</em></strong></span> <span class='ocrx_word' id='word_1_270' title='bbox 310 3477 371 3544; x_wconf 82' lang='grc' dir='ltr'><strong><em>τοῦ</em></strong></span> <span class='ocrx_word' id='word_1_271' title='bbox 395 3474 477 3544; x_wconf 79' lang='grc' dir='ltr'><strong><em>ὅλου</em></strong></span> <span class='ocrx_word' id='word_1_272' title='bbox 503 3472 560 3541; x_wconf 77' lang='grc' dir='ltr'><strong><em>καὶ</em></strong></span> <span class='ocrx_word' id='word_1_273' title='bbox 586 3468 665 3552; x_wconf 73' lang='grc' dir='ltr'><strong><em>ἑνὸς</em></strong></span> <span class='ocrx_word' id='word_1_274' title='bbox 691 3475 760 3540; x_wconf 87' lang='grc' dir='ltr'><strong><em>τών</em></strong></span> <span class='ocrx_word' id='word_1_275' title='bbox 788 3475 899 3564; x_wconf 77' lang='grc' dir='ltr'><strong><em>μερῶν</em></strong></span> <span class='ocrx_word' id='word_1_276' title='bbox 924 3476 1078 3552; x_wconf 82' lang='grc' dir='ltr'><strong><em>ἐπίπεδος</em></strong></span> <span class='ocrx_word' id='word_1_277' title='bbox 1097 3491 1131 3541; x_wconf 84' lang='lat'><strong><em>30</em></strong></span> 
     </span>
    </p>
   </div>
   <div class='ocr_carea' id='block_1_4' title="bbox 0 0 1181 3818">
    <p class='ocr_par' dir='ltr' id='par_1_9' title="bbox 0 0 1181 3818">
     <span class='ocr_line' id='line_1_32' title="bbox 0 0 1181 3818; baseline 0 0"><span class='ocrx_word' id='word_1_278' title='bbox 0 0 1181 3818; x_wconf 95' lang='lat' dir='ltr'><strong><em> </em></strong></span> 
     </span>
    </p>
   </div>
  </div>
 </body>
</html>
