2362 3796
105 143 171 210 688
380 142 561 193 mmm
581 140 816 193 scnomomm
830 142 852 193 1.

106 288 259 371 λαβοῦσα
281 280 342 368 την
360 286 429 350 ΒΓ
448 290 502 367 ἴση
523 281 591 349 ἐστὶ
609 283 650 368 vy}
665 287 742 348 ΑΒ·
767 277 927 359 ὡσαύτως
944 281 1009 349 καὶ
1028 279 1050 368 ἡ
1069 289 1133 348 ΔΖ

107 393 347 480 προσλαβοῦσα
369 386 431 473 τὴν
456 395 520 455 ΖΕ
542 394 596 473 ἴση
619 392 748 472 γίνεται
768 391 808 475 vy}
832 395 866 454 Δ
872 393 911 455 Ε.

176 501 231 565 32.
271 495 340 562 Καὶ
367 491 407 562 τὰ
435 490 535 579 ἡμίση
564 517 595 578 p.
614 495 669 576 34,
692 496 726 574 6]
760 491 829 558 ἐπεὶ
856 488 922 579 γὰρ
950 496 1027 560 τῶν
1053 499 1132 578 ΑΒ,

109 608 174 671 ΒΓ
207 600 287 690 μετὰ
315 602 373 685 τῆς
404 605 473 666 ΛΓ
505 594 639 684 ἡμίσειά
672 599 763 664 ἐστιν
793 596 815 682 v}
843 603 927 681 ΑΒ,
966 596 1132 676 ὡσαύτως

75 708 150 781 σδὲ
176 708 232 775 καὶ
259 718 328 774 τῶν
352 711 435 790 ΔΕ,
459 711 522 770 ΕΖ
550 701 631 790 μετὰ
657 706 717 788 τῆς
743 709 810 769 ΔΖ
836 701 975 788 ἡμίσεια
1004 699 1026 790 ἡ
1051 711 1130 786 ΛΕ,

109 813 149 883 τὰ
174 814 257 902 μέρη
281 825 351 892 τοῖς
374 808 533 889 ὡσαύτως
555 814 814 889 πολλαπλασίοις
840 805 901 876 τὸν
929 807 1042 878 αὐτὸν
1068 812 1130 891 ἓῖει

110 919 221 1005 λόγον.

178 1028 230 1092 33.
269 1021 359 1091 Ἐπεὶ
381 1020 446 1109 γάρ
470 1022 561 1088 ἐστιν
588 1047 619 1109 p.
643 1025 698 1106 36,
723 1024 778 1104 12]
806 1016 850 1100 ὡς
875 1019 912 1087 δὲ
934 1017 957 1106 ἡ
982 1024 1047 1088 τοῦ
1066 1025 1128 1088 δω-

112 1130 297 1215 δεκαέδρου
312 1124 489 1211 ἐπιφάνεια
507 1125 591 1213 πρὸς
608 1125 671 1212 τὴν
689 1129 749 1194 τοῦ
768 1126 1001 1213 εἰκοσαέδρου,
1022 1124 1128 1206 οὕτως

61 1260 93 1309 10
111 1233 131 1321 y}
147 1238 208 1302 τοῦ
222 1233 330 1319 κύβον
342 1232 470 1320 πλευρὰ
487 1229 570 1319 πρὸς
582 1230 645 1317 τὴν
659 1236 720 1299 τοῦ
735 1233 952 1318 εἰκοσαέδρου
966 1234 1128 1320 πλευράν.

466 1532 511 1598 In
534 1535 676 1599 librum
698 1533 768 1599 XV.

182 1664 208 1725 1.
242 1653 320 1722 Ἀκὸ
344 1654 406 1742 μὲν
428 1665 490 1723 τοῦ
509 1662 543 1723 Κ
565 1655 618 1724 ἐπὶ
640 1652 678 1723 τὸ
698 1661 842 1740 ΕΖΛΘ,
864 1652 929 1722 ἀπὸ
953 1654 993 1722 δὲ
1016 1658 1128 1722 τοῦΛ

114 1764 167 1832 ἐπὶ
189 1760 226 1830 τὸ
254 1767 400 1847 ΖΗΘΚ,
424 1759 488 1829 ἀπὸ
513 1760 551 1829 δὲ
573 1764 634 1828 τοτ’
658 1767 687 1829 Θ
709 1760 763 1828 ἐπὶ
785 1758 822 1828 τὸ
846 1765 1001 1829 ΗΕΚΛ.

181 1874 212 1937 2.
238 1866 346 1936 Ἔστω
371 1866 468 1953 βάσις
489 1869 676 1954 πυραμίδος
693 1869 860 1954 τρίγωνον
877 1862 915 1932 τὸ
934 1871 1051 1951 ΑΒΓ,
1076 1866 1130 1934 καὶ

114 1974 289 2061 τετμήσθω
318 1973 339 2061 ἡ
369 1974 430 2059 μὲν
453 1980 518 2041 ΑΒ
545 1970 672 2058 πλευρὰ
701 1972 783 2039 κατὰ
811 1968 849 2038 τὸ
873 1978 917 2054 Ε,
948 1967 971 2057 ἡ
1001 1971 1041 2040 δὲ
1066 1977 1133 2039 ΑΓ

63 2103 96 2151 15
115 2079 197 2146 κατὰ
224 2077 261 2147 τὸ
285 2086 335 2164 Η,
362 2076 383 2164 ἡ
412 2078 450 2146 δὲ
473 2085 539 2146 ΒΓ
561 2075 643 2148 κατὰ
665 2074 703 2145 τὸ
728 2081 799 2161 [2],
826 2075 847 2163 ἡ
873 2077 910 2144 δὲ
931 2080 996 2144 τοῦ
1018 2075 1130 2158 ὕψους

115 2183 241 2271 πλευρὰ
264 2181 284 2269 ἡ
309 2182 370 2268 μὲν
393 2192 465 2250 ΑΔ
486 2183 569 2252 κατὰ
592 2182 629 2251 τὸ
654 2190 696 2268 Θ,
719 2180 740 2269 ἡ
765 2181 802 2248 δὲ
823 2189 892 2249 ΒΔ
914 2179 999 2249 κατὰ
1022 2182 1064 2251 τὸ
1088 2188 1130 2266 Κ,

115 2288 136 2376 η
161 2290 199 2357 δὲ
222 2295 284 2356 ΓΔ
311 2287 394 2355 κατὰ
421 2288 459 2357 τὸ
483 2295 523 2356 Λ.
568 2289 638 2356 ἐπεὶ
666 2281 729 2356 οὖν
756 2285 777 2374 ἡ
802 2296 867 2355 ΑΒ
895 2286 980 2374 πρός
1002 2315 1040 2356 τε
1067 2288 1129 2375 τὴν

116 2398 152 2462 ἐν
185 2398 230 2483 τῷ
262 2389 469 2483 ὑποκειμένῳ
502 2393 655 2484 τριγωνω
692 2397 737 2485 τῷ
770 2399 879 2460 ΑΒΓ
909 2394 1130 2481 παράλληλον

115 2498 265 2584 ἠρμένην
289 2495 373 2585 αὐτῇ
395 2496 457 2584 τὴν
476 2505 543 2565 ΗΖ
565 2499 621 2565 καὶ
643 2497 706 2585 τὴν
731 2502 768 2567 ἐν
786 2502 831 2589 τῷ
847 2505 952 2564 ΑΔΒ
976 2495 1130 2584 ἡμμένην

63 2630 98 2679 20
116 2603 331 2690 παράλληλον
348 2603 411 2689 τὴν
429 2610 496 2671 ΚΘ
517 2602 576 2671 τὸν
600 2600 703 2671 αὐτὸν
721 2609 787 2690 ἔχει
804 2602 919 2688 λόγον,
942 2603 1027 2689 πρὸς
1049 2600 1072 2670 ἃ
1095 2603 1132 2672 δὲ

116 2708 155 2779 τὸ
174 2707 256 2777 αὐτὸ
274 2708 335 2778 τὸν
355 2707 459 2778 αὐτὸν
478 2715 544 2796 ἔχει
562 2707 677 2796 λόγον,
697 2716 753 2776 ἴσα
772 2706 939 2794 ἀλλήλοις,
958 2715 1016 2794 ἴση
1036 2710 1131 2778 ἐστὶν

117 2815 138 2901 ἡ
163 2824 231 2884 ΘΚ
250 2819 290 2904 vy}
309 2823 391 2883 HZ·
420 2820 457 2883 αἱ
477 2813 540 2901 γὰρ
563 2814 769 2902 παράλληλοι
791 2818 830 2902 vy}
850 2822 915 2880 AB
938 2810 959 2900 ἡ
983 2821 1054 2882 ΘΚ
1077 2817 1133 2882 καὶ

118 2921 139 3007 ἡ
158 2930 196 2990 Η
199 2931 225 2990 Ζ
248 2919 418 3007 ἀνάλογον
440 2922 597 3007 τέμνουσι
620 2919 678 2999 τὰς
699 2923 761 2987 τοῦ
783 2917 951 3007 τριγώνου
973 2922 1132 3008 πλευράς.

189 3133 298 3189 32.V².
388 3130 496 3189 33.V².
536 3163 607 3170 —-
647 3136 671 3184 1.
690 3129 728 3186 V'
747 3130 795 3200 (ad
812 3148 838 3199 p.
854 3135 898 3198 42,
917 3132 954 3199 4).
1046 3137 1073 3186 2.
1094 3131 1130 3184 V’

119 3204 166 3272 (ad
185 3222 211 3273 p.
226 3209 270 3270 40,
291 3209 323 3258 10
334 3205 395 3272 οη).

187 3407 212 3461 3.
237 3397 313 3475 τῶν]
336 3398 386 3471 της
405 3396 449 3467 V,
472 3399 508 3454 ολ
526 3395 645 3450 videtur„
743 3400 767 3449 ὁ.
791 3394 859 3465 τῶν]
884 3394 934 3464 τῆς
957 3395 991 3450 V.
1088 3402 1129 3450 11,

107 3477 241 3552 ΕΖΛΘ]
264 3478 291 3534 Θ
311 3493 326 3534 ο
348 3491 422 3533 cort.
437 3470 477 3528 V«
547 3471 594 3520 xb.
608 3463 798 3534 mmm.
