2362 3796
240 169 397 221 SCHOLIA
414 171 454 221 IN
471 170 746 222 ELEMENTORUM
763 171 902 222 LIBRUM
916 171 949 222 V.
1040 168 1108 233 295

88 307 281 396 ῆγούμευος
293 307 377 393 πρὸς
391 308 565 395 ἑπόμενον.
597 306 668 377 εἶπε
683 309 721 377 δὲ
736 307 854 389 οὕτως·
878 312 913 378 οί
925 307 1107 396 ῆγούμενοι

90 408 389 502 τοίςῆγουμένοις
410 415 466 481 καὶ
490 419 525 482 οί
546 414 704 502 ἑπόμενοι
722 429 792 496 τοῖς
811 417 993 502 ἑπομένοις,
1016 443 1107 484 τουτ-

89 506 184 590 έστιν
207 524 264 588 ίυα
286 519 534 607 προτύττωνται
562 525 598 589 οί
617 519 800 608 ῆγούμενοι
827 521 883 589 καὶ
906 523 1051 590 ἕπωνται
1075 525 1110 590 οί

90 626 252 714 ἑπόμενοι
274 628 330 695 καί
353 629 390 695 ἐν
413 625 623 715 ἀμφοτέροις.

125 748 129 753 ’
160 736 212 800 35.
244 729 434 818 Ἡγούμενα
460 739 603 818 γίνωσκε
633 734 670 800 έν
700 737 739 821 τῆ
769 738 953 824 γεωμετρίᾳ
984 735 1040 801 καὶ
1071 735 1107 802 ἐν
1144 757 1161 808 5

88 837 209 918 ἄλλοις
231 835 378 906 εἶναιτὰ
397 843 543 924 μείζονα,
565 835 606 906 τὰ
631 837 668 906 δὲ
687 838 810 907 ἐλάττω
831 841 986 927 ἑπόμενα.
1020 841 1108 926 λέγει

91 948 180 1031 γοῦν
202 941 351 1031 ὁμόλογα
377 943 417 1011 τὰ
441 941 612 1032 ἡγούμενα
639 959 709 1024 τοῖς
736 943 950 1038 ῆγουμίνοις,
982 944 1027 1025 ὡς
1052 947 1107 1014 έπὶ

89 1054 151 1136 τῆς
172 1047 414 1137 ὑποτεινούσης
440 1052 495 1118 καὶ
523 1054 582 1135 τῆς
608 1056 669 1119 τού
698 1049 913 1140 ὀρθογωνίου
940 1052 1108 1142 τριγώνου

90 1160 288 1235 ίσοσπελούς
310 1161 379 1225 ἔστι
401 1161 501 1226 τοῦτο
523 1166 741 1244 καταμαθεῖν.
775 1156 857 1227 ὅταν
875 1158 941 1246 γὰρ
962 1151 1024 1227 ὦσι
1044 1158 1107 1228 δύο

88 1267 240 1349 τρίγωνα
268 1260 367 1350 ὅμοια
394 1260 604 1350 ὀρθογώνια,
637 1263 682 1344 ὡς
710 1269 858 1358 ἔχειτοῦ
882 1264 961 1345 εὐός
983 1262 1004 1353 ῆ
1027 1265 1107 1335 ὑπο·
1128 1286 1163 1336 10

88 1373 249 1437 τείνουσα
271 1366 355 1457 πρὸς
377 1374 439 1438 τού
463 1367 568 1440 ύλλου
589 1371 652 1458 τῆν
670 1369 929 1440 ὑποτείνουσαν·
953 1379 1010 1440 ίσα
1027 1371 1108 1459 γάρ·

71 1474 147 1541 ,καὶ
170 1479 232 1542 τού
255 1476 371 1562 ἑτέρου
398 1472 419 1561 ῆ
444 1476 538 1564 ἑτέρα
560 1476 687 1565 πλευρὰ
714 1476 800 1563 πρὸς
821 1476 884 1564 τῆν
906 1483 968 1546 τού
993 1479 1108 1567 ἑτέρου

90 1581 254 1664 πλευράν·
277 1579 339 1650 τὸν
353 1590 429 1650 ίσον
443 1581 508 1669 γὰρ
522 1583 578 1650 καὶ
597 1585 721 1650 ἐπεῖναι
740 1583 824 1668 πρὸς
842 1581 989 1670 ἀλλήλας
1003 1582 1106 1669 λόγου

88 1692 214 1774 έχουσι.
267 1684 332 1756 κᾶν
367 1687 404 1756 δὲ
435 1689 491 1756 παὶ
523 1689 568 1776 μῆ
602 1698 670 1757 ίσα.
691 1683 754 1758 ύσι
786 1689 890 1759 πάλιν
921 1698 1039 1775 εἴησαν
1072 1693 1109 1756 αλ
1165 1695 1170 1706 ’

38 1807 41 1811 ’
88 1794 232 1879 πλευραὶ
255 1792 321 1863 ύυα
335 1846 433 1864 .....
510 1834 512 1838 ·
973 1858 975 1862 .
1127 1816 1161 1866 15

159 1902 211 1967 36.
252 1901 426 1981 Σύνθεσις
456 1901 562 1988 λόγου
595 1903 665 1970 ἐστὶ
697 1906 797 1989 λῆψις
827 1905 889 1970 τού
916 1899 1107 1989 ἡγουμένου

18 2014 44 2046 ’·
89 2003 172 2092 μετὰ
199 2011 261 2074 τού
289 2009 455 2094 ἑπομένου
483 2007 527 2089 ὡς
555 2008 631 2088 ἑνὸς
653 2007 737 2096 πρὸς
760 2007 840 2077 αύτὸ
865 2008 902 2078 τὸ
926 2008 1106 2095 ἑπόμενον]

89 2115 127 2179 ολ
148 2113 453 2199 νεώτεροιτούτον
475 2116 687 2200 προσέθεσαν
714 2113 776 2183 τὸν
801 2114 906 2202 ὅρον·
934 2111 1014 2183 ούδὲ
1042 2113 1121 2201 γὰρ·

89 2216 254 2296 σύνθεσις
272 2223 426 2304 μεγεθῶν
444 2206 567 2289 ταύτὲν
587 2223 656 2289 ἐστι
675 2225 715 2310 τῆ
734 2226 796 2290 τού
815 2219 920 2307 λόγου
939 2223 1106 2290 συνθέσει.

90 2326 243 2390 ἐνταῦθα
263 2323 299 2391 δὲ
317 2322 355 2393 τὸ
374 2322 564 2413 ῆγούμευου
587 2325 668 2413 μετὰ
688 2337 749 2396 τοῦ
768 2328 933 2422 ἑπομένου
952 2327 1105 2396 συντιθέ-
1124 2347 1160 2396 20

90 2453 196 2513 μενον
224 2431 366 2515 μέγεθος
393 2432 527 2517 μεγέθει
554 2421 592 2500 τὸ
624 2430 706 2501 ὅλον
734 2435 876 2520 μέγεθος
907 2446 999 2501 ποιεῖ
1028 2455 1107 2519 συγ-

90 2539 245 2619 κείμενον
267 2537 303 2603 έιι
326 2540 495 2623 μεγεθῶν,
527 2534 549 2622 ῆ
579 2538 648 2605 ἐστι
677 2537 840 2618 σύνθεσις
866 2540 1044 2625 μεγέθους·
1085 2536 1106 2624 ῆ

90 2636 156 2724 γὰρ
179 2645 247 2708 τῶν
265 2641 377 2727 λόγων
395 2640 558 2722 σύνθεσις
576 2641 682 2712 ἄλλον
701 2657 791 2712 ποιεί
806 2642 919 2730 λόγον,
943 2641 987 2724 ὡς
1007 2641 1108 2723 αὐτὸς

90 2744 130 2811 έν
152 2758 222 2824 τοῖς
244 2747 318 2833 ἑξῆς
341 2749 422 2834 ἐρεῖ·
458 2747 558 2838 λόγος
580 2749 659 2835 γάρ,
690 2755 809 2836 φησίν,
834 2751 870 2817 ἑκ
893 2744 1004 2834 λόγων
1029 2768 1106 2834 συγ-

89 2859 226 2918 κεῖσθαι
256 2854 384 2938 λέγεται
410 2854 467 2921 καὶ
494 2852 535 2920 τὰ
564 2855 646 2941 ἑξῆς.
691 2854 792 2934 αὐτὸς
820 2856 873 2940 δέ,
906 2852 951 2933 ὡς
982 2855 1019 2922 ἐν
1047 2880 1104 2922 πα·
1124 2867 1160 2919 25

94 2985 308 2997 ψ-

89 3051 207 3171 ΡΒΡΒῆ
221 3045 265 3170 ὴβ8
284 3049 378 3116 (ευμεν.
397 3065 448 3104 scr,
468 3050 529 3106 ead.
549 3065 634 3104 manu
652 3049 801 3118 θεοιλοίρον
820 3050 981 3123 καβασίλα).
1020 3132 1022 3136 Ι
1062 3055 1104 3106 36.

202 3135 239 3171 a,
319 3158 322 3163 ,

163 3299 205 3349 15.
226 3293 313 3350 Scrib.
334 3282 483 3364 ἆνοίλογού,
502 3297 552 3350 sed
571 3296 683 3352 uidetur
701 3297 764 3368 plus
784 3297 889 3353 deesse.
960 3303 1003 3352 18.
1023 3291 1105 3369 ὅρον]

86 3362 175 3436 λόγον
194 3364 312 3421 BFVat.
403 3371 446 3421 22.
468 3361 544 3422 ἐστιν
561 3365 636 3437 vat„
656 3369 705 3422 sed
724 3385 795 3424 corr.
836 3422 839 3428 ,
881 3365 1037 3440 μεγέθους]
1057 3387 1107 3438 με·

88 3435 333 3562 ΞίὲμηΒΙὲνπῖθ
353 3436 456 3508 λόγων]
477 3431 550 3492 ὅλων
570 3439 600 3492 Β.
673 3444 717 3493 24.
736 3440 809 3508 φησί
825 3439 859 3492 F.
919 3444 971 3491 (λῶ.
984 3438 1136 3589 &RQ-m}
