2362 3796
258 141 416 194 scflom
433 142 472 192 m
490 141 764 193 ετεωεωτοτεοω
782 142 955 195 mum
1068 136 1110 202 73

93 291 136 368 τῇ
156 278 236 347 καθ’
253 278 338 366 ἡμᾶς
354 279 503 372 περιόδςο
523 284 737 366 γεγενῆσθαι,
761 280 903 366 μάλιστα
927 282 963 350 δὲ
987 284 1024 349 έν
1042 295 1113 362 τοῖς

96 383 180 453 κατά
204 385 371 454 Πλάτωνα
400 385 548 475 χρόνοις·
580 382 597 452 ὁ
623 385 659 452 δὲ
683 384 867 473 Εὐκλείδης
889 389 1028 473 γέγονεν
1051 386 1112 473 μέν

98 489 180 560 κατά
209 489 269 560 τὸν
296 495 431 576 πρώτον
455 499 684 577 Πτολεμαῖον,
713 488 753 557 τά
782 490 818 558 δὲ
846 494 1018 578 σποραδήν
1045 490 1112 561 ὑπό

95 602 166 665 τών
199 600 428 685 παλαιοτέρων
460 599 682 683 θεωρηθέντα
716 596 907 682 συνήγαγεν
935 594 1036 676 αὐτὸς
1066 603 1113 677 είς

96 709 308 790 στοιχείωσιν
331 703 423 784 τάξιν
447 701 561 784 αὐτοῖς
587 704 643 771 καὶ
671 701 857 784 ἀποδείξεις
880 702 1114 789 ἀκριβεστέρας
1150 729 1166 777 5

100 809 229 888 ἐπιθείς
253 805 297 888 ώς
319 808 402 894 πρὸς
420 816 637 897 στοιχείωσιν.
671 806 713 876 οὐ
730 805 795 898 γάρ
818 807 902 876 ὅσον
926 810 1036 893 λέγειν
1060 812 1114 876 δν·

100 915 219 1001 νατόν,
248 916 369 1003 γράφει
396 919 516 1002 ταῦτα,
547 913 620 984 ἄλλ’
648 914 711 984 ὅσα
738 919 927 1002 στοιχειοῦν
955 917 1114 1001 πέφυκεν,

99 1023 156 1090 καὶ
190 1018 236 1088 δι’
266 1013 315 1089 ών
346 1022 401 1090 καὶ
433 1021 474 1089 τὰ
506 1021 550 1108 μή
583 1022 780 1110 γραφόμενα
813 1027 903 1090 ἔστιν
932 1018 1114 1109 εὑρίσκειν·

97 1126 252 1218 εὑρήσεις
282 1127 320 1196 δὲ
346 1126 426 1208 τοὺς
455 1127 701 1215 συλλογισμοὺς
727 1129 783 1195 καὶ
813 1126 879 1196 άπὸ
910 1131 1027 1195 αίτιών
1056 1128 1113 1194 καί

92 1233 161 1303 άπὸ
185 1241 388 1321 τεκμηρίων,
411 1233 539 1312 πάντας
563 1234 600 1302 δὲ
622 1231 839 1320 άυελέγκτους
860 1234 916 1302 καὶ
940 1237 1112 1320 έπιστημο-
1133 1259 1166 1308 10

92 1340 225 1420 νικοός·
248 1343 357 1419 πάσας
378 1366 414 1409 τε
437 1337 523 1426 ὁρᾶν
547 1343 650 1422 έξέστι
673 1339 732 1420 τάς
753 1345 812 1428 τής
832 1344 1039 1425 διαλεκτικῆς
1057 1366 1112 1427 με-

93 1447 225 1525 θόδους
248 1447 470 1533 διαιρετικήν,
499 1444 686 1532 ὁριστικήυ,
713 1445 965 1533 άποδεικτικήν,
989 1445 1112 1513 άναλυ-

93 1552 202 1638 τικήν.
254 1550 272 1619 ὁ
302 1553 339 1620 δὲ
367 1551 491 1631 σκοπὸς
517 1557 575 1637 τής
602 1557 827 1638 πραγματείας
855 1552 945 1620 ἐστὶν
974 1554 1113 1629 διπλοῦς

95 1657 180 1724 κατά
204 1682 239 1722 τε
262 1656 324 1741 τήν
347 1661 415 1723 τῶν
432 1656 642 1742 πραγμάτων
665 1656 770 1742 φύσιν
789 1657 946 1742 καὶπρὸς
965 1653 1026 1741 τήν
1045 1659 1113 1722 τών

101 1761 379 1847 ἐντυγχανόντων
413 1759 586 1846 ὠφέλειαν.
641 1758 724 1848 πρὸς
756 1761 816 1846 μέν
848 1760 913 1846 γὰρ
950 1758 1035 1835 αὐτὰ
1072 1757 1113 1827 τά
1133 1787 1166 1836 16

93 1866 277 1957 πράγματα
303 1866 480 1952 βλέποντές
506 1892 617 1952 φαμεν
644 1867 719 1954 περὶ
746 1870 814 1934 τών
841 1868 1011 1952 κοσμικών
1039 1883 1114 1952 σχη-

97 1974 212 2061 μάτων
236 1970 322 2039 εἶναι
345 1970 406 2058 τήν
428 1972 608 2061 πρόθεσιν·
655 1973 756 2060 πέρας
778 1970 843 2060 γάρ
871 1968 892 2058 ή
920 1975 989 2040 τών
1016 1971 1113 2039 πέντε

97 2079 277 2167 σχημάτων
310 2081 523 2163 διδασκαλία,
554 2074 576 2145 ἃ
609 2079 664 2146 καὶ
692 2077 838 2146 Πλάτων
871 2082 919 2157 είς
950 2076 1012 2164 τήν
1043 2083 1112 2146 τών

96 2192 273 2272 στοιχείων
296 2185 456 2253 σύστασιν
479 2185 742 2272 παραλαμβάνει.
787 2184 871 2272 πρὸς
894 2183 931 2252 δὲ
958 2183 1020 2270 τήν
1042 2195 1111 2253 τών

100 2290 373 2377 ἐντυγχανόντων
395 2290 569 2379 ώφέλειάν,
586 2317 696 2378 φαμεν
720 2297 929 2377 στοιχείωσιν
951 2293 1108 2380 γράφειν·
1128 2319 1162 2367 20

97 2396 163 2466 άπὸ
188 2396 252 2484 γάρ
275 2396 405 2464 τούτων
428 2395 618 2485 ὁρμώμενοι
640 2397 696 2465 καὶ
719 2395 759 2464 τά
782 2394 866 2464 άλλα
890 2397 1110 2486 δυνησόμεθα

93 2502 287 2589 γινώσκειν,
305 2503 406 2591 χωρίς
425 2503 462 2570 δὲ
480 2502 611 2571 τούτων
628 2503 743 2571 οὐδέν·
768 2501 821 2571 διὸ
836 2504 891 2571 καὶ
905 2511 1111 2591 στοιχείωσις

96 2608 300 2697 ὀνομάζεται.
335 2614 405 2677 τών
426 2610 464 2677 δὲ
481 2608 711 2697 θεωρημάτων
725 2612 943 2696 καλουμένων
960 2615 1029 2678 τών
1048 2609 1110 2696 μὲν

97 2722 286 2802 στοιχείων,
318 2719 387 2783 τών
420 2715 458 2783 δέ
490 2720 711 2803 στοιχειωδῶν
742 2722 811 2785 τών
844 2716 905 2802 μὲν
935 2722 1110 2800 στοιχείων

95 2818 355 2906 ὀνομαζομένων
373 2818 394 2906 ή
409 2827 536 2907 θεωρία
551 2826 725 2890 διικνεῖται
738 2819 823 2908 πρὸς
836 2822 898 2909 τήν
912 2826 981 2890 τών
996 2820 1108 2888 άλλων
1127 2845 1161 2893 25

97 2925 292 3013 ἐπιστήμην,
315 2926 371 2994 καὶ
394 2924 453 3013 ἀφ’
475 2919 523 2995 ών
547 2930 584 2996 έν
605 2943 676 3008 τοῖς
698 2937 829 3008 λοιποῖς
850 2925 990 3013 άπόροις
1007 2952 1110 3015 παρα-

96 3038 226 3118 γίνεται
248 3031 357 3118 λύσις,
387 3038 611 3121 στοιχειωδῶν
640 3034 678 3103 δὲ
706 3035 768 3103 ὅσα
792 3038 949 3102 διατείνει
972 3033 1034 3121 μὲν
1058 3036 1110 3104 ἐπὶ

95 3140 209 3224 πλέον,
234 3137 275 3207 οὐ
298 3141 412 3225 μέντοι
436 3141 488 3208 ἐπὶ
506 3141 626 3228 πάντα,
650 3136 725 3209 οἷον
743 3141 781 3210 τὸ
802 3143 838 3209 έν
851 3154 922 3220 τοῖς
935 3142 1110 3228 τριγώνοις

94 3243 155 3324 τάς
174 3243 243 3346 άπὸ
266 3248 335 3313 τών
358 3250 492 3331 γωνιών
515 3250 680 3326 καθέτους
702 3247 755 3314 ἐπὶ
773 3245 833 3325 τὰς
850 3245 995 3333 πλευράς
1013 3247 1107 3332 κα[θ’

188 3410 214 3458 4.
233 3389 445 3471 παλαιόετέρων.
518 3402 721 3475 θεωρηθέντα]
740 3401 924 3474 θητεθένταλ
1000 3411 1026 3460 6.
1044 3423 1111 3476 προ·

95 3477 285 3544 στοιχείωσιν,
355 3479 396 3529 13.
415 3477 601 3569 πραγματίας.
1100 3486 1136 3571 εἰ·
