2362 3796
28 163 41 188 ·
73 108 138 171 100
224 105 381 158 SGHOLIA
397 107 437 158 IN
454 105 730 157 ELEMENTORUM
747 106 886 157 LIBRUM
900 105 922 160 1.

62 246 172 336 Ἅιδη,
197 245 370 338 Διονύσῳ,
393 244 455 332 τὴν
478 245 616 321 άυωθεν
639 242 704 313 άπὸ
727 248 789 312 τοῦ
807 242 959 331 ούρανοῦ
976 243 1084 331 παθη·

70 372 198 422 κουσαν
223 348 281 421 εἴτ’
304 348 368 419 άπὸ
391 354 461 418 τών
483 351 632 437 κέντρων
655 347 715 418 εἴτ’
737 347 802 418 άπὸ
827 354 895 417 τών
917 349 1085 439 τεττάρων

71 462 133 527 τοῦ
156 461 320 540 ζωδιακοῦ
342 456 522 544 τμημάτων
546 458 583 524 έν
601 455 733 536 τούτοις
751 455 955 547 περιλαβών·
984 454 1002 525 6
1022 455 1084 535 μέν

69 562 134 652 γάρ
157 563 292 653 Κρόνος
314 567 426 631 πᾶσαν
453 561 615 649 ὑφίστησι
642 561 705 650 τὴν
731 561 842 651 ὑγράν
870 561 927 629 καὶ
949 561 1086 651 ψυχράν

34 668 206 757 σούσίαν,
235 669 253 738 6
279 669 316 737 δὲ
333 667 436 756 ’Ἁρης
458 672 570 737 πᾶσαν
593 667 656 755 τὴν
679 673 828 756 ἔμπυρον
852 666 974 754 φύσιν,
1003 665 1022 735 6
1047 667 1085 736 δέ

61 774 176 863 ’Ἅιδης
198 773 261 861 τὴν
278 779 425 862 χθονίαν
444 771 527 860 ὅλην
546 775 678 861 συνέχει
698 772 796 860 ζωήν,
821 772 839 843 6
859 772 898 841 δέ
913 771 1085 854 Διόνυσος

67 882 130 970 τὴν
153 880 286 973 θερμὴν
310 881 378 967 άμα
401 881 456 948 καὶ
479 878 601 969 ὑγράν,
624 878 709 948 ὅθεν
732 879 824 948 καὶὸ
847 877 940 960 οἶνος
956 877 1084 966 ταύτην

69 993 155 1076 ἔχων
178 989 239 1075 τὴν
261 987 367 1075 φύσιν
386 985 516 1056 ἀνεῖται
533 990 579 1079 τῷ
599 984 661 1074 τὴν
679 988 812 1072 γένεσιν
831 985 1084 1075 ἐπιτροπεύοντι

27 1170 31 1177 ,
68 1097 148 1185 θεῷ.
193 1093 314 1172 πάντες
342 1093 379 1161 δὲ
408 1085 503 1162 οὗτοι
529 1092 613 1160 κατὰ
641 1092 703 1180 μὲν
727 1090 786 1172 τὰς
808 1096 856 1172 είς
877 1090 920 1160 τά
944 1091 1084 1180 δεύτεροι

18 1219 52 1268 10
70 1198 220 1285 ποιήσεις
247 1199 477 1286 διεστήκασιν,
504 1197 654 1286 ἥνωνται
681 1198 719 1266 δὲ
746 1197 920 1285 άλληλοις,
948 1195 1001 1265 διδ
1024 1197 1081 1265 καὶ

68 1303 151 1374 κατὰ
162 1310 243 1390 μίαν
253 1303 365 1372 αὐτῶν
379 1309 508 1390 γωνίαν
522 1302 660 1390 συνάγει
670 1303 733 1391 τὴν
744 1304 895 1374 ἕνωσιυό
909 1305 1079 1382 Φιλόλαος.

69 1414 100 1478 εί
118 1409 155 1477 δέ
168 1410 224 1478 καί
242 1420 310 1479 τών
327 1410 502 1498 τριγώνων
523 1412 685 1500 διαφοραὶ
704 1416 906 1498 συνεργοῦσι
924 1407 1006 1498 πρὸς
1018 1406 1080 1496 τὴν

69 1518 214 1604 γένεσιν,
238 1515 373 1597 εἰκότως
392 1512 436 1584 ἂν
460 1515 658 1604 δμολογοῖτο
681 1517 718 1586 τὸ
742 1524 910 1606 τρίγωνον
933 1513 1083 1605 ἀρχηγὸν

70 1620 159 1691 εἶναι
182 1626 240 1710 τῆς
262 1626 330 1692 τών
357 1621 424 1693 ύπδ
457 1623 602 1711 σελήνην
631 1624 833 1706 συστάσεως·
876 1626 896 1711 ἡ
928 1623 989 1711 μὲν
1019 1619 1083 1709 γάρ

16 1745 50 1796 15
69 1726 158 1816 ὀρθὴ
173 1736 279 1815 γωνία
292 1728 354 1817 τὴν
369 1728 490 1799 ούσίαν
510 1730 623 1811 αὐτοῖς
640 1732 816 1819 παρέχεται
834 1731 890 1799 καὶ
908 1729 946 1799 τὸ
960 1730 1083 1818 μέτρον

67 1831 218 1923 ἀφορίζει
239 1839 301 1905 τοῦ
330 1834 432 1923 εἶναι,
458 1838 515 1906 καὶ
539 1836 557 1905 6
581 1840 642 1906 τοῦ
671 1834 886 1925 ὀρθογωνίου
913 1834 1084 1926 τριγώνου

68 1940 168 2026 λόγος
195 1938 390 2024 ούσιοποιός
417 1946 485 2012 έστι
512 1947 580 2012 τών
606 1946 757 2029 γενητῶν
781 1948 970 2031 στοιχείων,
998 1939 1020 2028 ἡ
1045 1941 1084 2010 δὲ

67 2045 209 2134 ἀμβλεῖα
231 2048 295 2135 τὴν
318 2048 371 2117 ἐπὶ
393 2051 461 2116 πᾶν
486 2047 663 2117 διάστασιν
686 2047 802 2129 αὐτοῖς
825 2051 998 2134 ἐνδίδωσι,
1026 2048 1083 2116 καὶ

68 2148 86 2220 6
108 2156 171 2220 τοῦ
194 2151 434 2239 άμβλυγωυίον
457 2152 557 2238 λόγος
579 2158 627 2234 είς
648 2156 793 2241 μέγεθος
815 2153 908 2235 αύξει
925 2153 981 2222 καὶ
999 2177 1083 2221 παν-

15 2276 50 2326 20
67 2263 164 2326 τοίαν
188 2264 321 2327 ἔκτασιν
343 2256 384 2325 τὰ
412 2263 485 2345 είδη
514 2258 554 2327 τά
583 2265 701 2346 ένυλα,
733 2257 754 2347 ἡ
787 2260 825 2329 δὲ
857 2260 948 2343 ὀξεῖα
974 2266 1083 2345 γωνία

68 2361 239 2449 διαιρετὴν
263 2361 371 2450 αὐτὴν
393 2363 548 2433 ἀποτελεῖ
567 2363 630 2451 τὴν
653 2365 776 2452 φύσιν,
800 2366 856 2434 καὶ
880 2363 898 2435 6
922 2368 984 2433 τοῦ
1006 2361 1083 2445 ὀξυ-

67 2472 196 2554 γωνίου
214 2470 313 2555 λόγος
332 2469 382 2538 έπ’
403 2469 543 2560 άπειρον
566 2470 681 2552 αὐτοῖς
702 2470 761 2552 τὰς
783 2475 962 2562 διαιρέσεις
978 2495 1084 2558 παρακ

68 2573 216 2656 σκευάζει
230 2578 405 2661 γενέσθαι·
421 2576 534 2658 ἁπλῶς
548 2577 586 2646 δέ
600 2575 617 2645 6
633 2577 831 2665 τριγωνιιιὸς
843 2577 945 2663 λόγος
959 2575 1081 2646 ούσίαν

68 2680 250 2768 διαστατὴν
263 2683 320 2751 καὶ
334 2682 442 2770 πάντη
457 2681 616 2770 μεριστὴν
631 2680 792 2769 ὑφίστησι
801 2681 863 2770 τὴν
872 2693 940 2752 των
950 2682 1080 2752 ἐνάλων

15 2809 49 2860 25
68 2786 241 2874 σωμάτων.
262 2801 408 2858 τοσαῦτα
423 2789 484 2876 μέν
498 2789 573 2875 περὶ
588 2788 761 2875 τριγώνων
777 2797 909 2877 είχομευ
923 2800 1081 2878 θεωρεῖν,

67 2895 103 2962 έκ
117 2893 155 2963 δὲ
168 2897 298 2963 τούτων
311 2895 430 2982 λάβοις
443 2891 487 2963 άν
500 2898 569 2962 τών
589 2894 794 2981 διαιρέσεων,
813 2897 869 2964 ναὶ
883 2894 936 2964 ότι
949 2896 990 2963 τὰ
1006 2899 1080 2984 είδη

66 2998 174 3069 πάντα
197 3006 266 3069 τών
289 3000 464 3089 τριγώνων
487 2998 568 3068 ἑπτά
592 3002 661 3067 έστι
690 3000 746 3067 καὶ
775 2999 852 3069 οὔτε
877 3007 979 3070 πλείω
1004 2999 1083 3070 ούτε

67 3104 199 3174 έλάττω.
235 3105 272 3175 τό
296 3104 358 3193 μέν
381 3103 583 3194 ἰσόπλευρον
607 3106 644 3199 ἕν
668 3108 736 3173 ἐστι
759 3106 868 3193 μόνον
891 3104 1081 3192 ὀξυγώνιον

66 3207 230 3298 ὑπάρχον,
254 3216 321 3279 τών
345 3210 382 3279 δὲ
405 3215 533 3279 λοιπῶν
557 3210 716 3299 ἑκάτερον
739 3217 913 3301 τριπλοῦν·
936 3213 1081 3302 καὶγὰρ

140 3374 181 3425 13.
201 3365 380 3439 ὡμολογεῖτο.
472 3375 513 3424 16.
533 3364 562 3441 6]
582 3386 737 3439 suprascr.
813 3370 966 3445 τριγώνου]
988 3389 1080 3444 comp.

66 3455 223 3508 suprascr.
296 3446 338 3495 28.
360 3437 484 3497 έλάττωι.
557 3445 600 3496 29.
620 3439 665 3513 δέ]
684 3439 729 3511 δή.
1067 3443 1072 3452 ’
