2362 3796
236 162 393 214 SCHOLIA
411 163 450 214 IN
468 163 742 215 ELEMENTORUM
759 164 898 215 LIBRUM
912 165 934 215 1.
1023 161 1088 227 107

71 301 199 391 τρόπον
222 299 281 381 τὰς
302 300 538 390 παραλλήλους
560 298 712 387 εὐθείας,
742 300 761 371 ὁ
785 303 822 372 δὲ
845 305 1088 384 Ποσειδώνιος·

72 408 297 496 παράλληλοι,
324 414 447 495 φησίν,
475 412 562 475 εἰσιν
590 412 627 474 αἱ
653 407 734 495 μήτε
758 411 983 479 συννεύουσαι
1006 409 1088 497 μήτε

72 513 302 584 ἀπονεύουσαι
326 517 363 582 ἐν
387 514 437 582 ἑνί
462 515 618 605 έπιπέδςο,
642 512 716 583 ἀλλ’
735 523 809 594 ἴσας
827 520 962 602 ἔχουσαι
980 515 1088 595 πάσας

72 620 133 701 τάς
155 621 321 700 καθέτους
341 618 400 700 τάς
423 618 590 707 ἀγομένας
619 618 686 690 ἀπὸ
714 625 783 689 τῶν
809 625 867 708 τής
900 623 1011 707 ἐτέρας
1034 641 1089 708 σή-

74 733 180 815 μείων
204 727 257 795 ἐπὶ
274 724 337 813 τήν
354 729 488 814 λοιπήν·
512 725 588 795 ὅσαι
609 724 640 795 δ’
657 723 702 796 ἀν
722 727 879 807 ἐλάττους
897 724 949 796 ἀεὶ
968 730 1089 796 ποιῶσι
1107 751 1123 800 σ

76 859 138 912 τας
160 834 336 918 καθέτους,
359 831 582 901 συννεύουσιν
605 831 778 919 ἀλλήλαις·
815 831 836 920 ή
859 826 924 923 γάρ
947 832 1090 913 κάθετος

74 938 116 1006 τά
132 963 167 1006 τε
179 936 250 1023 ὕψη
264 948 332 1006 τῶν
345 944 479 1027 χωρίων
492 939 548 1007 καὶ
561 938 602 1006 τά
618 939 824 1027 διαστήματα
838 951 907 1008 τοῖν
925 949 1090 1026 γραμμῶν

76 1043 198 1130 ὁρίζειν
217 1044 367 1114 δύναται.
404 1045 520 1133 διόπερ
540 1054 623 1114 ἴσων
642 1047 704 1133 μὲν
717 1049 788 1116 τάν
800 1049 955 1116 καθέτων
975 1043 1090 1114 οὐσῶν

74 1160 130 1218 ἴσα
152 1149 192 1219 τά
215 1151 424 1239 διαστήματα
446 1162 515 1221 τῶν
539 1149 700 1238 εὐθειοῖν,
731 1151 894 1240 μειζόνων
915 1154 972 1221 καὶ
996 1154 1087 1220 έλατ-

71 1256 182 1326 τόνων
204 1259 416 1345 γιγνομένων
443 1259 499 1326 καὶ
530 1255 551 1344 ή
579 1255 762 1339 ἀπόστασις
789 1262 1003 1345 ἐλασσοῦται,
1031 1258 1088 1326 καὶ
1108 1280 1141 1331 10

71 1364 296 1433 συννεύουσιν
324 1362 499 1451 ἀλλήλαις,
534 1361 587 1451 ἐφ’
613 1361 634 1433 ἀ
663 1367 745 1454 μέρη
775 1366 862 1434 εἰσὶν
890 1369 927 1433 αλ
947 1366 1087 1435 κάθετοι

72 1470 260 1550 ἐλάσσονες.
312 1476 365 1539 δεῖ
392 1471 430 1538 δὲ
462 1472 604 1556 εἰδέναι,
637 1468 689 1540 ότι
721 1471 758 1540 τὸ
792 1470 1013 1557 ἀσύμπτωτον
1046 1469 1087 1540 οὐ

72 1577 205 1656 πάντως
227 1575 464 1662 παραλλήλους
486 1588 576 1642 ποιεῖ
591 1576 651 1653 τὰς
669 1576 834 1661 γραμμάς·
862 1575 1000 1662 καὶγὰρ
1019 1589 1087 1645 τῶν

74 1678 288 1766 ὁμοκέντρων
311 1678 445 1745 κύκλων
469 1681 505 1744 αί
525 1681 732 1765 περιφέρειαι
757 1677 798 1746 οὐ
826 1688 1088 1766 συμπίπτουσιν·

73 1783 159 1853 ἀλλὰ
184 1784 315 1851 δεῖκαὶ
343 1779 393 1850 ἐπ’
421 1781 561 1869 ἀπειρον
588 1781 692 1863 αὐτάς
714 1783 943 1870 ἐκβάλλεσθαι.
988 1798 1087 1856 τοῦτο
1109 1808 1141 1857 1⁶

74 1891 113 1960 δὲ
138 1887 180 1959 οὐ
204 1889 325 1976 μόναις
345 1885 487 1978 ὑπάρχει
510 1903 584 1969 ταῖς
605 1888 764 1978 εὐθείαις,
787 1887 872 1958 ἀλλὰ
895 1890 951 1957 καὶ
974 1890 1090 1973 ἀλλαις

72 2010 252 2087 γραμμαῖς·
277 1994 424 2088 δυνατόν
442 1995 508 2085 γὰρ
526 2001 649 2084 νοῆσαι
667 1999 868 2084 τεταγμένας
886 1999 996 2079 ἕλικας
1014 2000 1088 2086 περὶ

75 2103 212 2182 εὐθείας
246 2105 475 2190 γραφομένας,
517 2107 640 2183 αἵτινες
677 2106 981 2192 συνεκβαλλόμεναι
1017 2119 1089 2186 ταῖς

75 2207 225 2287 εὐθείαις
248 2213 294 2288 είς
317 2206 458 2296 άπειρον
481 2207 562 2279 οὐδὲ
584 2208 659 2278 τότε
683 2217 938 2296 συμπίπτουσιν.
982 2224 1086 2282 ταῦτα

75 2313 138 2399 μέν
157 2305 219 2381 οὐν
237 2312 326 2402 παρὰ
344 2314 474 2384 τούτων
495 2314 608 2403 ὀρθοῖς
622 2323 764 2404 Γεμῖνος
781 2322 905 2386 διεῖλεν
925 2319 958 2400 ἐξ
974 2316 1087 2408 ἀρχῆς,
1105 2339 1140 2387 κο

77 2417 130 2487 ὅτι
152 2431 219 2488 τοῖν
241 2422 404 2508 γραμμῶν
432 2425 470 2488 αί
494 2424 556 2510 μέν
584 2428 670 2498 εἰσιν
694 2421 875 2513 ὡρισμέναι
897 2425 953 2493 καὶ
977 2438 1087 2514 σχῆμα

74 2528 298 2615 περιέχουσιν,
320 2526 366 2607 ὡς
390 2525 408 2596 ὁ
431 2527 552 2609 κόκλος
570 2529 624 2596 καὶ
644 2526 664 2615 ή
683 2541 742 2616 τῆς
760 2533 934 2613 ἐλλείψεως
952 2529 1086 2618 γραμμή

75 2632 132 2699 καὶ
149 2629 170 2717 ή
189 2632 380 2720 κισσοειδής
396 2634 452 2701 καὶ
467 2632 565 2701 άλλαι
579 2643 800 2722 παμπληθεῖς,
824 2641 862 2704 αί
879 2636 916 2705 δέ
935 2634 1087 2723 ἀόριστοι

73 2737 130 2804 καὶ
152 2741 200 2816 είς
222 2737 362 2826 ἀπειρον
385 2741 637 2828 ἐκβαλλόμεναι,
662 2738 707 2820 ὡς
728 2741 749 2827 ή
774 2741 892 2810 εὐθεῖα
912 2741 968 2808 καὶ
986 2739 1007 2825 ή
1027 2743 1087 2808 τοῦ

74 2841 288 2928 ὀρθογωνίου
311 2845 425 2913 κάνου
446 2845 530 2934 τομή
554 2847 610 2914 καὶ
634 2844 654 2933 ή
682 2857 743 2915 τοῦ
769 2844 1007 2933 ἀμβλυγωνίου
1030 2846 1085 2914 καὶ
1104 2868 1139 2919 2⁶

72 2945 93 3035 ή
117 2951 323 3038 κογχοειδής.
369 2951 471 3019 πάλιν
494 2951 533 3019 δὲ
556 2949 668 3020 αὐτῶν
692 2957 740 3030 είς
762 2949 905 3039 ἀπειρον,
931 2953 1087 3038 ἐκβαλλο-

72 3058 185 3142 μένων
214 3060 251 3123 αί
278 3056 339 3142 μέν
367 3056 469 3125 οὐδὲν
498 3068 608 3144 σχήμα
637 3060 962 3146 περιλαμβάνουσιν,
995 3056 1039 3136 ὡς
1065 3056 1086 3145 ή

71 3160 190 3230 εὐθεῖα
213 3164 268 3230 καὶ
293 3166 330 3229 αί
350 3165 488 3231 κωνικαὶ
511 3166 608 3250 τομαὶ
634 3167 671 3230 αί
690 3165 874 3252 εἰρημέναι,
898 3165 936 3229 αί
953 3162 989 3229 δέ
1009 3183 1088 3232 συν-

145 3360 170 3409 2.
190 3351 385 3425 παραλλήλοις.
459 3363 482 3413 6.
503 3356 657 3427 καθέτους]
680 3349 752 3408 καθ’
772 3349 870 3408 αὐτοῦ.
944 3360 986 3409 15.
1005 3351 1088 3429 ἀλλά]

72 3442 145 3481 corr.
165 3442 200 3479 ex
218 3424 332 3494 ἀλληλα.
405 3433 448 3481 21.
467 3429 592 3497 γραμῶν,
611 3443 694 3495 supra
708 3424 772 3479 add.
786 3445 814 3494 μ.
887 3431 930 3481 22.
949 3423 985 3497 ή]
1004 3443 1091 3497 στερη

75 3512 130 3551 scr.
149 3513 186 3548 m.
206 3501 232 3552 2.
305 3493 465 3564 ἐκλείψεως.
539 3504 581 3550 23.
601 3495 768 3564 παμπληθῆ,
787 3511 858 3549 corr.
878 3512 915 3551 m.
932 3501 960 3551 8.
996 3508 1094 3574 :fl
