2362 3796
106 129 172 194 282
259 130 415 183 SCHOLIA
435 133 475 184 IN
492 132 767 184 ELEMENTORUM
784 133 923 186 LIBRUM
936 133 969 187 V.

110 270 227 358 ζόνων,
245 268 571 356 ὐποπολλαιιλόσιος,
589 269 809 358 ὐπεπιμόριος
826 272 882 339 καὶ
897 272 971 358 ἑξῆς
990 270 1124 359 ὁμοίως.

107 377 218 444 ίστέον
241 377 293 462 δέ,
322 374 368 455 ῶς
394 376 432 445 τὸ
462 383 596 464 βιβλίον
619 382 696 466 διχῇ
722 376 877 467 διῄρηται
899 379 955 446 καὶ
978 379 1123 465 περιέχει

106 481 145 550 τὰ
165 483 226 570 μέν
240 487 354 571 πρῶτα
368 480 430 569 τὴν
444 487 513 551 τῶν
526 481 764 571 ἁπλουστέρων
779 487 1011 569 διδασκαλίαν,
1028 512 1123 555 τουτ-

106 591 176 658 έστι
198 586 260 676 τὴν
281 592 350 656 τῶν
367 594 638 674 πολλαπλασίων,
661 588 701 657 τὰ
721 589 759 658 δὲ
779 589 917 677 δεύτερα
935 591 1121 660 καθολικῶ-

72 723 88 773 5
106 721 204 779 τερον
227 695 303 782 περὶ
325 694 461 764 πόντων
482 699 552 763 τῶν
575 695 696 782 λόγων.
742 700 796 765 δεῖ
820 696 883 783 γὰρ
908 697 961 765 ἐπὶ
975 697 1120 783 παντός,

107 800 153 882 ῶς
175 810 315 890 είρηται,
338 801 530 888 πράγματος
547 799 609 888 τὴν
627 805 695 871 τῶν
714 799 831 871 ἁπλῶν
850 800 1008 889 ἡγεῖσθαι
1028 807 1121 871 διδα-

105 914 256 977 σκαλίαν.
305 919 350 998 τῷ
385 907 422 975 δὲ
453 912 512 994 τῆς
537 912 600 977 τοῦ
626 913 761 995 βιβλίου
790 910 982 996 διαιρέσεως
1008 909 1121 1003 τρόπῳ

104 1016 159 1084 καὶ
183 1012 204 1102 ἡ
227 1018 296 1083 τῶν
320 1012 411 1100 ὅρων
429 1014 603 1100 γεγένηται
623 1018 797 1103 διαίρεσις·
827 1019 862 1083 ολ
877 1015 940 1102 μὲν
957 1013 1024 1102 γδιρ
1043 1014 1122 1100 πρό·

103 1147 194 1205 τεροι
216 1120 291 1205 περὶ
315 1124 426 1208 μερῶν
449 1119 505 1187 καὶ
526 1126 796 1207 πολλαπλασίων,
822 1124 857 1190 οί
878 1121 916 1189 δὲ
939 1121 1017 1208 ἑξῆς
1040 1130 1122 1189 καθ·

54 1252 88 1303 10
107 1227 300 1314 ολικῶτεροι
323 1226 398 1314 περὶ
422 1225 560 1295 πάντων
582 1237 651 1295 τῶν
674 1227 796 1314 λόγων.

171 1336 201 1400 2.
234 1329 373 1416 Ἰστέον,
403 1329 454 1400 ὅτι
480 1331 518 1400 τό
547 1332 575 1400 ε’
599 1338 733 1419 βιβλίον
757 1331 839 1402 όλον
861 1333 1121 1420 θεωρηματικόν

105 1441 205 1508 ἐστιν.

170 1547 199 1613 3.
240 1546 347 1611 Τοῦτο
376 1542 414 1611 τὸ
444 1548 578 1630 βιβλίον
606 1543 763 1626 Εὐδόξου
790 1548 852 1612 τού
879 1548 1029 1615 Κνιδίου
1060 1549 1121 1614 τοῦ

104 1654 339 1739 μαθηματικοῦ
371 1655 432 1718 τοῦ
464 1648 547 1719 κατὰ
579 1648 657 1729 τούς
685 1652 871 1731 Πλάτωνος
898 1650 1046 1738 χρόνους
1071 1678 1122 1739 γε·

52 1781 85 1832 15
104 1759 244 1844 γονότος
258 1753 346 1824 εἶναι
360 1757 500 1843 λέγεται,
516 1757 750 1841 ἐπιγέγραπται
766 1755 803 1823 δὲ
817 1754 907 1844 ὅμως
921 1754 1121 1844 Εὐκλείδου,

104 1861 176 1932 ἀλλ’
198 1860 239 1931 οὐ
256 1860 339 1930 κατοὶ
358 1889 434 1930 τινα
449 1863 560 1946 ψευδῆ
576 1861 779 1948 ἐπιγραφήν·
803 1859 964 1950 εὑρέσεως
978 1861 1043 1950 μὲν
1057 1862 1121 1950 γὰρ

104 1971 199 2037 ἕνεκα
218 1967 323 2036 ἄλλον
341 1964 433 2045 τινὸς
448 1965 550 2035 οὐδέν
569 1965 691 2034 κωλύει
709 1964 808 2053 εἶναι,
826 1971 885 2054 τῆς
903 1969 1019 2055 μέντοι
1036 1965 1121 2036 κατὰ

105 2088 270 2162 στοιχείου
294 2070 406 2140 αὐτῶν
431 2071 618 2153 συντάξεως
640 2071 740 2159 χάριν
767 2075 824 2141 καὶ
847 2078 905 2160 τῆς
928 2072 1012 2160 πρὸς
1035 2073 1122 2143 ἄλλα

103 2190 171 2248 τῶν
201 2176 289 2247 οὕτω
317 2180 511 2263 ταχθέντων
545 2175 751 2257 ἀκολουθίας
785 2175 997 2264 ὡμολόγηται
1030 2178 1122 2266 παρὰ

50 2309 86 2360 20
104 2289 207 2352 πᾶσιν
224 2280 413 2351 Εὐκλείδου
431 2280 527 2350 εἶναι.
565 2283 688 2364 σκοπὸς
707 2284 745 2352 δὲ
763 2284 886 2353 τούτου
904 2286 965 2352 τού
984 2289 1123 2370 βιβλίου

103 2391 179 2477 περὶ
197 2393 265 2457 τῶν
281 2388 434 2457 καθόλου
447 2393 602 2476 μεγεθῶν
617 2392 698 2475 ἐστι,
717 2392 755 2458 έν
769 2387 884 2468 ἄλλοις
898 2389 1124 2472 διδάσκοντος

103 2502 181 2583 περί
209 2522 301 2574 τινος
333 2497 499 2581 μεγέθους
525 2499 586 2563 τοῦ
615 2491 814 2564 Εὐκλείδου.
864 2496 933 2564 ἐπεὶ
961 2494 1028 2584 γὰρ
1059 2501 1123 2566 τοῦ

104 2603 268 2688 μεγέθους
285 2606 360 2689 τρία
378 2605 451 2687 εἴδη
472 2604 569 2687 εἰσίν,
588 2601 734 2688 γραμμή,
754 2600 943 2688 έπιφόυεια,
966 2602 1123 2690 στερεόν

103 2735 158 2777 και
147 2704 289 2795 περλ’
271 2713 351 2774 αναλ
358 2710 475 2792 ογιῶν·
499 2704 618 2774 κοινὸν
637 2705 701 2831 γάρ
721 2709 789 2775 ἐστι
804 2711 904 2774 τοῦτο
918 2715 1125 2796 γεωμετρίας

51 2838 85 2889 25
104 2816 159 2882 καὶ
182 2812 405 2900 ἆριθμητικης
427 2812 483 2878 καὶ
506 2808 619 2890 ἁπλῶς
641 2832 750 2898 πασης
773 2817 1017 2900 μαθηματικης.

175 3051 199 3099 2.
219 3043 282 3101 v·1.
355 3050 379 3098 3.
398 3061 418 3097 u
437 3044 476 3111 (et
494 3059 515 3109 r,
535 3039 586 3095 sed
604 3041 662 3110 legi
680 3041 727 3095 uix
746 3044 858 3111 potest),
876 3060 903 3098 n.

105 3178 316 3188 ——--——·

177 3261 200 3310 1.
220 3249 527 3308 ὐποπολλαιτλόσιοιΕ.
587 3247 818 3321 ὐπεπιμόριοιΕ.
887 3260 912 3309 2.
933 3255 959 3306 δι
982 3258 1125 3333 ρεηταιΡ,

104 3327 154 3380 sed
172 3342 242 3381 corr
315 3330 339 3379 3
359 3322 501 3378 τουτέστιν
521 3323 585 3378 vat.
659 3329 684 3378 4
703 3320 917 3392 καθολικῶτερα
934 3273 1030 3382 yffi
1099 3335 1124 3385 ὁ.

103 3396 172 3466 τῶν]
192 3413 246 3452 om.
265 3395 295 3450 Ε.
386 3400 411 3448 Β
430 3415 450 3448 π
452 3391 616 3478 ρῶτεροιΡ
701 3400 741 3448 13.
763 3395 897 3449 Κνιδείον
916 3412 988 3453 nur.
1079 3404 1125 3458 16.

100 3462 215 3534 γευδγν
231 3484 283 3521 nu,
358 3471 401 3522 23.
420 3415 489 3522 Ρόελ
508 3460 621 3534 στερεόν
640 3464 742 3519 lacuna
757 3465 868 3519 uidetur
886 3481 955 3522 esse.
