2362 3796
243 148 399 202 εοΗωαΑ
416 151 456 202 ια
473 151 747 204 Εεωωοαεοειοω
765 153 904 205 mmm
917 154 964 206 1v.
1041 150 1108 217 275

91 292 284 373 δοθέν[τος]
309 288 476 376 σχήματος
500 295 636 376 γωνιῶν
663 286 684 378 ή
711 297 948 379 περιφερειῶν,
977 291 1107 379 δηλαδή

92 399 154 464 τοῦ
179 393 284 479 ἐντός,
306 395 519 482 ἐφάπτωνται
541 401 603 465 τοῦ
626 397 719 478 ἐντὸς
742 400 781 464 αί
800 403 983 485 π[λευραί].

501 627 560 692 Ad
583 628 651 694 def.
677 630 705 694 7.

160 750 189 816 7.
218 744 493 836 Ἐναρμόζεσθαι]
513 747 595 819 ὅταν
614 747 716 838 άμφω
730 748 771 818 τά
785 752 910 838 πέρατα
925 749 1108 838 ἐφάπτηται

91 856 150 939 τῆς
172 859 391 940 περιφερείας.
1144 857 1161 907 5

483 1017 541 1082 Ad
563 1039 666 1102 prop.
690 1017 716 1082 I.

159 1141 190 1206 8.
228 1133 318 1206 Ἐπεί
349 1137 476 1219 παντὸς
509 1138 676 1225 σχήματος
711 1139 920 1227 ἁπλουστέρα
957 1141 1049 1208 ἐστίν
1085 1135 1105 1226 ή

89 1241 226 1332 γραμμή
256 1243 313 1311 διὰ
339 1243 377 1312 τὸ
409 1246 442 1326 ἐξ
472 1242 576 1332 αὐτῆς
602 1239 623 1332 ή
649 1242 763 1314 αὐτῶν
785 1249 852 1314 πάν
875 1243 964 1314 εἶναι
986 1249 1108 1333 σχήμα,

90 1353 149 1419 διά
176 1355 278 1420 τοῦτο
310 1351 476 1439 πρότερον
489 1362 493 1370 ’
507 1351 582 1437 περὶ
609 1355 686 1438 τοῦ,
719 1355 789 1432 πῶς
820 1353 1109 1440 ἐναρμοσδήσεται

92 1455 211 1526 εὐθεῖα
242 1459 280 1525 ἐν
311 1456 422 1548 αάκλφ
456 1456 676 1544 διαλαμβάνει
709 1459 747 1526 ἐν
775 1462 821 1550 τῷ
853 1459 1003 1548 προτέρῳ
1029 1483 1106 1544 προ·
1127 1474 1164 1526 10

92 1564 242 1650 βλήματι.
279 1561 336 1631 διά
359 1566 459 1631 τοῦτο
483 1560 547 1650 γὰρ
565 1562 621 1630 καὶ
644 1562 704 1631 τὸν
728 1567 776 1642 είς
797 1574 897 1631 τοῦτο
921 1561 1108 1649 συμβαλλό-

92 1694 197 1756 μενον
229 1667 312 1756 ὅρον
344 1676 537 1738 τελευταῖον
568 1668 757 1755 τετήρηκεν.
813 1665 880 1737 εὗδ’
908 1665 995 1735 οὕτω
1028 1690 1108 1754 προ-

90 1781 220 1862 βαίνων
247 1772 316 1866 ὁδῷ
343 1775 399 1842 καί
427 1774 503 1862 περὶ
529 1784 607 1860 τοῦ,
634 1785 705 1853 πῶς
732 1776 841 1859 σχῆμα
864 1771 1108 1859 εὐθύγραμμον

89 1881 334 1969 ἐγγραφήσεται
359 1876 379 1968 ή
403 1879 687 1968 περιγραφήσεται
707 1879 818 1971 κάαλφ
841 1875 863 1946 δ’
887 1883 1029 1966 ἔμπαλιν
1050 1877 1108 1946 κά-

88 1996 168 2068 αλος
190 1987 432 2078 εὐθυγράμμῳ,
457 1985 594 2074 διδάξει,
618 1984 833 2072 πρῶτονμὲν
850 1984 1015 2071 περὶτοῦ,
1038 1989 1108 2066 πῶς
1127 2002 1162 2054 15

88 2100 269 2179 τρίγωνον,
289 2090 359 2159 είτα
376 2092 589 2178 τετράγωνον
608 2092 664 2160 καὶ
684 2093 802 2179 ἐφεξῆς
819 2090 1035 2178 πεντάγωνον
1050 2092 1106 2160 καί

91 2198 171 2284 μετὰ
192 2202 301 2265 ταῦτα
323 2197 502 2285 ἑξάγωνον.

479 2414 537 2479 Ad
558 2437 661 2500 prop.
684 2413 727 2480 ΙΙ.

158 2537 187 2602 9.
227 2532 382 2623 Ἐδείχδή
415 2537 453 2604 ἐν
482 2535 534 2603 ἑνὶ
563 2534 763 2622 θεωρήματι
785 2538 847 2604 τοῦ
875 2536 909 2602 α’
938 2541 1106 2624 στοιχείου

91 2642 136 2728 [1,
161 2644 232 2729 13],
268 2640 336 2728 ὅτι,
371 2640 432 2710 ἐὰν
459 2639 576 2710 εὐθεῖα
604 2640 654 2710 ἐπ’
685 2639 824 2710 εὐθεῖαν
851 2650 1013 2709 σταθεῖσα
1040 2648 1105 2709 εἴτε
1123 2660 1159 2712 20

90 2752 173 2836 μίαν
196 2755 262 2815 εἴτε
284 2752 420 2828 πλείους
442 2750 561 2835 ἐφεξής
582 2751 662 2836 ποιή
690 2753 829 2833 γωνίας,
858 2746 957 2814 δυσὶν
985 2743 1106 2833 ὀρθαῖς

90 2863 166 2934 ἴσας
202 2850 306 2933 αὐτάς
337 2857 510 2941 ποιοῦσιν,
547 2859 615 2922 ἔστι
648 2850 679 2920 δ’
715 2851 1013 2937 ἀποδεδειγμένον,
1048 2850 1106 2918 καὶ

89 2958 142 3029 ὅτι
168 2961 296 3039 παντὸς
326 2958 495 3046 τριγάνου
526 2962 563 3026 αί
591 2973 679 3046 τρεῖς
706 2963 826 3045 γωνίαι
857 2957 957 3024 δυσὶν
985 2954 1106 3045 ὀρθαῖς

162 3198 185 3246 ῖ.
206 3209 233 3260 q.
307 3194 332 3245 8.
351 3207 402 3259 vp.
476 3196 500 3244 9.
519 3208 539 3243 r.

85 3329 304 3342 .....---

163 3412 205 3462 10.
229 3401 369 3475 προτέρῳ]
389 3394 509 3472 πράτφῖ
596 3405 638 3456 11.
662 3397 877 3472 σνμβαλόμενον
894 3418 921 3458 v.
1006 3408 1051 3459 12.
1071 3422 1106 3473 τι
1136 3438 1143 3475 .·

86 3472 242 3546 τετήρηκεν
261 3493 288 3529 v.
1073 3488 1144 3581 Δ

917 3559 978 3619 W
