2362 3796
134 117 199 183 130
284 121 440 173 scflom
459 81 790 176 1N⁸ELEMENTORUM
809 125 984 178 LIBRUMI.

492 282 548 348 Ad
572 305 676 369 prop.
698 283 789 349 vm.

198 405 251 470 43.
270 401 370 489 Ὅπερ
386 408 451 491 ἔχει
469 403 766 492 κατηγορούμενον
780 403 819 472 τὸ
839 402 872 472 δ’
886 407 1058 494 θεώρημα,
1078 412 1145 495 ἔχει

131 507 169 577 τὸ
193 510 228 597 η’
246 507 478 597 ὑποκείμενον,
501 510 557 578 καὶ
581 507 662 598 ὅπερ
684 512 724 579 τὸ
743 510 775 577 δ’
794 507 1027 599 ὑποκείμενον,
1050 510 1089 581 τὸ
1108 512 1145 601 η’

129 615 431 703 κατηγορούμενον.

94 745 111 795 ⁶
196 727 248 791 44.
294 721 339 791 Τὸ
373 721 497 809 ὄγδοον
529 723 691 811 δεάρημα
718 725 944 812 ἀντίστροφον
975 725 1039 810 μέν
1075 727 1144 794 ἐστι

56 844 61 850 ’
129 839 190 897 τοῦ
206 828 378 915 τετάρτου,
397 828 439 898 οὐ
452 828 535 897 κατά
554 828 617 917 τὴν
635 831 892 917 προηγουμένην
911 828 1143 920 ἀντιστροφὴν

129 937 277 1022 ληφθέν·
310 933 353 1003 οά
374 934 441 1022 γάρ
464 934 547 1023 ὅλην
569 939 632 1023 τὴν
654 934 822 1004 ὑπόθεσιν
845 940 977 1005 ἐκείνου
999 951 1142 1006 ποιεῖται

129 1043 348 1128 συμπέρασμα
369 1042 425 1109 καῖ
449 1040 530 1110 ὅλον
552 1041 590 1110 τὸ
615 1043 833 1129 συμπέρασμα
851 1039 1033 1110 ὑπόθεσιν·
1055 1041 1142 1112 άλλά

128 1145 165 1214 τὸ
190 1147 251 1233 μὲν
269 1150 328 1232 τῆς
344 1145 541 1227 ὑποθέσεως
555 1153 616 1216 τοῦ
633 1150 800 1236 τετάρτου,
823 1173 861 1216 το
882 1147 920 1216 δὲ
937 1152 1008 1216 τάν
1025 1150 1141 1241 ἐκείνω

77 1272 110 1321 10
130 1254 341 1339 ζητουμένων
365 1255 556 1339 συμπλέκου
577 1257 749 1321 δείκνυσιν
771 1255 808 1321 ἒν
826 1279 858 1322 τι
876 1257 944 1322 τῶν
963 1255 1031 1322 έκεῖ
1045 1257 1138 1320 δεδο-

129 1359 248 1444 μένων.
293 1356 332 1425 τὸ
355 1358 416 1445 μέν
439 1358 504 1446 γάρ
526 1359 586 1438 τάς
608 1359 671 1426 δύο
694 1358 840 1446 πλευράς
863 1367 938 1438 ἴσας
959 1356 1044 1426 εἶναι
1064 1369 1137 1438 ταις

128 1467 190 1532 δύο
208 1473 367 1550 πλευραῖς
384 1463 546 1545 ὑπόθεσίς
565 1468 654 1534 ἐστιν
673 1468 712 1533 έν
728 1463 942 1552 ἀμφοτέραις,
961 1463 999 1533 τὸ
1021 1463 1059 1532 δὲ
1075 1463 1140 1550 τὴν

127 1568 228 1656 βάσιν
257 1579 336 1657 ἴσην
362 1581 403 1662 τῇ
430 1570 526 1657 βάσει
550 1573 586 1640 έν
612 1574 726 1663 ἐκείνω
751 1569 813 1658 μὲν
835 1573 906 1638 τῶν
929 1571 1141 1657 ζητουμένων

126 1669 181 1764 ἦν,
206 1679 242 1746 έν
267 1677 304 1746 δὲ
326 1678 435 1770 τούτῳ
459 1679 600 1746 δέδοται.
636 1675 677 1746 τὸ
700 1677 738 1745 δὲ
760 1675 822 1762 την
845 1681 976 1762 γωνίαν
997 1684 1077 1764 ἴσην
1099 1681 1140 1765 τῇ

74 1801 107 1852 15
127 1789 234 1874 γωνίᾳ
262 1788 448 1872 δεδομένον
475 1783 536 1871 μὲν
569 1785 607 1852 έν
639 1785 770 1874 ἐκείνω,
805 1782 1009 1868 ζητούμενον
1038 1781 1077 1850 δέ
1102 1784 1140 1851 έν

125 1889 241 1982 τούτῳ.
282 1890 389 1976 μόνον
413 1889 451 1958 δὲ
473 1888 495 1977 ἡ
520 1888 684 1976 έναλλαγὴ
706 1893 775 1956 τάν
799 1888 993 1974 δεδομένων
1012 1888 1069 1954 καὶ
1089 1895 1140 1975 ζη

124 1999 300 2084 τουμένων
325 2009 416 2064 ποιεῖ
440 1995 503 2081 τὴν
531 1993 768 2081 άντιστροφήν.
818 1992 863 2061 δι’
888 1990 932 2080 ἣν
961 1992 999 2061 δὲ
1026 1998 1140 2063 αἰτίαν

126 2101 251 2188 ὄγδοον
278 2104 428 2169 τέτακται
454 2102 510 2168 καὶ
539 2099 583 2167 οὗ
608 2099 688 2187 μετά
715 2097 754 2168 τὸ
781 2102 940 2185 τέταρτον
963 2096 1072 2180 εὐθὺς
1093 2097 1140 2181 ὥς

125 2205 365 2294 άντίστροφον,
395 2205 548 2293 καθάπερ
577 2205 619 2292 δὴ
643 2205 722 2292 μετά
745 2203 785 2274 τὸ
807 2207 959 2292 πέμπτον
978 2203 1016 2273 τὸ
1040 2207 1139 2276 ἕκτον

71 2333 106 2382 20
125 2311 351 2398 ἀντίστροφον
376 2309 416 2380 δν
434 2316 498 2380 τοῦ
513 2314 678 2399 πέμπτου·
698 2314 753 2381 καὶ
772 2313 839 2399 γάρ
855 2310 896 2379 τά
914 2320 1050 2378 πλείστα
1068 2317 1139 2380 τῶν

125 2416 416 2505 άντιστρεφόντων
454 2421 563 2486 ἕπεται
595 2433 665 2498 τοϊς
696 2418 964 2505 προηγουμένοις
994 2417 1051 2485 καὶ
1083 2416 1136 2486 ἐπ’

125 2522 239 2605 αὐτοῖς
256 2522 386 2613 άμέσως
400 2529 578 2593 δείκνυται·
602 2528 748 2610 λεκτέον,
769 2525 821 2592 ὅτι
834 2527 897 2590 τοῦ
912 2521 972 2610 μέν
988 2522 1139 2610 ἑβδόμου

124 2630 161 2700 τὸ
187 2629 312 2718 ὄγδοον
331 2633 451 2699 ἐδεῖτο·
477 2634 645 2698 δείκνυνται
663 2629 728 2716 γάρ
748 2627 803 2696 διὰ
822 2631 882 2714 τῆς
899 2632 946 2707 εἴς
965 2626 1137 2698 ἀδύνατον

124 2737 314 2825 ἀπαγωγῆς·
339 2740 438 2804 τοῦτο
459 2734 489 2804 δ’
508 2729 554 2804 αὖ
570 2736 673 2804 πάλιν
691 2739 737 2815 εἴς
755 2731 817 2819 τὴν
836 2730 1009 2814 ἀπόδειξιν
1028 2737 1137 2805 ἐδεῖτο

70 2864 104 2913 25
122 2855 184 2912 τοῦ
202 2845 358 2931 πέμπτου.
395 2849 611 2929 προείῖηπται
629 2847 748 2908 τοίνυν
766 2839 955 2924 ἀναγκαίως
972 2841 1028 2907 καὶ
1046 2840 1087 2909 τὸ
1105 2841 1136 2910 ε’

122 2950 177 3018 καὶ
200 2949 236 3017 τὸ
258 2949 290 3020 ς’
313 2951 367 3017 καὶ
387 2947 424 3016 τὸ
445 2947 472 3030 ζ’
491 2959 551 3016 τοῦ
572 2948 792 3031 δεικνυμένου
810 2946 889 3012 νυνῖ
907 2945 1137 3033 θεωρήματος.

121 3071 334 3080 ——-——--—

193 3115 236 3164 43.
255 3111 315 3163 mb.
388 3114 431 3164 44.
450 3107 480 3164 Ρ.

193 3257 217 3303 2.
238 3246 320 3320 ὅπερ]
340 3245 408 3318 ὅπερ
427 3247 480 3319 γάρ
499 3268 536 3303 m.
609 3243 871 3318 κατηγορούμενον]
891 3265 943 3301 om.
963 3264 1001 3301 m.
1038 3246 1071 3300 In
1091 3246 1138 3301 Vs

121 3339 172 3392 pro
193 3324 245 3375 hoc
266 3322 384 3375 scholio=
409 3337 451 3389 ση.
473 3316 515 3374 ὅτι
538 3315 571 3372 τὸ
595 3313 625 3373 ἐν
648 3319 685 3391 τῷ
704 3314 733 3372 δ’
754 3316 925 3388 ζητούμενον
948 3309 1003 3390 ᾥδε
1029 3312 1136 3388 ὡμοῖο·

121 3392 254 3462 γημένον.
334 3397 374 3445 19.
394 3391 467 3445 Ante
486 3386 622 3460 καθάπερ
641 3405 711 3444 eras.
726 3387 894 3444 uocabulum
913 3387 936 3440 P
954 3390 1136 3459 (εἴποιμενῗ).

146 3469 192 3516 28,
213 3462 374 3534 δείκνυται]
393 3456 541 3517 δεικνύναι
559 3460 590 3516 Ρ.
