2362 3796
97 131 162 195 178
249 132 407 185 scnom
424 133 465 185 m
481 106 756 186 mumdum
773 133 949 186 maun

97 274 314 358 ἐξηγούμενοι
346 274 386 339 τά
415 272 481 362 πρὸ
509 277 578 341 τῶν
604 273 835 360 θεωρημάτων
862 272 1038 359 ἐλέγομεν,
1072 272 1117 340 οὐ

96 376 187 464 παρὰ
209 378 345 446 πάντων
357 383 468 448 ’τοῦτο
487 379 737 468 συγκεχώρηται
755 375 843 447 εἶναι
861 375 1117 459 ἀναποδείκτως

98 480 380 571 ὁμολογούμενον.
429 485 485 552 καὶ
511 490 582 565 πῶς
608 488 674 574 γὰρ
702 481 747 553 άν
779 494 830 571 είη
863 486 1037 564 τοιοῦτονς
1074 482 1117 553 τὸ

97 585 323 679 ἀντίστροφον
348 589 392 670 ῶς
415 586 615 659 άπούεικτὸν
639 594 768 672 ἐντοῖς
790 589 1013 678 θεωρήμασιν
1033 587 1118 659 άνα-

61 697 286 782 σγέγραπται.
322 697 407 781 λέγω
431 698 485 783 δή,
509 694 572 783 ὅτι,
596 696 656 766 ἐὰν
679 701 727 777 είς
750 696 814 765 δύο
837 696 973 775 εὐθείας
992 694 1117 764 εὐθεῖα

97 803 303 888 ἐμπίπτουσα
338 802 399 882 τὰς
435 801 529 883 ἐντὸς
564 803 621 871 καὶ
653 804 707 870 ἐπὶ
739 802 780 870 τὰ
812 801 898 871 αὐτὰ
929 803 1014 891 μέρη
1047 800 1117 870 δύο

97 905 214 996 ὀρθῶν
238 907 422 989 ἐλάσσονας
449 913 543 998 ποιῇ,
572 912 820 995 συμπεσοῦνται
848 912 886 977 αἱ
906 905 1039 977 εὐθεῖαι
1063 910 1115 977 έκ-

96 1014 310 1100 βαλλόμεναι,
334 1014 387 1102 ἐφ’
409 1011 430 1081 ὀὶ
449 1016 531 1102 μέρη
551 1015 638 1082 εἰσὶν
656 1017 694 1082 αί
708 1019 778 1082 τῶν
797 1014 861 1083 δάο
880 1012 999 1102 ὀρθῶν
1018 1013 1116 1083 ἐλάσ-

97 1139 202 1198 σονες.
248 1125 360 1213 πολλῶ
389 1119 426 1187 δέ
454 1125 584 1208 μάλλον
606 1117 821 1208 άσάμπτωτοι
848 1121 902 1189 ἐπὶ
928 1118 966 1188 τὸ
997 1121 1117 1209 ἕτερον

44 1246 80 1296 10
98 1225 213 1311 μέρος,
246 1222 299 1310 ἐφ’
330 1221 351 1291 ά
383 1228 466 1314 μέρη
499 1230 537 1292 αί
561 1233 682 1312 γωνίαι
715 1226 778 1295 ὐάο
807 1225 924 1315 ὀρθῶν
956 1231 1117 1313 μείζονες.

97 1327 181 1397 ὥστε
209 1327 262 1415 ἐφ’
289 1330 424 1419 ἑκάτερα
448 1330 507 1399 ἐάν
535 1336 622 1400 εἰσιν
649 1330 877 1421 άσύμπτωτοι,
903 1331 1117 1421 παράλληλοι

96 1439 239 1504 ἐσονται.

165 1538 377 1630 ἀντιστρέφει
406 1544 506 1632 μέρος
539 1543 624 1631 πρὸς
655 1545 738 1613 ὅλον
774 1545 914 1611 ἕκαστον
945 1547 1015 1612 τῶν
1046 1540 1117 1631 πρὸ

98 1647 204 1718 αὐτοῦ
226 1653 338 1737 τριῶν.

45 1775 79 1824 15
165 1759 210 1849 τῷ
233 1760 301 1824 τῶν
324 1756 547 1844 παραλλήλων
574 1756 630 1823 καὶ
658 1746 921 1843 δἈριστοτέλης
950 1753 1116 1844 ἐχρήσατο

97 1862 349 1942 κατασκευάζων
377 1862 629 1950 πεπερασμένον
657 1859 744 1929 εἶναι
771 1860 830 1930 τὸν
859 1864 995 1949 κόσμου.
1046 1859 1113 1949 ὐφ’

99 1966 175 2045 ἑνὸς
189 1973 329 2053 σημείου
348 1966 411 2035 ὐύο
431 1967 635 2053 ἐκβάλωνται
654 1966 787 2035 εὐθεῖαι
805 1973 934 2055 γωνίαν
951 1971 1116 2037 ποιοῦσαι

99 2071 149 2140 ἐπ’
171 2072 322 2159 άπειρου·
344 2076 413 2138 πῶυ
431 2075 682 2162 πεπερασμένον
705 2075 848 2160 μέγεθος
870 2071 1069 2162 ὑπερβάλλει
1089 2070 1115 2158 ἡ

100 2178 272 2255 διάστασις
294 2174 407 2245 αὐτῶν
435 2182 481 2258 εἰς
509 2178 649 2269 άπειρον
677 2181 940 2266 ἐκβαλλομένων.
985 2179 1117 2259 ἔδειξεν
1170 2246 1174 2255 ,

44 2306 81 2355 20
98 2287 185 2370 γοῦν
218 2285 358 2369 ἐκεῖνος,
396 2281 447 2352 ὅτι
479 2281 626 2371 άπείρων
661 2283 774 2354 οὐσῶν
807 2288 843 2354 ἐν
874 2288 920 2376 τῷ
953 2283 1019 2352 ὐπὸ
1049 2287 1117 2353 τοῦ

99 2390 241 2474 κέντρου
267 2414 351 2476 προς
372 2388 434 2476 τήν
457 2391 671 2479 περιφέρειαν
695 2392 947 2477 ἐκβεβλημένον
970 2388 1114 2478 ἄπειρον

99 2494 137 2563 τὸ
171 2495 300 2581 μεταξύ.
358 2497 609 2582 πεπερασμένου
643 2495 706 2584 γάρ
740 2496 838 2577 ὀντος
870 2495 1014 2584 αὐξῆσαι
1049 2495 1116 2584 τήν

100 2600 275 2670 διάστασιν
306 2600 493 2687 άύὐνατον,
531 2599 614 2670 ῶστε
647 2600 708 2670 οὐκ
740 2601 871 2688 άπειροι
903 2605 940 2671 αἱ
971 2600 1117 2671 εὐθεῖαι.

99 2707 223 2787 παντὸς
252 2700 316 2776 οὐν
348 2712 409 2776 τοῦ
441 2709 632 2795 ληφθέντος
662 2709 916 2795 πεπερασμένου
946 2713 1117 2795 μεγέθους

44 2835 81 2885 25
100 2821 211 2900 μεῖζον
226 2811 380 2900 άλλήλωυ
395 2813 630 2901 ὐιαστήσονται
651 2815 891 2901 ἐκβαλλόμεναι
904 2810 955 2882 ἐπ’
971 2812 1117 2903 άπειρου

99 2923 137 2988 αἱ
158 2918 297 2988 εὐθεῖαι.
333 2922 455 2988 τούτου
479 2920 521 3006 δή
539 2922 828 3008 προυποτεθέντος
845 2923 942 3007 λέγω,
966 2919 1029 3006 ὅτι,
1053 2919 1116 2990 ἐὰν

98 3027 323 3115 παραλλήλων
360 3023 505 3093 εὐθειῶν
541 3029 605 3112 τήν
641 3027 756 3114 ἑτέραν
787 3028 867 3114 τέμη
900 3053 949 3105 τις
981 3023 1116 3113 εὐθεῖα,

97 3133 208 3217 τέμνει
231 3132 287 3197 καὶ
309 3128 372 3215 τὴν
394 3129 524 3218 λοιπήν.

172 3332 196 3382 7.
223 3322 410 3395 έκβαλόμεναι
430 3324 459 3379 Ρ.
523 3330 574 3379 .15.
599 3326 653 3398 τῷ]
674 3323 706 3379 τά
724 3326 754 3380 Ρ.
829 3332 870 3383 16.
894 3322 963 3398 ὐφ’]
987 3344 1040 3382 scr.
1060 3323 1117 3383 έᾶν

98 3391 165 3466 ὐφ’.
231 3402 273 3451 17.
293 3393 461 3468 ἐκβάλονται
478 3397 509 3450 Ρ.
571 3401 614 3451 22.
634 3391 759 3478 αὐξήσας
777 3399 836 3468 (τις
853 3400 956 3468 comp.)
976 3398 1007 3452 P.
1068 3404 1118 3454 26.

99 3464 215 3538 τούτου]
230 3485 279 3521 τον
299 3484 355 3537 seq.
375 3468 477 3521 lacuna
493 3483 657 3538 pergamem
674 3467 705 3522 P.
