2362 3796
134 135 177 200 96
286 134 443 187 SOHOLIA
459 135 499 187 IN
516 134 791 186 ELELOENTORUM
808 135 948 187 LIBRUM
961 135 983 189 Ι.

133 278 276 344 δέδοται.
321 278 432 362 σχῆμα
459 273 522 361 μέν
550 272 614 360 γὰρ
642 282 770 361 εἴρηται
797 270 843 353 ὥς
865 274 967 360 πέρας
989 278 1067 360 έχον
1090 275 1148 342 καὶ

132 381 370 469 περιεχόμενον
393 378 453 467 ὑφ’
480 378 556 460 ἑνὸς
580 377 674 468 ὅρον,
698 382 856 448 ἐπίπεδον
880 381 932 466 δέ,
955 377 1035 447 καθ’
1061 377 1147 450 ὅσον

133 492 202 556 τῶν
225 489 390 556 ἐπιπέδων
414 489 493 573 ἐστέ,
516 485 600 573 πρὸς
623 485 661 553 δέ
678 484 741 572 τὴν
759 485 916 573 γραμμὴν
936 494 1010 564 ἴσας
1028 491 1148 573 ἔχοντα

133 592 191 675 τάς
213 591 273 680 ἀφ’
294 591 371 673 ἑνὸς
392 596 461 660 νῦν
485 590 579 672 ἐντὸς
602 597 757 678 σημείων.
793 592 848 659 καλ
872 590 935 678 γὰρ
954 597 986 659 ελ
1003 597 1149 675 ἔλλειψις

98 697 198 774 οῦπὸ
224 704 301 787 μιάς
322 702 507 786 περιέχεται
529 703 697 787 γραμμῆς,
726 696 799 766 ἀλλ’
825 694 887 766 οῦκ
915 698 1002 766 εἰσὶν
1025 702 1062 766 αλ
1083 696 1145 786 ἀφ’

135 804 209 887 ἑνὸς
231 810 299 875 τῶν
324 803 417 885 έντὸς
440 813 511 872 ἴσαι
533 809 650 873 πᾶσαι·
697 804 761 872 δύο
790 803 855 890 γὰρ
882 803 985 891 μόναι
1014 805 1066 873 ἐπὶ
1088 810 1149 892 τῆς

134 915 309 994 ἐλλείψεως
333 921 403 979 έσαι
424 917 579 997 γίνονται
602 909 743 980 εὐθεῖαι.
783 909 929 998 καὶμὴν
952 912 1008 979 καὶ
1027 915 1065 979 αἱ
1081 910 1148 980 ἀπὸ

133 1023 195 1088 τοῦ
222 1019 329 1087 πόλον
356 1016 440 1105 πρὸς
466 1015 527 1103 τὴν
554 1022 616 1085 τοῦ
644 1017 771 1086 κύκλον
798 1018 1015 1105 περιφέρειαν
1045 1038 1147 1105 προσ-

134 1129 313 1192 πίπτουσαι
337 1123 468 1192 εῦθεῑαι
494 1127 603 1191 πάσαί
626 1128 712 1192 εἰσιν
741 1132 826 1209 λ’σαι,
859 1124 932 1192 ἀλλ’
959 1122 1022 1192 ούκ
1053 1123 1148 1203 ἐντός

1 1271 2 1290 ,
84 1254 117 1303 10
136 1231 205 1298 έστι
227 1227 265 1297 τὸ
289 1242 438 1316 σημεῖον,
462 1227 537 1297 ἀλλ’
563 1228 664 1309 έκτός.
705 1230 878 1317 διώρισται
902 1221 965 1298 οῦν
987 1232 1145 1313 ἐνταῦθα,

135 1339 171 1403 τί
189 1334 251 1422 μὲν
274 1332 293 1404 ὁ
316 1337 451 1421 κύκλος,
474 1341 510 1402 τί
531 1335 568 1403 δὲ
590 1334 628 1404 τὸ
650 1336 806 1422 κέντρον,
829 1337 885 1403 καὶ
908 1339 945 1404 έν
968 1339 1012 1428 τῷ
1035 1333 1144 1425 κύκλῳ

136 1446 172 1509 τί
191 1440 252 1528 μέν
275 1438 296 1527 ἡ
319 1442 522 1528 περιφέρεια,
546 1447 581 1508 τί
602 1441 639 1509 δέ
661 1441 699 1510 τὸ
723 1441 804 1510 ὅλον
824 1447 942 1530 σχῆμα.
978 1441 1093 1528 λάβοις
1112 1437 1144 1508 δ’

136 1542 179 1615 ἀν
208 1549 244 1616 έκ
270 1546 400 1615 τούτων
431 1545 638 1636 ἀναδραμὼν
670 1548 722 1616 έπλ
754 1547 794 1616 τὰ
827 1553 1077 1636 παραδείγματα
1108 1544 1147 1614 τὸ

137 1652 199 1740 μὲν
221 1655 361 1740 κέντρον
386 1654 568 1741 ἑκασταχοῦ
591 1653 654 1741 τὴν
673 1655 802 1723 ἑνιαίαν
821 1656 877 1723 καὶ
896 1653 1075 1742 ἀμέριστον
1091 1652 1148 1720 καὶ

1 1797 3 1850 ι
85 1783 118 1832 15
137 1758 282 1845 μόνιμον
305 1757 485 1848 ὑπεροχήν,
507 1759 566 1840 τὰς
589 1759 621 1827 δ’
638 1757 702 1828 ἀπὸ
720 1764 782 1828 τοῦ
800 1761 942 1847 κέντρον
960 1757 1150 1839 διαστάσεις

134 1865 194 1946 τὰς
216 1863 282 1934 ἀπὸ
306 1871 367 1935 τοῦ
391 1867 466 1947 ἑνὸς
488 1867 656 1953 προόδονς
679 1871 727 1946 εἰς
748 1871 879 1952 πλῆθος
901 1865 1057 1953 ἄπειρον,
1086 1862 1148 1951 τὴν

137 1973 174 2041 δὲ
191 1974 407 2060 περιφέρειαν
425 1970 509 2041 κατὰ
525 1971 588 2058 τὴν
607 1971 812 2058 ἐπιστροφὴν
826 1977 894 2040 τῶν
908 1969 1148 2058 προελθόντων

135 2081 332 2164 θεωρήσεις·
373 2075 483 2162 ὥσπερ
508 2075 545 2143 δέ
569 2079 606 2144 ἐν
628 2082 673 2168 τῷ
701 2077 811 2167 κύκλφ
841 2075 928 2164 ὁμοῦ
953 2075 1077 2161 πάντα,
1110 2075 1148 2144 τὸ

135 2184 290 2278 κέντρον,
324 2186 362 2249 αἱ
388 2180 591 2266 διαστάσεις,
623 2179 643 2269 ἡ
672 2185 880 2271 περιφέρεια,
914 2180 1001 2251 οὕτω
1028 2181 1084 2249 καὶ
1111 2184 1148 2250 έν

1 2345 2 2352 ,
84 2315 119 2363 20
139 2291 291 2372 ἐκείνοις,
319 2285 407 2372 πλὴν
437 2286 487 2354 ὅτι
511 2284 657 2374 ἀλλαχοῦ
680 2288 741 2375 μέν
764 2287 802 2356 τὸ
826 2289 965 2375 κέντρον
989 2291 1148 2373 ἐνταῦθα,

138 2391 285 2478 ἀλλαχοῦ
310 2391 347 2460 δὲ
369 2389 390 2478 ἡ
415 2391 587 2472 διάστασις
608 2394 663 2461 καὶ
686 2391 707 2480 ἡ
730 2396 923 2481 περιφέρεια
948 2391 1070 2482 ὁμοίως
1093 2392 1149 2462 ἀλ·

138 2501 254 2584 λαχοῦ,
279 2500 347 2566 έκεϊ
367 2498 405 2566 δέ
429 2501 466 2567 έν
489 2499 539 2567 ἑνὶ
562 2498 687 2586 πάντα,
710 2497 775 2568 κάν
797 2499 835 2568 τὸ
858 2502 999 2588 κέντρον
1020 2499 1149 2586 λάβοις,

138 2606 287 2672 ἐνταῦθα
314 2605 438 2689 πάντα,
467 2602 531 2674 κάν
559 2604 620 2692 τὴν
653 2606 843 2692 διάστασιν,
877 2607 928 2674 ἐπὶ
960 2605 1080 2691 ταύτης
1109 2604 1149 2674 τὸ

137 2712 278 2799 κέντρον
299 2713 355 2780 καὶ
378 2710 441 2799 τὴν
464 2713 678 2800 περιφέρειαν
703 2711 842 2799 ὁμοίωςε
1155 2725 1159 2732 “

85 2842 118 2891 25
204 2816 393 2905 Διάμετρος
415 2817 453 2886 δέ
476 2822 536 2886 τοῦ
554 2818 681 2888 κύκλον
700 2818 790 2886 ἐστὶν
809 2816 926 2886 εὐθεῖά
945 2844 995 2898 τις
1013 2815 1069 2886 διά
1088 2821 1151 2886 τοῦ

137 2926 279 3010 κέντρον
301 2924 428 3011 ἠγμένη
452 2927 507 2993 καὶ
530 2927 758 3012 περατουμένη
779 2922 833 3012 ἐφ’
852 2923 989 3011 ἑκάτερα
1006 2927 1048 2992 τά
1067 2926 1150 3012 μέρη

137 3029 203 3100 ὑπὸ
227 3035 285 3118 τῆς
307 3035 368 3099 τοῦ
391 3030 516 3099 κύκλον
534 3037 754 3119 περιφερείας,
778 3031 849 3117 ἥτις
867 3031 922 3099 καλ
943 3035 1019 3118 δίχα
1037 3032 1151 3118 τέμνει

137 3137 197 3204 τὸν
220 3136 352 3205 κύκλον.

210 3336 234 3384 ο.
254 3327 367 3400 ἔχοντα]
388 3331 436 3388 cfr.
451 3331 566 3386 proclus
585 3348 612 3400 p.
628 3308 686 3398 ιω,
707 3336 723 3384 ε
742 3333 771 3386 οι
788 3348 815 3400 p.
832 3335 892 3400 ιιι,
913 3335 946 3386 ιι
967 3328 1061 3385 fosta,
1126 3336 1151 3385 4.

140 3397 253 3468 έλλιψις.
327 3407 352 3456 6.
373 3403 434 3457 δύο.
508 3408 533 3456 7.
554 3397 695 3471 έλλέφεως.
750 3399 800 3474 αἴ]
816 3419 869 3458 om.
938 3407 980 3456 24.
1000 3398 1066 3474 τήν]
1081 3416 1152 3457 corr.

140 3486 173 3524 ex
191 3467 218 3540 ἡ.
291 3477 333 3526 27.
353 3467 423 3542 ὑπό]
444 3488 597 3541 suprascr.
671 3479 713 3527 28.
733 3470 851 3528 κύκλων.
