2362 3796
220 167 377 220 SOHOLIA
395 169 434 220 IN
451 167 726 217 ELEMENTORUM
744 166 884 217 LIBRUM
897 168 944 220 XI.
1018 164 1083 228 603

71 305 91 392 ἡ
113 313 180 373 ΕΓ
197 310 237 393 τῇ
257 312 318 373 ΓΔ
338 303 413 374 οὔτε
431 310 562 392 μείζων,
587 304 732 373 ἐλάττων
751 303 825 390 άρα.
862 301 882 390 ἢ
902 306 958 371 καὶ
977 303 1084 384 οὕτως

72 411 337 498 συντομώτερον·
369 419 425 496 ίση
448 424 553 477 κεῖται
574 409 595 496 ἡ
617 418 680 478 ΕΒ
703 415 743 498 τῇ
762 419 842 479 ΒΔ·
875 416 907 478 εί
929 403 992 478 οὖν
1016 413 1084 478 ἐστι

70 518 127 584 καὶ
151 515 172 603 ἡ
196 523 263 585 ΕΓ
287 525 341 604 ίση
368 521 408 605 τῇ
431 523 508 601 ΓΔ,
540 521 674 585 ἔσονται
702 521 739 584 αί
764 515 827 584 δύο
856 519 893 583 αί
915 523 993 601 ΕΒ,
1017 523 1083 582 ΒΔ

73 633 144 690 ίσαι
168 623 246 690 δυσί
269 636 340 703 ταῖς
358 628 431 703 ΕΓ,
449 627 521 692 ΓΛ.
559 620 642 690 ῶστε
665 627 703 691 αί
724 630 797 707 ΒΕ,
816 628 888 707 ΕΓ,
912 623 1083 690 τουτέστιν

72 729 92 816 ἡ
118 735 189 814 ΒΓ,
214 735 305 797 ἔσται
328 738 383 816 ἴση
409 729 486 796 δυσὶ
509 743 581 808 ταῖς
603 736 682 814 ΒΔ,
707 736 789 796 ΛΓ·
819 727 900 814 ὅπερ
924 726 1058 796 ἄτοπον.
1120 755 1136 804 5

437 944 494 1008 Ad
517 965 621 1027 prop.
645 942 731 1007 XXI.

140 1069 191 1135 32.
230 1065 354 1133 Λοιτταί
377 1063 443 1154 άρα
470 1092 500 1154 p.
525 1068 580 1150 56,
605 1069 666 1149 ΒΟ]
697 1068 882 1152 διαιρετέον
906 1053 965 1144 τάς
987 1064 1085 1132 ἐννέα

72 1178 197 1259 γωνίας
216 1175 263 1251 είς
282 1173 315 1252 ἓξ
334 1171 388 1238 καί
402 1184 501 1257 τρεῖς,
519 1183 608 1258 τρεῖς
621 1170 683 1257 μὲν
697 1173 757 1249 τὰς
770 1168 835 1238 ὑπὸ
850 1176 959 1256 ΒΑΓ,
975 1177 1084 1256 ΓΑΔ,

73 1279 128 1345 καί
152 1283 199 1358 είς
222 1280 255 1359 ἓξ
280 1280 339 1357 τὰς
361 1275 488 1357 λοιπάς.
533 1277 603 1346 ἐπεὶ
633 1269 695 1344 οὖν
723 1280 761 1344 αί
786 1278 883 1345 ἐννέα
908 1280 941 1358 ἓξ
964 1273 1085 1363 ὀρθαῖς

73 1392 142 1451 ίσαι
166 1388 263 1468 είσίν,
287 1389 400 1471 ἔχουσι
425 1383 462 1451 δὲ
484 1394 553 1452 τῶν
577 1385 610 1464 ἓξ
634 1382 751 1468 ὀρθῶν
776 1381 838 1450 ὀάο
857 1383 912 1450 καί
932 1387 978 1450 ἔτι
998 1385 1036 1448 αί
1052 1385 1084 1463 ἓξ
1105 1408 1138 1458 10

72 1495 203 1576 γωνίαι,
227 1495 372 1558 λείπεται
397 1488 439 1576 ὀὴ
458 1488 518 1568 τὰς
536 1503 624 1576 τρεῖς
642 1494 766 1574 γωνίας
785 1494 872 1576 ἔχειν
890 1492 950 1568 τὰς
967 1486 1085 1567 λοιπάς

70 1601 141 1663 τῶν
174 1598 223 1680 ἕξ,
257 1596 380 1673 αἵτινές
409 1599 495 1662 είσιν
527 1598 565 1661 αί
594 1594 708 1661 λοιπαὶ
740 1590 781 1661 οό
807 1596 976 1682 τέσσαρες,
1009 1591 1080 1660 ἀλλ’

71 1698 206 1786 ἥττονες
219 1710 286 1768 τῶν
300 1699 480 1785 τεσσάρων.
514 1695 557 1766 ῶν
571 1698 636 1786 γὰρ
652 1697 717 1767 άτό
732 1703 800 1768 τῶν
815 1703 849 1781 ἓξ
863 1702 1085 1789 ἀφῃρέθησαν

74 1804 149 1891 ὀάο,
173 1807 211 1871 αί
230 1813 507 1891 καταλειφθεῖσαι
530 1797 617 1891 ἦσαν
641 1801 684 1872 άν
707 1806 873 1891 τέσσαρες,
898 1806 967 1874 ἐπεὶ
987 1805 1024 1873 δὲ
1043 1803 1084 1873 οὐ

74 1910 136 1978 δύο
161 1912 261 1997 μόναι
284 1907 350 1977 άπὸ
373 1913 441 1977 τῶν
464 1913 497 1990 ’ἐξ
521 1906 639 1995 ὀρθῶν
661 1908 894 1998 ἀφῃρέθησαν,
917 1908 1000 1978 άλίὰ
1021 1910 1083 1979 ὀάο
1105 1936 1138 1986 15

72 2018 128 2084 καὶ
152 2022 210 2102 ἔτι,
233 2019 271 2083 αι’
292 2021 570 2102 καταλειφθείσαί
590 2019 655 2083 είσι
678 2017 843 2103 τεττάρων
865 2014 1008 2103 ἥττονες.
1019 2019 1042 2104 ¹)

424 2212 480 2276 Ad
502 2233 606 2296 prop.
629 2212 734 2278 XXII.

140 2335 192 2401 33.
226 2330 305 2400 Ἐάν
329 2325 413 2401 ῶσιν
437 2333 686 2419 ὁσαιδηποτοῦν
708 2339 828 2420 γωνίαι
851 2337 1012 2419 ἐπίπεδοι,
1036 2325 1085 2402 ῶν

75 2441 152 2524 μιᾶς
176 2441 213 2505 αί
234 2439 346 2506 λοιπαί
370 2443 500 2525 μείζους
523 2439 587 2506 είσὶ
611 2438 717 2527 πάντη
742 2440 1084 2527 μεταλαμβανόμεναι,

147 2621 172 2684 1)
201 2617 271 2672 Post
293 2616 347 2671 hoc
371 2615 456 2671 schol.
480 2616 510 2669 in
532 2615 568 2668 1²²
591 2613 655 2697 gdd.
680 2610 854 2685 άθιανόητον
876 2618 961 2672 δοκεῖ
979 2637 1026 2687 μοι
1051 2615 1082 2671 τό

75 2702 187 2772 σχάλιον
206 2704 296 2760 τοῦτο.
334 2703 455 2759 Deinde:
475 2699 526 2758 ἐὰν
546 2699 579 2756 αί
595 2707 617 2756 θ
639 2706 740 2772 γωνίαι
759 2695 826 2758 ῶσιν
842 2701 875 2770 ἓξ
895 2700 999 2772 ὀρθαῖς
1017 2706 1084 2770 ίσαι,

76 2776 149 2828 ὃιοτι
168 2795 198 2827 αι
217 2792 291 2843 τρεις
309 2794 360 2830 του
379 2773 515 2844 τριγώνου
534 2775 635 2842 γωνίαι
654 2774 735 2828 δυσίν
756 2770 859 2844 ὀρθαῖς
877 2777 936 2829 ίσαι
954 2774 1034 2842 είσίν,
1054 2772 1087 2829 αἴ

74 2860 105 2917 δὲ
125 2863 181 2916 τῶν
196 2850 223 2916 θ
241 2867 352 2931 γωνιῶν
370 2867 389 2920 ξ
407 2865 532 2932 μείζονες
551 2862 608 2916 τῶν
627 2859 680 2916 δύο
699 2860 770 2916 είοίν
785 2858 892 2932 ὀρθῶν,
910 2863 1006 2917 λοιπαί
1025 2860 1083 2933 ἄρα

72 2947 105 3004 αἱ
122 2953 360 3020 καταίειφθεῖσαι
378 2953 435 3007 τῶν
450 2943 474 3006 θ
492 2955 566 3021 τρεῖς
581 2946 614 3003 αι’
625 2950 675 3003 καί
688 2946 740 3018 τὴν
755 2948 872 3021 στερεὰν
886 2952 993 3019 γωνίαν
1007 2970 1083 3020 περι-

74 3038 189 3108 έχουσαι
213 3034 361 3100 ἐλάσσονες
384 3033 518 3091 θέλουσιν
543 3035 617 3093 εἶναι
640 3039 697 3092 τῶν
719 3027 738 3092 ὀ
758 3042 814 3092 τῶν
838 3041 1084 3107 ναταῖειφθεισῶν

73 3106 131 3164 άπὸ
150 3111 207 3164 τῶν
226 3106 332 3178 ὀρθῶν.

144 3276 187 3326 ω.
207 3269 306 3340 ειν).
378 3274 422 3323 33.
441 3267 534 3322 PBVu
554 3268 600 3339 (ιγ
615 3269 671 3337 vc).
707 3296 710 3301 ·

72 3383 287 3390 ——..—--

72 3501 94 3556 li
143 3437 175 3556 Iss
197 3431 290 3502 ΓΑΔ]
316 3445 367 3483 sor.
388 3431 473 3496 ΓΑΔ,
494 3433 583 3482 ΔΑΒ.
672 3435 713 3485 10.
739 3426 797 3502 ἔτι]
821 3424 1012 3491 aeneum„
1036 3427 1092 3478 σία,

95 3519 122 3557 n.
179 3544 184 3556 .
