2362 3796
70 137 189 192 XXVIII
355 137 626 189 PROLEGOIIENA
645 138 798 192 camos.

70 277 203 332 bachium
218 279 247 331 et
261 276 365 330 Velsen
378 277 436 331 tab.
446 276 473 329 ll
487 279 516 331 et
529 276 557 331 in
571 278 676 333 tabulis
692 283 798 333 65-66
814 276 956 334 5551555515
967 275 1087 332 Ρ51555-

72 354 419 426 graphicaeBritaunicae.
434 357 464 410 in
473 356 565 411 uerbis
577 357 700 412 Euclidis
712 357 888 427 compendiis
898 355 1087 427 paucissimis,

74 435 105 489 15
122 435 176 489 1155
195 435 332 488 linearum
350 434 479 502 maxime,
500 435 596 504 utitur,
615 437 747 491 accentus
767 437 936 506 spiritusque
953 450 1018 498 5555
1038 435 1088 490 55-

72 513 147 568 51515
171 513 252 583 (fecit
271 513 434 584 plerumque
453 531 552 570 manus
576 515 739 585 recentior).
773 517 821 570 fol.
843 521 1086 584 118-1201p10-

72 592 198 648 5155555
220 593 355 648 55555115
378 613 414 649 m.
435 601 464 663 1,
495 596 543 649 sed
567 593 671 649 litteris
689 595 863 661 maiusculis3
888 594 1087 650 continuantur

71 689 145 727 5555.
164 680 176 727 1
196 673 244 729 fol.
257 679 422 743 12011-121,
440 674 570 743 plurimis
589 675 770 744 compendiis.
802 674 913 730 151122
933 674 1086 728 diuisiones

71 754 208 821 quasdam
233 754 295 823 (cfr.
319 754 393 809 inira
416 772 443 823 p.
469 756 532 822 713)
559 769 644 808 manu
667 756 799 810 Arethae.
841 754 889 808 fol.
916 758 1087 808 rae-eslf

73 834 155 887 elem.
169 833 309 890 VII-XV
323 835 423 888 eadem
436 849 530 899 manu,
549 849 606 900 qua
619 833 667 888 fol.
681 840 812 890 15-118.
840 834 970 888 ultimum
984 831 1085 886 folium

73 929 188 969 numero
203 919 254 968 387
275 911 380 982 signari
400 912 509 977 debuit;
529 928 596 966 nam
615 929 707 969 errore
726 930 744 967 a
757 930 823 984 pag.
835 919 887 968 355
906 911 943 968 ad
956 927 1020 981 pag.
1032 917 1084 967 366

72 992 210 1064 (555356)
225 994 367 1047 555551555.
396 992 444 1047 555
459 993 675 1059 quaternionum
689 995 805 1061 numeri,
825 994 873 1063 qui
888 993 997 1061 antiqui
1011 995 1084 1060 sunt,

72 1072 122 1126 sed
140 1073 236 1126 tamen
254 1074 319 1140 post
337 1070 480 1141 adscripta
499 1072 607 1127 scholia
630 1072 717 1142 positi
741 1076 818 1143 (nam
835 1073 865 1127 in
884 1075 959 1141 quat.
979 1074 1015 1127 nd
1032 1089 1086 1126 nu-

71 1167 164 1204 merus
178 1151 209 1204 in
222 1166 278 1218 mg.
294 1149 417 1217 sinistro,
436 1167 492 1205 non
507 1151 612 1221 dextro,
632 1154 664 1205 ut
678 1153 757 1219 55155,
778 1153 932 1207 collocatus
947 1155 999 1221 est,
1018 1151 1086 1220 quia

73 1227 103 1281 15
121 1230 219 1283 dextro
238 1230 316 1284 locus
335 1230 474 1285 ascholio
491 1234 641 1300 occupatus
657 1234 719 1300 est),
737 1235 814 1286 recte
827 1232 983 1302 procedunt
996 1246 1084 1298 nsque

72 1306 109 1360 ad
127 1311 164 1377 μζ
180 1311 302 1378 (praeter
321 1312 363 1379 μζ,
383 1325 453 1378 quae
472 1311 564 1364 ternio
585 1313 635 1378 555,
654 1311 683 1364 15
703 1329 727 1365 ιε
748 1313 777 1364 55
795 1314 829 1364 ut
848 1312 955 1380 septem
974 1309 1085 1362 tantum

71 1385 142 1440 folia
160 1390 238 1457 sunt,
262 1389 312 1444 sed
334 1389 457 1459 uestigia
480 1391 585 1457 octaui,
610 1392 686 1458 quod
710 1390 829 1445 recisum
848 1392 909 1458 est).
948 1389 1086 1443 151337ιι

72 1465 142 1519 5555
162 1467 379 1537 subscriptiones
399 1468 511 1537 scripsit
529 1471 661 1537 Arethas,
686 1485 755 1537 quas
779 1469 868 1523 551515
888 1469 993 1537 primus
1013 1467 1086 1521 Dor-

72 1545 166 1600 villius
186 1548 222 1603 ad
242 1546 344 1602 Charit.
363 1566 392 1617 p.
411 1553 463 1602 223

73 1628 99 1694 1)
124 1621 235 1695 ἐγράφη
267 1627 338 1696 χειρὶ
376 1623 519 1696 στεφάνου
552 1630 685 1695 alcorani
720 1628 787 1698 μηνὶ
820 1627 994 1698 σεπτεμβρίῳ
1028 1627 1083 1679 ινδ.

125 1698 143 1773 ξ
159 1705 216 1763 ἔτει
234 1707 342 1777 κόσμου
363 1699 444 1782 ,seq-g
460 1708 569 1776 (eadem
588 1707 674 1762 uerba
687 1709 791 1777 5555515
805 1705 905 1762 551555
920 1723 993 1760 man.
1008 1707 1082 1776 rec).

126 1787 213 1842 codex
231 1787 318 1857 igitur
337 1789 459 1858 scriptus
478 1791 522 1843 est
540 1805 614 1843 5555
632 1806 659 1857 p.
680 1786 742 1843 Chr.
763 1792 815 1842 888
837 1789 874 1857 (u.
894 1786 1084 1841 Wattenbach

125 1868 161 1922 55
179 1870 237 1924 555.
257 1867 302 1937 Π).

73 1947 100 2015 2)
125 1943 285 2017 ἐκτησάμην
305 1944 415 2016 5155555
438 1946 561 2015 corpeus
581 1947 633 2017 τὴν
652 1948 802 2017 παροῦσαν
821 1948 918 2018 βίβλον
933 1932 966 1998 iiii
983 1938 1018 2000 id.
1049 1945 1084 1999 de

126 2029 180 2082 hoc
189 2028 304 2094 Aretho,
316 2026 433 2081 diacono
444 2027 580 2095 Patrensi,
591 2029 691 2096 postea
701 2028 912 2098 archiepiscopo
923 2025 1083 2091 Caesareae,

126 2107 241 2174 eiusque
260 2104 433 2160 bibliotheca
451 2123 478 2159 u.
498 2107 634 2161 Maassius
653 2106 797 2176 Melanges
816 2106 910 2162 Graux
928 2123 955 2174 p.
972 2111 1022 2159 743
1033 2122 1083 2173 sq,

125 2187 174 2240 ubi
198 2185 284 2240 etiam
307 2184 431 2238 breuiter
453 2184 603 2253 indicauit,
632 2185 699 2254 quid
726 2186 757 2240 15
784 2188 880 2241 nostro
904 2184 999 2238 codice
1022 2183 1082 2252 ipse

127 2264 270 2335 scripserit
287 2262 447 2334 Arethas.’¹¹)

144 2346 194 2398 has
213 2344 431 2413 subscriptiones
447 2349 601 2414 sequuntur
613 2363 711 2400 uersus
726 2362 825 2414 555555
840 2341 992 2409 elegantes,
1013 2356 1083 2406 quos

74 2426 187 2479 eosdem
204 2423 234 2477 15
252 2422 278 2478 V
295 2427 361 2494 post
378 2424 462 2480 finem
481 2425 546 2480 11551
564 2423 615 2478 XV
635 2428 664 2480 55
681 2425 711 2478 in
729 2423 809 2477 Laur.
829 2416 958 2482 XXVIII,
978 2421 1002 2480 2,
1022 2421 1046 2480 3,
1068 2423 1083 2467 6

73 2503 231 2559 1555515555
251 2503 368 2572 (primus
387 2503 476 2558 edidit
494 2504 646 2559 Dorvillius
664 2503 683 2556 I.
704 2503 738 2569 o.)

233 2579 391 2653 Εὐκλείδης
409 2581 478 2639 νόον
498 2579 566 2649 ὀξὺν
585 2577 715 2646 dealdune
732 2579 887 2647 5555555151

268 2662 362 2719 πάντα
381 2684 410 2718 τε
430 2665 470 2732 (15
488 2665 552 2731 555.)
572 2656 712 2728 ἀτρεκέως
731 2651 868 2723 ἐξερέεινε
889 2651 1006 2722 βροτοῖς,

144 2825 169 2896 *)
190 2824 307 2893 usupare
324 2821 428 2878 litteris
446 2800 606 2874 uncialibus
625 2812 776 2893 maumam
790 2810 1083 2892 pertranscursa

74 2895 262 2965 antiquorum,
281 2909 410 2949 numeros
425 2885 649 3025 prlop'ositionum
663 2883 798 2938 hbrorum
811 2883 1005 2951 pontenurum,
1020 2884 1083 2938 555-

76 2965 242 3037 scriptiones
256 2965 390 3019 librorum
404 2961 451 3012 1-
520 2957 602 3010 notus
617 2954 726 3023 aliquot
739 2953 768 3006 in
781 2950 887 3023 figuris,
906 2951 951 3020 51,
970 2957 1084 3022 5555555

75 3050 117 3103 55,
132 3055 203 3106 quae
219 3050 304 3104 supra
317 3029 449 3087 indicaui.
475 3027 550 3081 idem
564 3022 667 3078 litteris
680 3023 843 3079 minusculis
858 3040 963 3079 errores
973 3023 1084 3094 aliquot

74 3104 183 3162 librarii
202 3104 331 3162 correxit.
369 3101 433 3155 sunt
455 3096 542 3151 etiam
560 3098 734 3151 correcturae
759 3112 857 3150 manus
877 3095 1022 3166 aliquanto
1041 3113 1085 3151 re·

75 3179 206 3234 certioris
221 3179 268 3244 (m.
279 3177 317 3242 2),
336 3185 408 3240 quae
418 3168 527 3222 duobus
538 3166 686 3234 generibus
697 3165 847 3221 atramenti
856 3169 945 3222 utitur
956 3166 1083 3235 (eandem

75 3265 189 3303 manum
208 3261 276 3309 5555,
296 3241 415 3308 adparet
429 3255 462 3293 ex
476 3236 524 3292 fol.
540 3242 607 3292 1'19u
622 3240 650 3292 55
666 3243 735 3305 1353,
755 3237 804 3291 551
818 3238 848 3292 15
863 3239 961 3292 eodem
977 3235 1083 3291 scholio

74 3319 201 3372 uariatur
211 3313 411 3377 atramentum
425 3307 609 3364 recentiorem
624 3325 685 3364 eam
700 3325 760 3364 esse
774 3326 859 3364 manu
870 3314 894 3376 1,
909 3325 943 3363 ex
954 3307 1004 3362 fol.
1016 3313 1084 3361 18011

75 3388 192 3456 colligo,
220 3385 269 3439 551
291 3382 403 3436 initium
425 3380 525 3435 scholii
547 3379 659 3461 repetit,
688 3382 755 3448 quia
778 3398 851 3435 man.
872 3386 886 3432 1
911 3380 1085 3446 euanuerat).

75 3460 247 3511 correcturae
266 3471 364 3507 manus
383 3452 503 3508 recentis
521 3451 680 3507 rarissimae
699 3453 772 3506 suut.
