2362 3796
67 131 132 196 154
218 132 376 184 SCHOLIA
393 132 432 183 IN
450 132 725 185 ELEMENTORUM
741 131 881 183 LIBRUM
893 132 917 185 1.

66 278 194 357 γωνίαν
216 271 278 359 τὴν
301 278 435 359 μείζονα
457 271 622 359 πλευράν,
649 269 914 359 ἀντιστρέφοντα
937 270 1004 357 μὲν
1025 268 1076 339 ἀλ-

66 376 192 463 λήλοις,
215 378 268 445 ἐπὶ
290 377 327 445 δέ
345 382 412 447 των
432 380 595 446 ἐναντίων
613 376 816 464 πραγμάτων
833 374 873 444 τό
892 374 977 445 αὐτὸ
997 387 1076 445 θεω-

66 486 192 569 ροῦντα
216 483 439 570 συμπτώματα
462 487 507 574 τῷ
527 486 556 550 ε’
573 484 629 550 καὶ
648 483 680 555 ς’
698 484 900 570 θεωρήματι.
929 481 1077 573 φανερόν

66 589 114 674 δέ,
130 587 180 656 ότι
193 588 255 676 τὴν
270 596 404 677 μείζονα
417 590 473 657 καὶ
487 587 549 675 τὴν
564 591 730 657 έλάσσονα
743 584 892 678 πλευράν
906 586 1076 677 ἀνοίλογον

30 727 46 775 5
65 695 244 782 ληψόμεθα
262 698 318 765 καὶ
336 695 557 784 διαιρήσομεν
574 694 636 783 τὴν
655 701 814 782 μεγίστην
828 695 884 762 καί
899 696 1009 782 μέσην
1026 695 1077 764 τινὶ

66 804 242 890 ἐλαχίστην
264 804 319 871 καὶ
338 801 396 882 τὰς
413 808 538 888 γωνίας
556 799 715 880 ὡσαύτως
733 801 786 869 έπὶ
807 803 877 869 τῶν
900 804 1076 889 σκαληνῶν

65 908 256 995 τριγώνων,
285 909 337 977 ἐπὶ
368 910 405 977 δὲ
427 912 495 977 τῶν
518 907 728 995 ἰσοπλεύρων
750 905 882 995 ἀρκέσει
905 905 944 976 τὸ
968 914 1076 995 μεῖζον

64 1014 180 1082 καὶτὸ
204 1020 360 1083 ἔλασσον·
398 1021 457 1101 μία
484 1018 547 1102 γάρ
572 1017 641 1082 ἐστι
664 1028 738 1093 ταῖς
760 1014 860 1082 δυσίν
883 1011 1014 1095 ἄνισος.
1056 1009 1075 1100 ἢ

65 1117 103 1187 τὸ
128 1126 240 1204 μεῖζον
263 1117 284 1206 ἢ
309 1119 346 1188 τό
372 1127 511 1189 ἔλαττον
534 1118 578 1200 ὡς
602 1121 654 1188 ἐπὶ
677 1125 746 1189 των
769 1118 992 1205 ἰσοπλεύρων.

13 1254 47 1304 10
134 1229 184 1292 75.
218 1231 341 1316 Πολλῷ
365 1225 431 1312 ἀρα
453 1225 474 1311 ἡ
498 1225 564 1294 ὑπὸ
584 1233 687 1294 ΑΒΓ
705 1232 825 1313 μείζων
849 1226 919 1294 ἐστὶ
937 1222 1075 1313 τῆςδπὸ

67 1335 165 1398 ΑΓΒ
189 1356 219 1416 p.
238 1334 292 1417 46,
316 1335 460 1415 13-14]
487 1332 585 1416 [ἐπεὶ]
608 1331 673 1419 γάρ
696 1329 717 1418 ἡ
742 1329 808 1400 ὑπὸ
832 1340 938 1400 ΑΔΒ
959 1334 1073 1419 μείζων

66 1437 201 1523 ἐδείχθη
224 1440 284 1521 τῆς
305 1434 372 1506 ὑπὸ
396 1444 507 1522 ΒΓΔ,
535 1435 556 1524 ἡ
585 1439 622 1506 δὲ
644 1435 712 1505 ὑπὸ
735 1445 842 1505 ΑΒΔ
868 1446 926 1524 ἴση
949 1437 1019 1505 ἐστὶ
1039 1462 1077 1525 τη

65 1539 131 1610 ὑπὸ
144 1550 178 1610 Α
184 1551 261 1628 ΑΒ,
279 1547 337 1629 τῆς
356 1543 393 1611 δέ
407 1542 473 1613 ὑπὸ
488 1552 594 1612 ΑΒΔ
612 1549 731 1630 μείζων
746 1545 837 1612 ἐστὶν
851 1542 873 1631 ἡ
886 1542 955 1613 ὑπὸ
968 1548 1080 1631 ΑΒΓ,

65 1654 176 1741 πολλῷ
200 1648 265 1736 ἀρα
287 1655 407 1737 μείζων
429 1646 450 1737 ἡ
473 1647 539 1717 ὑπὸ
563 1656 666 1717 ΑΒΓ
685 1654 742 1735 τῆς
763 1647 830 1718 ὑπὸ
854 1655 959 1718 ΒΓΑ.

13 1889 46 1938 15
424 1847 481 1912 Ad
504 1869 608 1930 prop.
631 1846 719 1912 XIX.

133 1972 184 2036 76.
219 1968 265 2036 Τὸ
286 1967 339 2035 ιθ’
359 1968 520 2055 θεώρημα
540 1965 767 2054 ἀντίστροφόν
785 1970 914 2059 ἐστιτῷ
933 1965 983 2053 ιη’
998 1976 1079 2037 θεω·

65 2071 195 2158 ρηματι.
227 2079 296 2141 ἔστι
314 2073 379 2160 γὰρ
397 2072 528 2142 ἁπλοῦν
548 2077 585 2143 έν
604 2075 746 2164 ἑκατέρω
765 2074 820 2141 καί
838 2072 876 2143 τὸ
893 2073 1076 2161 διδόμενον

65 2176 181 2244 καὶτὸ
207 2177 418 2264 ζητούμενον,
442 2180 497 2246 καὶ
519 2179 557 2249 τὸ
581 2181 643 2267 μὲν
667 2183 737 2248 ἐκεῖ
756 2181 977 2270 συμπέρασμα
1000 2178 1078 2249 ἀπό·

65 2287 160 2361 θεσίς
184 2284 274 2350 ἐστιν
298 2286 458 2371 ἐνταῦθα,
481 2283 502 2372 ἡ
527 2286 564 2354 δὲ
587 2288 656 2354 ἐκεῖ
675 2283 839 2365 ὑπόθεσις
860 2287 987 2356 τούτου
1011 2287 1078 2357 ἐστὶ

12 2417 47 2466 20
67 2389 293 2475 συμπέρασμα.
339 2393 555 2477 προτέτακται
578 2391 615 2459 δὲ
639 2395 756 2479 έκεῖνο,
782 2392 868 2460 διότι
891 2396 1079 2483 δεδομένην

66 2496 132 2580 ἔχει
155 2493 216 2580 τὴν
241 2493 421 2583 ἀνισότητα
444 2502 511 2565 τῶν
529 2502 695 2586 πλευρῶν,
719 2501 830 2567 ἕπεται
848 2498 886 2567 δέ
903 2503 1006 2571 τοῦτο
1023 2500 1080 2582 τὰς

65 2605 189 2685 γωνίας
199 2599 336 2683 ἀνίσους
345 2600 573 2689 ὑποθέμενον·
589 2609 728 2673 δοκοῦσι
737 2603 801 2693 γάρ
812 2608 849 2672 αἱ
861 2605 922 2692 μὲν
935 2607 1078 2695 πλευραί

65 2708 105 2775 τά
129 2706 352 2796 εὐθύγραμμα
380 2711 558 2796 περιέχειν,
587 2714 624 2777 αί
650 2710 688 2778 δέ
710 2717 831 2797 γωνίαι
851 2714 1078 2801 περιέχεσθαι,

64 2814 119 2881 καὶ
130 2813 148 2882 ὁ
158 2814 281 2901 τρόπος
295 2816 333 2884 δὲ
345 2820 403 2902 τῆς
418 2814 617 2897 ἀποδείξεως
631 2815 680 2884 ἐπ’
693 2819 824 2886 ἐκείνου
833 2816 895 2904 μὲν
907 2820 1078 2905 δεικτιιιός,

13 2948 46 2997 25
66 2921 119 2987 ἐπὶ
148 2922 184 2988 δὲ
211 2922 334 2989 τούτου
363 2920 419 2988 διὰ
446 2925 505 3008 τῆς
532 2927 579 3001 είς
606 2918 780 2991 ἀδόυαταν
808 2921 1001 3012 ἀπαγωγῆς·
1044 2928 1079 2995 ἐκ

66 3028 258 3114 διαιρέσεως
281 3027 318 3094 δέ
341 3026 377 3094 τὸ
402 3027 574 3095 ἀδύνατον
594 3035 820 3114 συλλογίζεται
838 3027 857 3097 ὁ
875 3032 1078 3121 γεωμέτρης·

137 3193 178 3241 τι.
199 3189 224 3241 b.
299 3186 472 3255 νοντας).

137 3332 161 3380 2.
181 3323 212 3380 τὸ
232 3323 386 3410 adaquant.
400 3322 435 3380 τὰ
455 3323 537 3382 αὐτοί.
602 3335 627 3383 ⁷.
647 3325 835 3454 ίσοπλεόρωνχ
850 3346 901 3385 sor.
917 3328 1079 3387 ἰσοσκελῶν.

101 3402 126 3450 9.
151 3395 215 3450 Non
233 3399 359 3466 exped10.
448 3405 488 3453 11.
510 3393 587 3469 ἐπεί]
612 3402 751 3454 resectum
769 3419 844 3454 m.
931 3407 976 3458 20.
996 3404 1080 3459 δεδο-

65 3465 166 3538 μένην]
186 3484 213 3534 q,
231 3466 407 3538 δεδογμίνην
425 3469 458 3523 V.
