2362 3796
228 161 384 216 sonem
401 163 441 215 m
458 162 733 214 ELEMENTORUM
750 161 889 213 LIBRUM
901 163 935 214 x,
1018 157 1085 223 425

73 301 217 389 δυνάμει
236 300 421 390 σύμμετροί
437 305 502 371 είσι
521 299 645 389 μόνον,
676 300 717 370 οὐ
736 299 876 389 μήνκαὶ
895 302 998 389 μήκει.
1029 301 1085 369 καλ

72 407 123 477 ὅτι
138 408 200 496 μὲν
214 408 310 496 μήκει
326 405 388 478 οὐκ
401 409 466 477 είσλ
481 406 674 496 σύμμετροι,
694 412 812 495 δῆλον·
836 404 878 475 οὔ
891 405 956 494 γὰρ
971 412 1085 494 έχουσι

72 620 214 708 δυνάμει
243 620 430 710 σύμμετρός
458 623 543 707 έστι,
572 623 689 707 δήλου·
726 617 766 689 τά
793 619 858 707 γὰρ
890 615 947 687 ἀπ’
973 616 1085 688 αὐτῶν

70 728 263 814 τετράγωνα
285 726 326 796 τδι
345 731 383 797 τῖε
404 728 460 796 καὶ
479 731 539 796 ’σίἲε
563 731 608 820 τῶ
632 724 722 820 αὐτῷ
745 731 857 817 χωρίῳ
876 728 1084 814 μετροῦνται.
1121 754 1138 806 ς

72 841 138 922 ἔχει
166 834 204 903 δέ
231 834 286 902 καὶ
310 831 329 903 6
353 838 412 903 σῖε
437 832 521 923 πρὸς
547 833 608 902 τὸν
630 839 668 902 τῖε
696 836 942 902 ένναπλασίονα
970 832 1085 921 λόγον,

72 931 171 1010 αὗται
194 941 247 1028 δέ,
274 941 361 1027 λέγω
390 938 431 1028 δή
460 943 497 1008 αί
521 938 605 1026 πρὸς
628 937 774 1027 ἀλλήλας
797 941 993 1029 σύμμετροι,
1021 947 1086 1010 είτε

74 1046 216 1134 δυνάμει
238 1047 295 1115 καλ
313 1046 411 1134 μήκει
434 1045 499 1115 είσλ
519 1046 703 1133 σύμμετροι
721 1055 787 1115 εἴτε
807 1045 948 1134 δυνάμει
967 1045 1086 1134 μόνον,

73 1154 170 1241 ῥηταὶ
194 1155 359 1240 λέγονται.
395 1159 594 1222 καλείσθω
618 1143 690 1222 οὑν
712 1150 732 1239 ἡ
757 1162 1000 1238 προτεθεῖσα
1024 1150 1087 1221 ευ’-

72 1269 165 1329 θεία
189 1258 294 1348 ῥητή.
330 1268 555 1349 προτεθεῖσαν
569 1256 709 1328 εὐθείαν
722 1260 808 1346 λέγω
821 1257 883 1346 τὴν
899 1260 1085 1346 δεδομένην
1105 1289 1139 1339 10

72 1366 154 1454 ἡμίν
183 1362 228 1446 ῶς
256 1361 365 1454 ἀρχὴν
391 1365 447 1433 καὶ
471 1365 593 1454 μέτρον
620 1364 676 1433 καλ
705 1366 810 1434 οίονελ
843 1364 972 1434 κανόνα
1003 1362 1088 1450 πρὸς

75 1473 271 1560 ἐκμέτρησιν
294 1484 420 1561 μηκῶν.
466 1471 527 1560 τὴν
556 1463 619 1540 οὑν
648 1472 681 1552 έξ
713 1468 907 1552 ὑποθέσεως
938 1476 1008 1555 καί,
1042 1467 1087 1550 ῶς

76 1573 176 1659 αὐτὸς
190 1575 208 1645 6
225 1575 409 1665 Εὐκλείδης
423 1579 522 1666 λέγει,
536 1579 631 1647 θέσει
645 1578 905 1666 λαμβανομένην
921 1574 966 1658 ῶς
980 1574 1087 1663 ἀρχήν

74 1682 130 1750 καλ
154 1682 274 1770 μέτρον
298 1687 345 1764 είς
368 1685 564 1772 έκμέτρησιν
587 1688 702 1772 μηκῶν
732 1681 837 1771 ῥητὴν
865 1690 967 1750 καλεῖ.
1013 1676 1087 1751 οἷον

75 1797 109 1858 εί
127 1814 177 1869 τις
200 1787 350 1882 έρωτῶη,
382 1788 490 1858 πόσον
518 1791 585 1858 ἐστὶ
612 1789 651 1859 τὸ
674 1787 796 1878 μεταξὺ
825 1788 991 1875 διάστημα
1017 1798 1086 1857 τῶν
1105 1817 1139 1870 15

74 1893 304 1983 ὑποκειμένων
328 1900 485 1983 σημείων,
509 1893 611 1965 οὐδὲν
635 1892 679 1964 ι’ίν
704 1901 835 1983 ἔχοιμεν
858 1895 978 1980 λέγειν,
1002 1898 1034 1962 εί
1050 1894 1088 1964 δέ

76 2001 222 2096 ἐρωτῴη,
242 2001 358 2070 πόσων
378 2000 446 2069 ἐστὶ
464 2006 580 2088 πηχῶν
599 1997 620 2089 ἢ
639 2006 766 2087 ποδῶν,
790 1998 975 2087 ἀναγκαῖόν
997 2003 1087 2069 ἐστιν

76 2108 163 2198 ἡμᾶς
182 2112 287 2177 αίτεῖυ
306 2106 509 2194 πηλικότητα
527 2109 657 2194 πήχεως
673 2109 729 2175 καὶ
743 2112 845 2189 ποδὸς
863 2107 919 2174 καὶ
937 2110 977 2195 τῇ
996 2115 1089 2193 πηλι-

75 2216 189 2303 κότητι
208 2218 270 2282 τοῦ
288 2213 418 2301 πήχεως
436 2209 457 2300 ή
476 2216 538 2281 τοῦ
555 2212 660 2294 ποδὸς
677 2216 870 2302 χρωμένους
887 2218 1086 2302 προτεθείση

78 2318 123 2400 ῶς
147 2321 229 2408 ῥητῇ
257 2320 313 2387 καὶ
336 2319 455 2409 εὐθείᾳ
477 2317 515 2388 τὸ
539 2318 704 2408 προτεθὲν
729 2319 894 2406 διάστημα
918 2320 1086 2406 ἐξετάζειν,
1106 2349 1140 2398 20

76 2426 132 2493 καλ
152 2430 183 2495 εί
200 2423 261 2513 μὲν
280 2422 524 2514 ἀπαρτιζόντως
542 2438 740 2513 καταμετρεῖ
755 2422 792 2492 τὸ
812 2423 988 2512 διάστημα,
1012 2419 1087 2494 οἷον

75 2531 225 2620 τετράκις
251 2529 272 2620 ή
296 2531 451 2612 πεντάκις
477 2527 498 2618 ἢ
525 2529 653 2619 ὁσαχῶς
681 2529 804 2617 άλλως,
833 2529 937 2618 ῥητὸν
965 2528 1009 2600 άν
1037 2541 1087 2620 είη

76 2637 113 2707 τὸ
129 2649 284 2707 τοιοῦτον
299 2639 464 2725 διάστημα
478 2639 669 2707 πεντάπουν
683 2634 704 2724 ἢ
719 2636 922 2725 πεντάπηχυ,
937 2642 968 2706 εί
979 2638 1088 2725 τύχοι·

77 2752 106 2813 εἰ
124 2744 162 2813 δὲ
178 2741 373 2832 ὑπερβαίνει
392 2741 412 2830 ή
433 2747 584 2830 ἐλλείπει,
604 2742 752 2831 ἄρρητον
771 2749 871 2813 ἔσται.
905 2750 1088 2830 σαφηνείας

80 2850 118 2919 δὲ
140 2852 240 2938 χάριν
263 2875 295 2918 τι
317 2849 354 2919 τὸ
378 2851 557 2936 ἀπαρτίζον
581 2849 688 2930 οὑτως
711 2863 842 2938 μετρεῖν
866 2852 965 2918 ἐστιν.
1002 2854 1084 2919 ἔστω
1103 2874 1137 2926 25

79 2953 97 3025 6
127 2956 224 3024 ἐννέα
254 2955 310 3022 καὶ
333 2951 351 3022 6
375 2958 393 3022 ῐ
414 2955 470 3022 καὶ
494 2952 512 3023 6
535 2966 558 3022 ν’
585 2953 739 3044 άριθμός.
786 2953 804 3024 6
832 2955 894 3043 μὲν
922 2947 986 3023 οὑν
1013 2960 1087 3044 τρία

78 3059 139 3131 τὸν
157 3053 184 3129 θ
207 3059 452 3147 ἀπαρτιζόντως
471 3074 594 3149 μετρεῖ·
617 3062 688 3149 τρὶς
705 3059 770 3148 γάρ
790 3061 964 3142 συντεθεὶς
982 3058 1087 3130 αὑτὸν

77 3169 289 3256 μεμέτρηκεν.
337 3163 529 3253 ὑπερβαίνει
554 3165 591 3234 δὲ
618 3193 679 3235 του
701 3178 739 3254 ἦ,
772 3168 912 3235 ἐλλείπει
941 3167 977 3236 δὲ
1005 3171 1089 3253 πρὸς

76 3273 137 3342 τὸν
165 3278 192 3341 ῖ.
237 3270 416 3358 νενοήσθω
444 3272 485 3359 δὴ
514 3273 570 3340 καλ
594 3270 612 3341 6
636 3280 658 3359 ᾦ
684 3275 739 3342 καὶ
768 3271 832 3361 ὁη
858 3275 914 3341 καὶ
938 3272 955 3341 6
979 3265 1008 3340 θ
1032 3275 1088 3342 καλ

150 3511 193 3561 24.
210 3501 349 3561 έλλείιιοιί
360 3522 387 3574 q.
442 3508 485 3561 λδ.
500 3503 541 3578 τι]
553 3519 613 3574 seq.
624 3479 805 3574 commta.
857 3490 1106 3579 ‘MQW
