2362 3796
122 161 190 227 604
266 161 423 215 scnom
441 162 478 212 m
497 159 773 211 ετεετεειεοευω
790 138 951 215 mem'
965 164 1018 217 κε.

122 302 300 389 περιέχωσι
328 301 366 368 ὸὲ
392 297 496 379 αὐτὰς
519 308 589 367 ίσαι
612 295 759 383 εὐθεῖαι,
787 300 899 387 λέγω,
932 299 995 371 ὅτι
1017 302 1075 371 καί
1093 305 1145 371 τόν

122 406 182 487 τὰς
213 412 338 493 γωνίας
369 406 621 474 ὑποτειυουσων
654 403 801 474 εὐθειῶν
839 410 929 492 μιᾶς
971 411 1015 475 αί
1049 407 1145 478 λοιπαί

123 520 254 600 μείζους
276 513 341 580 είσί
367 512 477 600 πάντη
506 510 857 599 μεταλαμβανόμεναι,
884 517 1078 585 τουτέστιν
1103 519 1146 583 ίυ

124 621 229 687 νατὸν
248 620 283 685 ἐκ
301 622 370 685 τῶν
390 620 677 703 ἐπιζευγνυουσῶν
690 618 751 697 τὰς
763 623 893 703 γωνίας
905 623 1145 708 πολύπλευρα

88 723 366 809 ςσυστήσασθαι.
411 730 560 792 ἔστωσαν
591 727 628 790 αί
654 727 810 791 δοθεῖσαι
836 724 1014 814 τέσσαρες
1037 733 1145 815 γωνίαι

123 832 160 896 αι’
182 830 267 912 πρὸς
289 843 359 909 τοῖς
382 839 424 914 A,
448 837 493 915 H,
518 838 562 913 A,
584 836 616 896 A
646 835 810 916 σημείοις,
837 821 890 897 τόν
914 835 961 899 αί
983 847 1080 921 τρεῖς
1099 838 1146 920 τῆς

123 940 241 1020 λοιπῆς
259 941 390 1021 μείζους
409 940 559 1003 ἔστωσαν
576 935 683 1023 πάντη
703 936 1068 1026 μεταλαμβανόμεναι,
1087 948 1146 1009 ίσαι

124 1040 161 1108 όὲ
176 1046 324 1108 ἔστωσαν
343 1044 380 1108 αι’
392 1049 470 1128 BA,
484 1047 560 1126 ΑΓ,
579 1048 658 1125 EA,
672 1048 749 1124 AZ,
768 1047 846 1125 ΘΗ,
860 1046 950 1129 ΗΚ,
973 1051 1064 1132 ΜΛ,
1078 1053 1146 1131 AN,

122 1147 178 1214 καὶ
202 1147 455 1233 ἐπεζεύχθωσαν
479 1151 516 1215 αί
537 1152 610 1234 ΒΓ,
630 1155 709 1229 ΕΖ,
736 1151 812 1231 ΘΚ,
829 1154 919 1215 ΜΝ.
973 1153 1080 1238 λέγω,
1103 1153 1147 1221 ότι

72 1280 104 1328 10
123 1257 192 1320 τῶν
213 1259 286 1335 ΒΓ,
306 1261 384 1339 ΕΖ,
414 1260 491 1338 ΘΚ,
510 1261 594 1321 ΜΝ
619 1257 657 1321 αί
676 1267 765 1341 τρεῖς
786 1263 844 1339 τῆς
865 1260 997 1345 λοιπῆς
1020 1265 1148 1345 μείζους

124 1359 188 1425 είσὶ
212 1357 321 1446 πάντῃ
345 1358 686 1445 μεταλαμβανόμεναι.
731 1362 763 1427 εί
785 1358 846 1445 μὲν
867 1359 936 1445 γὰρ
964 1372 1043 1433 ίσαι
1068 1364 1147 1433 εἰσίν

124 1465 161 1528 αί
181 1462 264 1545 πρὸς
286 1478 357 1543 τοῖς
380 1473 422 1548 Α,
446 1472 491 1549 A,
514 1470 560 1549 H,
583 1472 615 1531 A
643 1470 779 1551 γωνίαι,
807 1472 878 1532 ίσαι
903 1461 953 1533 άν
978 1460 1077 1555 ἦσαν
1097 1470 1147 1539 καί

124 1570 162 1634 αί
182 1570 322 1658 πλευραὶ
346 1573 383 1637 αί
403 1574 476 1654 ΒΓ,
497 1577 575 1655 ΕΖ,
599 1577 677 1656 ΘΚ,
696 1578 786 1639 ΜΝ·
818 1570 873 1639 καὶ
898 1576 1078 1663 φανερόν,
1102 1575 1148 1646 ότι

124 1678 162 1744 αι’
174 1690 262 1760 τρεῖς
279 1679 339 1764 τῆς
353 1679 430 1763 μιᾶς
449 1682 580 1763 μείζους
594 1677 658 1744 είσὶ
672 1677 781 1766 πάντη
796 1684 1148 1770 μεταλαμβανόμεναι

72 1806 104 1855 15
123 1785 154 1849 εί
176 1781 213 1849 δὲ
236 1780 350 1850 ἄνισοι
374 1774 475 1869 ὦσιν,
501 1788 622 1870 μείζων
644 1780 665 1869 ἡ
688 1782 773 1871 πρὸς
793 1787 840 1874 τῷ
863 1792 905 1853 Α.
951 1786 1064 1871 βάσις
1087 1787 1147 1875 άρα

124 1884 144 1973 ἡ
167 1894 196 1954 Β
204 1892 236 1955 Γ
258 1888 397 1975 ἑκάστης
418 1892 486 1957 τόν
510 1895 583 1973 ΕΖ,
607 1894 683 1973 ΘΚ,
707 1895 786 1956 ΜΝ
808 1893 929 1975 μείζων
953 1893 1075 1982 ἐστίν,
1104 1886 1148 1963 όν

123 1993 179 2058 καί
197 1991 278 2078 μετά
298 2005 375 2079 μιᾶς
394 1991 508 2062 αὐτῶν
525 1998 584 2079 τῆς
600 1995 713 2081 ἑτέρας
725 1998 793 2062 τόν
807 1999 937 2063 λοιπῶν
950 1993 1149 2070 ὁποιασοῦν

124 2104 243 2184 μείζων
254 2100 353 2167 ἐστίν.
372 2103 402 2165 εἰ
412 2098 449 2166 δὲ
462 2103 573 2183 τοῦτο,
586 2099 642 2166 καὶ
657 2101 737 2185 μετὰ
747 2098 809 2166 δύο
820 2097 934 2167 αὐτῶν
944 2097 1151 2177 ὁποιωνοῦν

124 2207 182 2289 τῆς
205 2207 322 2288 λοιπῆς
343 2209 454 2294 πολλῷ
474 2211 592 2291 μείζων
612 2206 711 2272 ἐστίν.
748 2206 844 2290 λέγω,
867 2200 920 2271 ότι
938 2207 1000 2273 καί
1021 2214 1063 2277 αί
1076 2220 1150 2297 ΕΖ,

70 2335 104 2384 20
124 2314 200 2392 ΘΚ,
217 2315 298 2375 ΜΝ
312 2312 371 2393 τῆς
384 2315 451 2376 ΒΓ
470 2316 601 2396 μείζους
614 2314 710 2377 είσίν.
742 2309 811 2378 ἐπεὶ
830 2307 894 2398 γὰρ
908 2315 1041 2396 μείζων
1057 2318 1151 2386 ἐστὶν

123 2411 143 2499 ἡ
167 2411 250 2499 πρὸς
272 2417 318 2504 τῷ
337 2423 370 2480 Α
393 2423 500 2501 γωνία
519 2415 658 2501 ἑκάστης
675 2421 743 2483 τῶν
761 2424 804 2502 A,
818 2423 865 2502 Η,
878 2422 921 2501 A,
945 2423 1150 2491 συνεστάτω

122 2517 205 2604 πρὸς
227 2521 266 2605 τῇ
290 2526 357 2587 ΒΑ
381 2519 499 2610 εὐθείᾳ
521 2520 578 2586 καὶ
600 2523 645 2611 τῷ
669 2529 702 2588 A
726 2526 849 2613 σημείῳ
872 2524 912 2608 τῇ
935 2522 1026 2609 πρὸς
1044 2532 1095 2619 τῷ
1117 2536 1150 2595 A

122 2628 230 2713 γωνίᾳ
254 2633 309 2711 ι”ση
333 2623 354 2712 ἡ
377 2624 444 2694 ὑπὸ
467 2628 580 2712 ΒΑΞ,
608 2623 692 2714 πρὸς
720 2627 758 2694 δὲ
779 2632 820 2714 τῇ
843 2629 910 2704 ΑΞ
934 2624 1061 2721 εόθείμ
1090 2634 1148 2700 καὶ

122 2734 167 2821 τῷ
193 2738 225 2797 A
249 2738 373 2823 σημείῳ
396 2734 436 2819 τῇ
460 2736 496 2797 Η
516 2737 624 2821 γωνίᾳ
647 2740 701 2818 ίση
725 2737 841 2818 γωνία.
878 2731 951 2818 ἤτοι
976 2733 1022 2820 δὴ
1047 2736 1148 2816 ἐντὸς

71 2862 105 2911 25
124 2848 182 2922 τῆς
205 2843 274 2904 ΑΓ
292 2851 438 2905 πεσεῖται
461 2833 482 2923 ἢ
507 2836 558 2904 ἐπ’
581 2836 682 2924 αὐτῆς
704 2834 725 2924 ἢ
751 2837 852 2917 ἐκτός.
892 2839 1039 2907 πιπτέτω
1062 2842 1146 2925 πρό

195 2978 220 3026 ὁ,
242 2969 378 3040 ἔστωσαν]
399 2967 436 3030 ὡς
455 2967 491 3023 ἄν
510 2969 601 3025 PBV.
656 2976 680 3024 6.
701 2967 831 3096 αίργίμτ.)
849 2987 903 3026 om.
922 2968 1011 3025 PBV.
1069 2975 1145 3047 τοῖς]

123 3060 166 3094 τοι
185 3041 215 3094 Ρ.
279 3040 315 3111 A]
334 3046 357 3093 A
376 3040 438 3095 BV.
499 3033 552 3111 ὧν]
571 3037 663 3104 ὡςόν
682 3042 769 3096 ΡΒ.
828 3042 914 3113 τρεῖς]
933 3047 997 3104 ταῖς
1015 3042 1051 3098 V.
1119 3053 1144 3101 7.

123 3113 250 3179 μείζονες
271 3127 361 3180 comp.
376 3111 408 3166 B.
468 3116 493 3166 8.
513 3109 648 3181 ἔστωσαν]
670 3107 747 3166 ὡσάν
766 3111 796 3179 Ρ,
815 3129 904 3182 comp.
918 3113 950 3166 B.
1006 3119 1034 3170 9.
1052 3118 1129 3170 ΜΝ

124 3198 178 3235 om.
198 3181 290 3235 PBV.
374 3188 415 3236 13.
436 3178 483 3254 αί]
504 3198 557 3237 om.
577 3182 666 3237 PBV.
749 3179 942 3255 acJAPBV.
1026 3189 1070 3241 14.
1091 3184 1128 3241 αί

123 3269 176 3307 om.
197 3250 227 3304 P.
302 3257 344 3306 15.
363 3245 415 3307 ὦσι
433 3252 496 3308 PV.
556 3253 608 3341 τῷ]
630 3250 661 3308 τό
679 3251 714 3308 V.
788 3261 829 3311 16.
849 3248 985 3325 ἑκατέρας
1000 3252 1038 3311 V.
1097 3264 1143 3312 19.

123 3321 220 3391 μεῖζόν
241 3320 299 3377 ἐστι
318 3322 351 3377 V.
439 3329 481 3378 21.
500 3323 551 3395 τῷ]
571 3344 603 3379 το
623 3325 656 3381 V.
739 3319 876 3394 ἑκατέρας
894 3324 927 3379 V.
1013 3329 1060 3381 23.
1079 3328 1143 3399 ίση]

122 3409 176 3447 om.
195 3392 225 3448 P.
309 3401 350 3449 24.
370 3395 422 3466 τῷ]
442 3393 473 3450 τό
493 3394 554 3448 PV.
636 3389 1015 3466 Α]ὡςΑΡΒ,ὦςάνΚ.
1092 3417 1143 3468 ση-

104 3489 279 3552 ΙΙῖσνΡῩ.
347 3492 471 3567 mm*
490 3489 526 3546 V.
588 3490 856 3563 vaiqx'mmss.
914 3475 1091 3562 tmusscm
1108 3496 1141 3553 B.
