2362 3796
89 147 152 210 182
237 146 395 200 SOHOLIA
413 147 453 198 IN
470 146 745 199 ELEMENTORUM
762 144 937 196 LIBRUML

424 343 480 407 Ad
502 365 608 427 prop.
630 341 765 406 XXXII.

156 470 230 535 112.
261 472 398 532 Είωθευ
420 461 440 551 ή
464 467 589 551 γνῶσις
611 461 632 551 ή
655 461 797 550 ήμετέρα
820 466 856 530 ἐκ
877 464 939 531 τοῦ
960 461 1109 542 ἀτελοῦς

88 577 300 659 μεταβαίνειν
318 572 370 639 ἐπὶ
388 570 426 639 τὸ
446 573 584 641 τέλειον.
620 568 675 637 διὸ
689 573 745 638 καὶ
759 567 781 657 ή
796 571 956 657 ἐπιστήμη
976 565 1107 655 ὁμοίως

87 682 254 765 προιοῦσοι
282 680 407 746 ἐκτῶν
435 676 602 766 ἀορίστων
626 676 792 762 ἐπιβολῶν
816 675 869 743 έπί
891 673 970 755 τοὺς
993 671 1106 763 ὁριζο-

52 807 68 856 5
88 785 210 870 μένους
231 785 288 852 καὶ
311 781 528 871 ἀνελέγκτους
555 782 678 869 λόγους
703 787 902 869 μεταβαίνει.
948 779 1012 850 ὅσα
1036 778 1105 871 γάρ

87 893 237 960 ἐνέλιπεν
261 893 298 959 έν
320 895 366 984 τῷ
387 891 431 965 ις’
450 891 507 958 καὶ
526 889 567 971 ιζ’
586 890 790 978 θεωρήματι,
812 891 975 958 τοσοῦτον
998 907 1106 978 προσ·

86 1004 223 1085 τίθησιν
247 999 285 1064 έν
306 996 426 1088 τούτῳ·
451 993 492 1065 οά
515 995 580 1086 γάρ
603 995 721 1083 μόνον,
745 994 796 1064 ὅτι
818 993 838 1083 ή
862 992 955 1076 έκτὸς
976 994 1106 1064 τούτου

86 1107 148 1170 τοῦ
184 1103 352 1192 τριγώνου
389 1103 543 1190 ἑκατέρας
577 1105 647 1170 τών
684 1104 779 1182 ἐντὸς
809 1102 865 1169 καί
896 1099 1104 1170 ἀπεναντίον

88 1213 219 1295 μείζων,
239 1208 295 1275 θιά
314 1207 437 1276 τούτου
455 1208 688 1295 μανθάνομεν,
707 1207 867 1277 ἀλλὰκαὶ
887 1204 955 1300 ὅσῳ
970 1213 1103 1294 μείζων.

39 1336 72 1384 10
91 1321 146 1399 ίση
171 1311 239 1400 ’γάρ
268 1311 471 1400 ἀμφοτέραις
499 1306 584 1382 οὖσα
612 1320 731 1402 μείζων
761 1314 850 1383 ἐστὶν
879 1314 1034 1403 ἑκατέρας
1060 1318 1103 1404 τῇ

88 1423 198 1508 λοιπή.
244 1416 324 1486 οὐδὲ
352 1417 403 1487 ὅτι
431 1419 494 1488 δύο
522 1424 582 1488 τοῦ
610 1419 778 1510 τριγώνου
806 1417 984 1488 ὁποιαιοῦν
1008 1419 1105 1489 έλάτ-

88 1526 183 1604 τονές
205 1531 266 1594 είσι
293 1529 391 1593 δυοῖν
415 1522 552 1615 ὀρθαίν,
576 1529 611 1595 ἐκ
633 1525 757 1594 τούτου
774 1527 993 1613 γινώσκομεν,
1017 1524 1107 1595 ἀλλά

88 1632 144 1698 καὶ
166 1632 259 1722 πόσῳ
284 1630 452 1710 έλάττους·
479 1636 518 1721 τή
542 1631 606 1720 γάρ
629 1634 728 1721 λοιπή
751 1636 819 1701 τών
837 1636 949 1720 τριών.
990 1634 1105 1701 ἐκεῖνα

89 1738 150 1823 μὲν
174 1731 237 1807 οὖν
259 1737 478 1826 ἀοριστότερά
501 1762 571 1818 πως
588 1731 633 1825 ήν
650 1765 691 1806 τοι
710 1738 922 1825 θεωρήματα,
944 1739 1107 1808 τοῦτοδὲ

88 1843 149 1912 τὸν
171 1849 230 1933 τῆς
253 1843 431 1933 ἐπιστήμης
454 1843 537 1933 ὅρον
559 1842 761 1932 ἀμφοτέροις
784 1843 942 1932 ἐπήγαγε,
965 1844 1022 1912 καί
1045 1845 1106 1913 (1ιά

89 1954 189 2019 τοῦτο
209 1949 251 2019 οά
269 1950 403 2039 περιττὰ
423 1947 466 2019 ἀν
485 1959 634 2037 εἴποιμεν
653 1953 773 2019 έκείνα.
811 1955 880 2019 ἔστι
899 1951 937 2019 δὲ
956 1954 1104 2021 διπλοῦν

89 2055 127 2124 τὸ
152 2058 313 2146 θεώρημα
335 2061 435 2124 τοῦτο
458 2058 540 2125 κατά
563 2084 598 2125 τε
620 2056 659 2125 τὸ
684 2056 886 2144 ζητούμενον
909 2058 966 2125 καὶ
988 2055 1027 2126 τὸ
1051 2063 1105 2126 ἀε-

91 2165 245 2249 θομένον.
281 2164 395 2247 ἕτερον
418 2162 479 2248 μέν
497 2162 562 2250 γάρ
582 2167 651 2232 ἐστι
670 2162 708 2231 τὸ
726 2163 788 2250 τήν
808 2165 901 2244 ἐκτὸς
919 2172 996 2250 ίσην
1015 2161 1107 2233 εἶναι

91 2277 131 2356 τῇ
156 2269 251 2348 έντός
268 2268 323 2334 καί
342 2265 556 2337 ἀπεναντίον·
580 2272 730 2338 δείκνυσι
748 2271 814 2359 γὰρ
832 2273 931 2339 τοῦτο
947 2272 1106 2357 ἐκβεβλη-

37 2385 72 2435 20
91 2374 197 2460 μένην
229 2371 376 2461 πλευράυ
408 2373 458 2442 ἐπ’
489 2373 624 2456 εὐθείας
656 2386 715 2466 μιᾷ
744 2379 812 2444 τών
839 2380 901 2444 τοῦ
933 2375 1106 2462 τριγώνου

90 2483 252 2568 πλευρών.
299 2481 413 2566 ἕτερον
437 2482 477 2548 δέ
497 2484 566 2550 ἐστι
589 2480 626 2549 τὸ
649 2481 708 2563 τὰς
730 2480 824 2561 ἐντὸς
849 2486 912 2551 τοῦ
933 2481 1107 2570 τριγώνου

38 1825 70 1875 15

91 2584 155 2654 δύο
179 2581 300 2675 ὀρθαῖς
328 2595 402 2668 ίσας
424 2584 524 2655 εἶναι·
562 2592 712 2656 δείκνυσι
739 2587 819 2676 γάρ,
847 2587 900 2657 ὅτι
926 2586 965 2657 τὸ
993 2592 1108 2676 σγήμα

90 2690 256 2780 τρήωνόν
280 2694 379 2761 ἐστιν.
416 2693 486 2760 έπεί
510 2692 547 2760 δέ
571 2696 700 2780 ἔχομεν,
723 2691 776 2762 ὅτι
793 2697 918 2774 παντὸς
934 2692 1107 2782 τριγώνου

92 2802 129 2865 αι’
149 2813 238 2886 τρεῖς
259 2804 380 2886 γωνίαι
403 2799 503 2866 δυσὶν
528 2795 648 2885 ὀρθαῖς
672 2807 743 2868 ίσαι
767 2804 868 2885 εἰσίν,
892 2794 967 2869 οἷον
989 2826 1106 2889 τετρα-

38 2923 73 2973 25
91 2904 205 2989 γώνου
218 2906 274 2973 καὶ
288 2909 356 2973 τών
372 2906 445 2991 ἑξής
455 2902 613 2973 ἀπάντων
624 2905 878 2993 πολυπλεύρων,
892 2904 954 2994 χρή
965 2909 1107 2994 εἰδέναι,

91 3008 142 3078 ὅτι
165 3016 231 3079 πάν
256 3016 365 3098 σχήμα
389 3008 633 3100 εὐθύγραμμον
657 3016 704 3091 είς
726 3017 893 3101 τρίγωνον
911 3009 1106 3083 ἀναλύεται.

90 3155 303 3165 -—.-..—---

164 3229 221 3278 112.
241 3224 282 3276 va
293 3224 356 3292 (sq).

165 3423 206 3472 19.
224 3418 300 3472 Fort.
321 3412 360 3472 δι’
377 3414 594 3488 ἐκβεβλημένην.
653 3422 696 3473 24.
715 3418 783 3473 Post
801 3417 872 3474 εἰσίν
890 3417 979 3475 uerba
991 3419 1107 3491 aliquot

78 3487 260 3557 excideram&
280 3487 328 3544 οίτ.
343 3487 463 3547 Ρτοοίοτ
482 3507 509 3562 p.
526 3493 588 3564 381,
602 3495 719 3546 23-25.
