2362 3796
242 173 398 224 sonom
415 173 454 224 ιω
472 168 747 223 ωτωωωωσοεεοω
763 172 902 223 πιεεεοω
915 172 950 222 x.
1036 166 1098 230 501

157 317 230 380 187.
261 310 359 398 Ῥητόι
387 338 453 399 γάρ
481 309 653 396 άμφότερα
683 335 712 396 p.
738 313 793 396 76,
817 314 851 394 6]
880 307 917 377 τὸ
946 310 1007 396 μέν
1035 305 1101 377 άπὸ

88 424 150 487 τοῦ
177 424 251 486 ΕΗ
275 417 377 506 ῥητόν
406 420 512 501 ἐστιν,
540 416 592 485 ότι
618 417 675 483 καὶ
703 414 723 502 ἡ
753 424 826 484 ΕΗ
851 415 994 502 δυνάμει
1021 414 1101 500 σάμ-

89 551 207 613 μετρος
231 526 366 611 ἐδείχθη
389 527 429 612 τῇ
457 523 626 610 ἐκκειμένῃ
651 525 732 610 ῥητῇ
760 526 799 610 τῇ
823 529 903 608 ΕΖ,
933 519 1036 609 ῥητόν
1064 519 1102 589 δὲ

89 633 144 700 καὶ
171 630 208 699 τό
238 629 303 699 άπὸ
330 640 389 718 τῆς
411 636 494 713 ΗΘ,
523 626 574 697 ὅτι
601 629 657 696 καὶ
686 627 769 715 αὕτη
793 627 892 715 μήκει
916 626 1103 715 σύμμετρος

91 741 227 825 ἐδείχθη
251 746 290 824 τῇ
314 735 483 822 ἐκκειμένῃ
508 734 591 821 ῥητῇ
615 737 655 821 τῇ
678 739 751 800 ΕΖ.
1122 751 1138 799 5

159 848 232 912 188.
259 840 359 928 Ὅπερ
388 841 457 910 έστὶ
484 839 521 908 τδ
551 837 616 908 άπὸ
643 842 702 926 τῆς
723 846 787 907 ΕΘ
819 863 850 927 p.
875 842 931 925 76,
956 843 1011 921 11]
1043 836 1102 905 ἐὰν

92 949 155 1036 γάρ
184 949 301 1017 εὐθεῖα
331 943 465 1035 γραμμὴ
492 954 621 1033 τμηθῇ,
654 942 699 1024 ὡς
727 949 858 1032 ἔτυχεν,
890 942 928 1012 τὸ
957 942 1023 1013 ἀπὸ
1045 945 1104 1028 τῆς

92 1054 172 1141 όλης
194 1052 404 1140 τετράγωνον
428 1060 504 1119 ἴσον
528 1052 597 1120 ἐστὶ
615 1065 684 1132 τοῖς
702 1076 737 1118 τε
755 1049 821 1119 άπδ
841 1054 909 1119 τόν
922 1048 1103 1136 τμημάτων

91 1162 146 1228 καὶ
164 1165 210 1253 τῷ
231 1162 283 1239 δὶς
295 1155 365 1226 ὑπὸ
380 1161 448 1226 των
462 1157 643 1244 τμημάτων
656 1157 879 1248 περιεχομένῳ
895 1157 1104 1245 ὀρθογωνίῳ.

429 1354 486 1418 Ad
510 1376 612 1439 prop.
635 1353 772 1421 XXVII.
1124 1369 1158 1418 ιο

163 1481 233 1545 189.
270 1481 392 1561 Τρίτον
410 1477 608 1562 κεφάλαιον,
626 1477 663 1543 ἐν
683 1469 709 1565 ᾧ
728 1473 1008 1563 παρασκευάζεται
1022 1471 1105 1559 πρὸς

94 1581 246 1669 τὴντῶν
270 1579 352 1650 κατὰ
376 1581 542 1649 σύνθεσιν
565 1580 697 1666 ἀλόγων
721 1579 865 1669 εὕρεσιν.

162 1691 233 1756 190.
265 1677 1104 1774 ἩΑβιῖθιῖβιδΒβιῐέῐθιὴΓβλξῐιῐ

92 1792 114 1880 ἡ
138 1803 171 1861 Δ
194 1785 217 1879 β
240 1798 272 1865 ιξ
295 1820 343 1880 με.

162 1903 234 1968 191.
261 1897 369 1967 ’Έστω
389 1897 457 1987 ηΑ
477 1897 687 1984 δεκάπους,
671 1927 691 1986 η
711 1899 749 1968 δὲ
762 1907 791 1966 Β
810 1899 960 1983 εξάπους,
978 1897 1105 1984 πλευρὰ
1125 1915 1158 1966 15

94 2006 131 2075 δὲ
148 2032 208 2093 της
226 2005 287 2092 μέν
302 1999 632 2135 βεκάποδοςγθμδ,
655 2006 769 2093 τηςδὲ
789 2005 1040 2090 ξκτιοδοςβκς
1052 2008 1103 2073 νδ

93 2119 183 2180 ἔστιν
208 2103 272 2179 οὖν
294 2109 314 2198 ἡ
339 2111 503 2193 δεκάπους
530 2113 584 2179 καὶ
609 2112 748 2192 εξάπους
773 2112 965 2202 τετράγωνα
991 2137 1050 2197 της
1073 2120 1106 2177 Α

94 2218 202 2284 καΒὶ
173 2217 415 2304 Βπλευρόις”
392 2245 467 2304 ητοι
489 2223 548 2304 τῆς
569 2246 591 2304 γ
613 2229 640 2286 θ
663 2222 708 2305 μδ
730 2219 848 2286 κοιλ
808 2246 867 2305 της
884 2210 970 2305 βκῖ
987 2221 1107 2285 νδ.ε

96 2314 158 2389 οὖν
182 2319 297 2407 βούλει
321 2319 432 2410 εὑρεῖν
456 2325 560 2410 μέσην
584 2322 753 2410 άνάλογον
771 2328 840 2393 τῶν
854 2335 887 2392 Α
903 2326 960 2392 καὶ
978 2321 1043 2392 B’
1031 2349 1103 2410 ητοι

94 2431 162 2494 τῶν
192 2454 214 2512 γ
235 2435 262 2494 θ
281 2430 326 2512 μδ
355 2429 411 2495 καὶ
438 2433 506 2497 τόν
533 2421 598 2516 β
578 2450 598 2501 ς
620 2434 678 2517 νδ,
710 2437 853 2518 ποίησον
884 2431 944 2501 τὸν
971 2458 993 2517 γ
1015 2441 1042 2500 θ
1060 2433 1105 2517 μδ
1124 2445 1159 2494 20

98 2529 204 2598 ἐπὶ
172 2558 232 2600 τον
254 2524 313 2618 β
295 2552 315 2604 ς
332 2537 376 2601 νδ
398 2536 454 2602 καὶ
475 2540 537 2603 τοῦ
557 2537 589 2617 ἐξ
609 2535 720 2604 αὐτῶν
738 2539 915 2622 γεγονότος
935 2536 1106 2624 ἐκβάλλων

95 2664 156 2723 την
183 2637 333 2768 πλευράν
361 2637 432 2707 ειτιι
459 2638 731 2727 άνωβίβωσον,ε
715 2647 763 2721 εἰς
790 2640 854 2710 ὅσοι
882 2640 1067 2710 δόναται’
1048 2668 1106 2709 αν-

95 2743 287 2830 ιιχθῆναι“
271 2772 291 2830 η
321 2749 521 2832 ἐκβληθεῖσα
549 2746 683 2831 πλευρά.
730 2749 786 2815 καὶ
813 2746 853 2816 τόι
883 2750 918 2814 ἐκ
944 2773 1004 2833 της
1026 2744 1105 2814 άνιι·

96 2853 207 2935 γωγῆς
235 2849 416 2937 εὑρεθέντα
444 2850 526 2921 όντω
547 2845 574 2938 β
593 2858 638 2938 μῖ
660 2859 702 2924 τῖς
729 2856 797 2921 ἐστι
825 2853 907 2938 μέση
936 2849 1105 2937 ἀνάλογον

103 2954 111 2978 ‘
218 2960 248 3023 εἰ
270 2956 308 3025 δὲ
331 2956 446 3042 βούλει
469 2961 527 3042 τῆς
550 2963 583 3026 Γ
600 2961 746 3045 πλευράς
768 2963 827 3044 τῆς
850 2955 954 3043 οὔσης
977 2959 1105 3043 μοιρῶν
1124 2976 1159 3026 25

95 3102 308 3115 ——w

95 3176 296 3297 ..κει
316 3170 508 3311 τωο..
528 3169 672 3296 μοι
1010 3167 1106 3238 ω·

93 3371 307 3380 ———-.—-—

95 3510 113 3578 β
171 3443 212 3490 12.
232 3431 356 3508 ἀλόγων]
376 3433 525 3506 άναλόγων
544 3437 573 3492 Ρ.
653 3442 697 3492 21.
717 3432 852 3507 ἐκβάλλον
871 3453 899 3504 (η.
974 3429 1116 3487 ἰω-ἐωθ-

114 3525 183 3562 ασον
203 3526 229 3575 q.
