2362 3796
227 109 384 160 scflomA
401 109 441 160 Ιω
458 109 732 161 ammom
750 110 925 166 mum
1013 109 1075 173 111

64 251 102 317 έν
129 261 199 329 τοίς
225 247 445 335 θεωρήμασιν
473 245 510 316 τὸ
539 243 733 316 ἀκόλουθον
757 253 843 318 ἰδεῖν
870 251 926 318 καί
948 259 1078 340 γνῶναι

63 369 134 436 τοῖς
151 353 384 441 ὑποκειμένοις
401 354 644 439 προτιθέμεθα,
665 355 702 421 έν
722 354 761 423 δὲ
778 367 847 434 τοϊς
866 360 1077 447 προβλήμασι

62 467 270 550 πορίσασθαι
293 461 349 528 καί
377 463 519 544 ποιῆσαί
539 485 570 526 τι
596 459 887 547 προσταττόμεθα,
919 463 1007 534 οὕτω
1036 467 1077 553 δή

62 568 118 636 καί
141 570 178 636 έν
202 567 265 654 μὲν
286 579 357 645 τοῖς
381 563 544 651 ἀξιώμασι
567 570 671 633 ταῦτα
694 565 915 654 λαμβάνεται,
939 568 1001 638 ὅσα
1025 571 1079 638 καί

63 672 213 744 αὐτόθεν
237 678 283 752 εἰς
305 675 433 758 γνῶσίν
457 672 526 738 ἐστι
548 675 725 758 καταφανῆ
749 673 803 739 καί
827 671 986 760 πρόχειρα
1009 688 1080 754 ταίς
1117 704 1133 754 5

65 780 259 858 ἀδιδάκτοις
281 775 377 865 ήμῶν
400 783 577 863 διανοίαις,
600 781 637 846 έν
657 779 695 846 δὲ
712 793 783 858 τοῖς
801 778 960 866 αἰτήμασι
978 786 1086 850 ταῦτα

66 892 184 972 λαβεῖν
210 889 383 972 ζητοῦμεν,
411 882 473 953 ὅσα
497 886 588 953 ἐστίν
612 883 793 973 εὐπόριστα
817 886 874 955 καί
897 886 1081 975 εὐμήχανα,

68 997 128 1079 τῆς
160 997 312 1071 διανοίας
343 989 384 1060 οὐ
410 989 604 1078 καμνούσης
631 992 706 1079 περί
734 991 796 1079 τῆν
823 998 928 1079 λῆψιν
956 991 1081 1081 αὐτῶν,

68 1096 150 1166 οὐδὲ
171 1102 337 1176 ποικιλίας
360 1095 513 1182 δεόμενα.
548 1101 674 1181 γνῶσις
697 1095 762 1184 ἀρα
785 1099 929 1186 ἐναργής
946 1101 1003 1168 καί
1022 1098 1080 1167 ἀν-

67 1203 261 1284 απόδεικτος
283 1204 339 1271 καί
362 1208 463 1290 λῆψις
485 1199 709 1283 ἀκατάσκευος
728 1208 912 1291 διορίζουσι
930 1206 970 1274 τά
990 1207 1079 1294 αἰτή·
1101 1233 1134 1283 10

64 1337 150 1398 ματα
172 1312 228 1379 καί
251 1310 291 1380 τά
311 1309 491 1397 ἀξιώματα,
515 1307 626 1394 ὥσπερ
648 1310 704 1377 καί
722 1316 847 1397 γνῶσις
865 1311 1079 1400 ἀποδεικτική

64 1421 119 1488 καί
142 1429 242 1509 λῆψις
264 1425 333 1490 τῶν
359 1427 575 1513 ζητουμένων
592 1428 674 1515 μετὰ
697 1432 908 1516 παρασκευῆς
930 1423 970 1490 τά
994 1433 1080 1491 θεω-

64 1525 195 1614 ρήματα
218 1532 288 1596 τῶν
316 1530 564 1617 προβλημάτων
588 1534 766 1620 διέκρινεν.
806 1531 908 1618 ἀμφω
932 1531 993 1617 μὲν
1018 1518 1081 1595 οὖν

65 1632 103 1699 τὸ
137 1631 266 1720 ἀξίωμα
298 1635 354 1702 καί
386 1635 424 1702 τὸ
458 1645 579 1723 αἰτημα
610 1637 649 1706 τὸ
678 1635 810 1704 ἀπλοῦυ
837 1642 924 1723 ἔχειν
953 1639 1007 1701 δεί
1027 1632 1083 1700 καί

67 1737 234 1825 εὔληπτον
257 1742 313 1806 καί
337 1738 597 1828 ἀναπόδεικτον,
625 1740 710 1809 ἀλλὰ
737 1741 774 1810 τὸ
803 1743 865 1829 μὲν
893 1748 1015 1827 αἰτημα
1038 1736 1083 1817 ὡς
1102 1762 1135 1812 ισ

68 1843 270 1933 εὐπόριστον
285 1840 490 1932 λαμβάνετάι
503 1848 559 1915 καί
574 1853 715 1916 δίδωσιν
730 1845 812 1934 ήμίν
824 1845 1083 1933 μηχανήσασθαι

66 1951 123 2019 καί
146 1958 358 2040 πορίσασθαί
376 1979 452 2022 τινα
475 1953 561 2041 ὕλην
585 1959 632 2034 εἰς
655 1953 896 2041 συμπτώματος
918 1949 1083 2019 ἀπόδοσιν

67 2056 179 2144 ἁπλῆν
203 2063 348 2144 ἔχουσαν
370 2061 426 2128 καί
449 2058 569 2147 εὐπετῆ
592 2060 655 2148 τήν
677 2068 798 2147 λῆψιν,
827 2057 864 2127 τὸ
894 2059 932 2127 δὲ
954 2057 1082 2144 ἀξίωμα

69 2163 114 2243 ὡς
137 2163 329 2250 εὔγνωστον
353 2163 564 2254 ὡμολόγηται
587 2168 642 2235 καί
666 2164 778 2236 οὐκέτι
801 2167 876 2254 περὶ
898 2166 961 2252 τήν
983 2166 1080 2251 ὕλην,

70 2267 181 2356 ὥσπερ
205 2266 245 2335 τά
268 2268 445 2357 αἰτήματα,
474 2269 558 2338 ἀλλά
581 2272 657 2358 περί
680 2270 720 2339 τά
744 2270 976 2359 συμβεβηκότα
1000 2267 1079 2338 ἀνα·
1099 2295 1134 2343 κο

71 2366 245 2461 στρέφεται
267 2375 323 2443 καί
342 2373 423 2445 αάτό
448 2380 517 2446 έστι
539 2376 712 2464 γνώριμον
735 2392 805 2457 τοῖς
828 2375 1000 2446 ἀκούουσι.

137 2485 187 2549 10.
215 2486 274 2550 Ἀἰ
297 2484 514 2571 γεωμετρικαί
542 2484 641 2571 ἀρχαί
668 2487 764 2572 τριχῆ
795 2487 1006 2568 διαιροῦνται
1035 2491 1082 2562 εἰς

68 2612 103 2654 τε
124 2583 306 2667 ἀποθέσεις
327 2591 383 2656 καί
407 2589 570 2676 αἰτήματα
591 2591 646 2656 καί
666 2588 842 2676 ἀξιώματα.
881 2591 1081 2676 διαφέρουσι

68 2693 106 2760 δὲ
128 2691 169 2760 τά
192 2694 355 2782 αἰτήματα
378 2700 446 2764 τῶν
462 2694 670 2782 ἀξιωμάτων,
694 2693 747 2763 ότι
768 2693 809 2763 τά
833 2695 894 2782 μὲν
913 2692 1082 2778 ἀξιώματα

67 2798 250 2868 αότόπιστα
272 2801 329 2868 καί
352 2799 511 2887 οάδεμιάς
535 2800 677 2887 δεόμενα
701 2800 900 2881 ἀποδείξεως
922 2795 1004 2865 κατά
1024 2795 1082 2875 τάς
1101 2817 1134 2867 25

66 2903 271 2986 ἀδιδάκτους
293 2903 388 2994 ήμῶν
412 2909 561 2993 ἐννοίας,
589 2907 629 2976 τά
660 2908 697 2976 δὲ
725 2906 889 2993 αἰτήματα
916 2903 971 2970 καί
995 2899 1080 2968 αὐτὰ

65 3012 128 3099 μὲν
152 3009 198 3092 ἀς
221 3011 334 3099 ἀληθῆ
362 3011 609 3098 λαμβάνονται,
643 3013 779 3080 δέονται
808 3012 845 3079 δὲ
872 3007 1082 3091 ἀποδείξεως,

142 3249 183 3298 10,
203 3241 232 3296 Ρ.

143 3460 184 3510 Π.
204 3452 258 3524 εἰς]
279 3452 306 3507 εἰ
321 3453 371 3507 vf.
