2362 3796
346 123 618 176 PBOLEGOMENA
636 123 788 178 CRITIOA.
1005 120 1078 176 XLV

168 282 254 336 quam
271 263 398 334 procliue
416 263 503 319 fuerit
520 262 644 318 librariis
662 263 732 319 talia
745 264 849 318 addere
863 263 913 334 (III
926 282 954 334 p.
968 268 1076 331 846,19

168 345 272 414 χωρίον
290 344 322 398 in
336 344 358 398 P
376 360 463 398 manu
483 349 497 396 1
518 342 644 398 deletum
661 345 717 410 est3
736 341 867 397 librarius
886 342 974 414 igitur
991 342 1077 398 inter·

169 423 357 494 polationem,
373 440 458 493 ·quae
482 422 509 478 ei
533 422 585 476 sub
605 420 703 476 stilum
720 423 849 489 cenent,
875 422 937 492 ipse
959 423 1078 493 temperi

95 559 98 566 ,
170 502 396 574 animaduertit),
415 519 467 559 nec
485 503 632 571 intellego,
652 502 703 556 aut
720 517 769 556 cur
783 503 881 557 Theon
898 503 969 557 haec
983 501 1077 557 delere

169 583 307 652 uoluerit,
331 585 382 638 aut
405 601 461 652 quo
484 582 570 638 modo
593 580 727 636 librarius
751 581 897 651 archetypi
919 583 1078 637 nostrorum

171 662 299 718 codIcum
318 663 526 718 Theoninorum
544 661 574 717 in
594 659 764 729 omittendo,
789 676 862 729 quae
880 676 915 715 ne
933 660 1078 715 minimam

172 743 286 811 quidem
309 741 494 798 offensionem
522 741 672 809 haberent,
700 740 788 796 immo
817 754 901 810 saepe
924 739 1080 795 orationem

170 820 329 891 planiorem
343 821 502 892 redderent,
520 823 580 876 tam
595 836 680 890 saepe
693 835 812 889 peccare
826 819 960 889 potuerit.
990 817 1079 874 multo

170 899 283 957 facilius
295 900 482 971 intellegitur,
497 917 546 956 cur
554 900 685 956 librarius
697 898 836 954 codicisP
849 900 920 954 baec
930 897 1079 953 addiderit

118 983 148 1051 d)
172 982 223 1037 aut
236 979 362 1050 denique
375 980 564 1036 mutationem
572 981 662 1050 ipsius
671 978 794 1035 Theonis
803 979 953 1044 habemus3
966 972 1081 1045 -ὅπερ

168 1059 317 1131 προέκειτο
336 1055 441 1130 εὑρεῖν.

136 1141 211 1207 Quas
221 1140 393 1195 mutationes
402 1138 524 1194 Theonis
535 1157 598 1194 cum
607 1138 880 1210 perlustrauerimus,
892 1137 1078 1206 inueniemus,

61 1223 96 1276 nt
110 1237 162 1290 par
174 1221 226 1287 est,
241 1236 305 1274 eum
319 1218 515 1275 inElementis
528 1219 644 1275 edendis
658 1217 730 1274 nihil
743 1218 802 1273 fere
815 1220 948 1286 mutasse,
961 1217 1016 1272 nisi
1030 1215 1080 1271 ubi

64 1315 176 1354 oausam
196 1299 330 1368 aliquam,
348 1298 490 1354 interdum
506 1299 619 1354 futilem
632 1299 712 1353 illam
726 1297 850 1367 quidem,
868 1299 984 1366 atquae
997 1297 1079 1353 nobis

61 1394 121 1434 non
139 1379 284 1449 probetur,
313 1379 363 1434 scd
387 1378 512 1448 aliquam
533 1379 644 1447 tamen,
674 1378 886 1448 qualiscumque
907 1379 996 1445 esset,
1023 1377 1078 1433 sibi

64 1459 171 1513 habere
188 1458 263 1513 uisus
282 1460 364 1514 esset.
402 1460 432 1513 et
448 1476 620 1527 quamquam
643 1459 679 1513 de
701 1458 809 1514 meritis
833 1459 892 1513 eius
916 1475 974 1513 non
991 1456 1076 1512 nimis

61 1537 214 1592 honorifice
232 1537 340 1607 iudico,
364 1540 460 1594 tamen
478 1554 496 1592 a
512 1553 558 1592 me
577 1539 728 1608 impetrate
746 1553 804 1592 non
820 1553 949 1607 possum,
972 1538 1005 1591 ut
1023 1536 1079 1590 dis·

62 1617 221 1686 crepantias
248 1617 421 1684 lenissimas,
447 1617 499 1670 ubi
525 1619 555 1672 at
583 1617 721 1686 scriptura
744 1615 952 1671 Theoninorum
980 1618 1011 1671 et
1036 1630 1079 1683 ea,

63 1712 152 1763 quam
164 1697 187 1749 P
200 1697 330 1763 praebet,
343 1709 395 1762 per
409 1711 439 1748 se
451 1695 529 1749 bona
542 1698 587 1773 est
603 1698 633 1748 ct
644 1694 810 1762 probabilis,
823 1695 934 1750 Theoni
946 1695 1078 1750 tribuam.

63 1790 154 1843 quare
171 1772 207 1828 iis
225 1772 306 1840 locis,
324 1772 376 1826 ubi
393 1788 429 1826 ne
447 1773 565 1827 minima
582 1773 697 1840 quidem
710 1773 866 1841 excogitari
878 1775 974 1841 potest
987 1789 1081 1839 causa,

65 1869 117 1908 our
127 1851 235 1920 Theon,
249 1853 275 1906 si
286 1851 454 1921 scripturam
465 1850 602 1907 codicisP
617 1853 684 1907 ante
698 1853 793 1907 oeulos
805 1851 931 1919 baberet,
945 1867 1009 1906 eam
1021 1870 1082 1908 mu·

63 1932 180 2000 tauerit,
195 1948 254 1987 non
269 1931 367 1986 statim
382 1931 472 1988 codici
486 1930 509 1985 P
521 1931 697 2002 principatus
714 1931 839 2000 debetur,
854 1930 910 1986 nisi
924 1931 1082 1988 constantia

66 2013 207 2080 quaedam
222 2012 254 2066 in
268 2011 465 2082 discrepantiis
484 2012 618 2080 ostendit,
638 2027 685 2068 eas
703 2028 760 2066 non
777 2012 807 2066 in
827 2028 892 2068 casu
911 2010 1014 2080 aliquo,
1034 2011 1082 2067 sed

69 2091 102 2145 in
117 2093 267 2148 uoluntate
280 2091 388 2162 positas
402 2108 469 2148 esee.
498 2093 529 2148 in
546 2092 592 2160 iis,
610 2109 683 2162 qnae
702 2088 851 2162 ἀδιάφορα
870 2095 943 2161 sunt,
963 2092 1081 2147 eandem

69 2170 173 2238 legem,
192 2188 263 2239 quae
281 2170 312 2225 in
329 2171 412 2227 rebus
430 2170 537 2228 criticis
556 2172 669 2228 omnino
687 2173 797 2244 regnat,
816 2172 987 2243 requendum
1000 2174 1079 2242 puto,

67 2249 178 2304 scilicet
195 2254 228 2306 ut
244 2250 380 2308 uetumati
398 2251 519 2308 fontium
536 2252 581 2306 ius
599 2269 681 2306 suum
700 2254 835 2309 seruetur.
864 2252 893 2306 ct
910 2251 1079 2308 uetustiores

71 2343 133 2383 esse
150 2329 241 2386 fontes
260 2331 393 2387 editionis
411 2331 573 2388 Theoninae
595 2331 693 2400 negari
715 2349 772 2386 non
793 2333 897 2401 potest.
933 2349 999 2386 nam
1021 2347 1078 2388 non

69 2407 161 2464 solum
178 2409 378 2481 palimpsestus
392 2409 587 2479 Londincnsie,
606 2410 655 2481 qui
674 2428 737 2466 cum
756 2411 857 2466 ceteris
875 2410 955 2465 codd.
974 2413 1077 2468 nostris

66 2488 209 2546 artissim
226 2491 396 2560 cognatione
415 2491 580 2546 coniunctus
599 2492 651 2558 est,
670 2490 778 2546 duobus
798 2490 918 2546 saeculis
931 2490 1079 2547 minimum

66 2568 211 2638 antiquior
234 2573 278 2626 est
301 2570 398 2625 codice
416 2569 451 2638 P,
479 2569 530 2626 sed
554 2570 639 2626 etiarn
662 2570 765 2639 reliqui
782 2569 920 2626 Theonini
941 2588 974 2627 ec
992 2571 1078 2627 modo

65 2647 141 2702 inter
159 2665 189 2704 se
207 2651 373 2717 cohaerent,
391 2650 424 2704 ut
442 2650 478 2705 ab
497 2649 650 2720 archetypo
669 2652 825 2720 communi,
843 2652 919 2721 quod
936 2651 1011 2706 inter
1029 2667 1077 2706 cos

65 2728 99 2781 et
106 2727 197 2796 ipsam
206 2729 361 2786 editionem
371 2730 493 2785 Theonis
503 2731 640 2786 interesse
649 2747 734 2801 supra
742 2749 769 2800 p.
780 2731 868 2785 XLIII
878 2729 1079 2798 demonstraui,

67 2805 258 2876 compluribus
268 2808 401 2864 membris
415 2811 515 2864 mediis
529 2809 663 2882 dirempti
672 2826 735 2866 esse
749 2810 892 2867 iudicandi
906 2810 976 2877 sint3
991 2826 1079 2878 quare

68 2903 134 2940 cum
152 2885 207 2956 ipsi
226 2888 350 2944 codicem
369 2889 391 2942 P
409 2892 503 2945 aetate
526 2891 572 2944 uel
595 2894 718 2960 aequent
739 2890 787 2945 uel
809 2890 955 2962 superent,
983 2890 1078 2945 arche-

64 2966 167 3035 typum
185 2965 257 3021 illud
272 2969 356 3040 longe
370 2985 435 3024 eum
448 2973 569 3040 superat.
596 2972 693 3041 itaque
707 2987 740 3025 eo
755 2971 845 3040 magis
858 2969 933 3025 ratio
947 2968 1079 3024 habenda

65 3049 110 3102 eet
124 3048 322 3116 mutationum,
340 3050 441 3118 quibus
455 3051 585 3107 librarios
597 3052 869 3122 interpolatoresque
889 3051 965 3119 (narn
978 3046 1079 3103 horum

66 3141 179 3195 quoqne
197 3145 297 3183 manus
315 3145 397 3200 supra
414 3149 443 3200 p.
458 3130 546 3186 XLIV
565 3129 811 3201 deprehendimus)
836 3128 989 3184 editionem
1007 3131 1079 3185 anti-

67 3221 161 3273 quam,
171 3207 250 3262 cuius
259 3210 362 3263 testem
372 3209 463 3264 solum
471 3210 712 3277 codPhabemus,
722 3207 913 3277 inquinarisse
921 3208 981 3263 ueri
989 3210 1078 3264 simila

66 3285 151 3356 est.*)
184 3289 284 3357 negari
297 3304 355 3343 non
368 3291 471 3358 potest,
489 3289 637 3358 rationem,
656 3304 742 3356 quam
761 3287 884 3355 exposui,
903 3287 958 3342 hoc
975 3288 1079 3344 habere

65 3396 280 3407 ——-.--.-...

135 3447 161 3514 ³¹³)
181 3445 264 3501 Hanc
288 3446 457 3500 sententiam
481 3462 544 3499 cum
568 3445 598 3497 in
621 3443 720 3499 studiis
743 3441 885 3498 Euclideis
908 3463 937 3516 p.
956 3450 1010 3502 Itu
1031 3443 1084 3496 ad-
