2362 3796
236 144 393 196 SOHOLIA
411 145 451 196 IN
468 146 745 198 ELEMENTORUM
763 149 903 200 LIBRUM
916 149 938 202 I.
1027 147 1088 211 181

77 285 140 350 δύο
171 282 381 371 παράλληλοι
414 281 477 351 οὐκ
508 282 648 371 ἀγονται
679 289 718 374 τή
752 285 845 376 αὐτῇ.
895 288 949 356 διὸ
983 289 1039 357 καὶ
1071 287 1089 356 ὁ

73 387 285 476 στοιχειωτής
314 390 434 469 ἕνικιός
466 387 558 458 εἶπεν
590 389 729 458 εὐθεῖαν
762 419 918 481 γραμμην
951 392 1090 482 ἀγαγεῖν

72 497 143 564 έκεϊ
158 493 220 582 μὲν
238 494 399 581 κάθετον,
418 497 569 564 ἐνταῦθα
584 496 622 563 δὲ
640 496 865 584 παράλληλον,
890 497 964 567 ἀλλ’
982 502 1089 569 έκεῖνο

71 600 134 689 μέν
159 595 339 687 δέδεικται,
366 607 466 672 τοῦτο
491 603 528 671 δέ
552 602 704 692 φανερὸν
728 604 763 670 ἐκ
786 613 847 670 τοῦ
870 610 1090 693 προαποδειχ-

72 707 203 788 θέντος.
248 713 280 776 εί
305 708 369 798 γὰρ
397 709 454 777 διὰ
476 714 538 778 τοῦ
562 706 668 777 αὐτού
692 714 832 796 σημείου
854 714 894 798 τή
918 709 1002 799 αὐτή
1027 711 1089 779 δύο
1127 737 1143 785 5

73 813 283 900 παράλληλοι
302 813 452 901 ἀχθείεν,
470 816 526 883 καί
545 814 704 902 ἀλλήλαις
722 820 855 883 ἔσονται
874 804 1090 905 παράλληλοι,

73 924 321 1005 συμπίπτουσαι
353 919 436 988 κατὰ
468 920 507 990 τὸ
541 921 646 989 δοθὲν
684 934 837 1008 σημεῖον·
885 920 965 1009 ὅπερ
999 924 1090 991 έστλν

72 1021 257 1093 ἀδύνατον.
298 1028 499 1114 διαφέρουσι
522 1027 560 1095 δὲ
581 1028 637 1094 καὶ
661 1031 699 1095 αί
718 1028 895 1114 προτάσεις
918 1026 1030 1097 αὐτῶν
1050 1033 1090 1116 τή

71 1127 138 1198 ,ἀπὸ
161 1130 218 1197 καὶ
239 1135 279 1218 τή
304 1132 361 1199 διὰ
381 1135 550 1219 προθέσει.
597 1134 683 1201 ὅπου
706 1132 767 1219 μὲν
790 1132 854 1221 γάρ
883 1133 920 1202 τὸ
951 1149 1090 1221 σημείου

72 1235 159 1324 ἀρχή
193 1239 262 1305 ἐστι
294 1242 353 1324 τής
381 1235 547 1325 ἀγομένης
574 1236 710 1318 εὐθείας
738 1236 804 1307 ἀπὸ
832 1245 894 1308 τοῦ
928 1241 1091 1319 δοθέντος
1109 1267 1142 1316 10

59 1348 215 1429 ,σημείου
236 1344 429 1431 γέγραπται,
453 1345 508 1411 καὶ
528 1341 584 1412 διά
603 1350 703 1413 τοῦτο
723 1344 779 1413 ἀπ’
797 1345 902 1415 αὐτοῦ
922 1344 942 1433 ή
963 1345 1089 1432 ἀγωγή,

73 1446 162 1516 ὅπου
181 1448 219 1516 δέ
238 1446 289 1516 ἐπ’
307 1449 410 1535 αύτής
428 1453 497 1518 ἐστι
516 1455 574 1537 τής
592 1448 759 1537 ἀγομένης
783 1451 928 1538 εὐθείας,
953 1451 1009 1519 διδι
1028 1456 1089 1520 τοῦ

73 1556 238 1634 δοθέντος
260 1562 400 1642 σημείου
422 1559 621 1644 γέγραπται,
645 1558 700 1624 καί
725 1555 783 1625 διά
806 1562 906 1626 τοῦτο
930 1555 951 1644 ή
976 1554 1089 1643 ἀγωγή

74 1657 120 1726 δι’
148 1660 265 1729 αὐτοῦ·
294 1661 346 1730 ὀύ
373 1661 437 1752 γὰρ
466 1663 511 1742 ὡς
538 1662 725 1749 τεμνούσης
752 1661 888 1742 εὐθείας
915 1661 952 1730 τὸ
984 1661 1089 1730 δοθὲν

73 1780 213 1851 σημεῖον
236 1775 363 1855 είρηται
385 1768 423 1836 τὸ
449 1765 494 1835 δι’
522 1767 645 1844 αὐτοῦ,
669 1767 743 1835 ἀλλ’
768 1766 816 1847 ύς
839 1766 1090 1854 συμπιπτούσης
1109 1793 1142 1842 15

74 1868 166 1964 αύτῷ
192 1872 248 1938 καὶ
280 1871 457 1960 ὁριζούσης
483 1873 521 1942 τὸ
550 1875 669 1960 ἕαυτής
697 1872 879 1959 ἀπόστημα.
925 1883 1088 1941 τοσοῦτον

72 1977 129 2044 καί
147 1975 174 2064 ἡ
188 1978 401 2067 παράλληλος
421 1984 485 2067 ἔχει
502 1979 539 2048 τὸ
559 1977 680 2066 μεταξύ
696 1980 814 2065 ἕαυτής
827 2005 863 2046 τε
878 1979 934 2046 καὶ
953 1980 1089 2066 ἐκείνης.

142 2075 218 2152 111.
239 2082 355 2153 Ἕοικε
382 2089 420 2153 τὸ
449 2085 610 2174 θεώρημα
637 2089 736 2153 τοῦτο
763 2087 896 2171 γένεσιν
919 2095 988 2152 τοῖν
1010 2111 1089 2173 παρ-

72 2189 228 2276 αλλήλων
246 2190 480 2280 παραδιδόναι.
517 2193 717 2279 προσεκτέον
738 2191 775 2259 δέ
793 2195 832 2281 τή
852 2194 1001 2281 διαφορᾷ
1018 2196 1088 2259 τῶν

73 2297 305 2382 προσθέσεων·
335 2296 437 2383 ἡμὲν
460 2297 525 2384 γὰρ
547 2297 694 2366 κάθετον
718 2295 782 2366 ἀπὸ
806 2302 868 2365 τοῦ
892 2303 1042 2385 σημείου,
1065 2296 1086 2385 ή
1106 2324 1141 2372 20

75 2397 113 2466 δέ
132 2402 188 2467 διδι
206 2407 266 2470 τοῦ
286 2404 448 2482 δοθέντος
466 2403 689 2490 παράλληλον.
723 2405 779 2471 καί
799 2402 909 2492 ὥσπερ
930 2402 992 2472 οὐκ
1011 2407 1088 2489 έξήν

76 2503 138 2572 δύο
156 2509 320 2588 καθέτους
338 2507 403 2577 ἀπὸ
422 2514 484 2577 τού
504 2509 608 2577 αὐτοῦ
628 2514 779 2596 σημείου,
799 2507 906 2589 οὕτως
925 2508 1005 2578 οὐδὲ
1025 2510 1087 2578 δύο

75 2612 315 2700 παραλλήλους.
371 2615 584 2702 δειχθήσεται
618 2615 655 2682 δὲ
687 2616 744 2682 διά
776 2621 837 2683 τοῦ
870 2615 931 2704 πρδ
970 2613 1088 2683 αὐτοῦ·

76 2719 211 2784 ἔσονται
231 2716 297 2805 γὰρ
319 2719 526 2806 παράλληλοι
546 2728 792 2808 συμπίπτουσαι
811 2719 982 2805 ἀλλήλαις·
1007 2719 1088 2807 ὅπερ

75 2844 212 2889 ατοπον.
279 2862 282 2871 ν
1106 2850 1141 2900 25

148 3059 208 3108 111.
227 3052 372 3112 ΡΒντιι.
402 3053 455 3126 (εις
474 3053 505 3111 τι
525 3052 572 3109 ια’
588 3057 671 3123 νειμ

147 3273 187 3324 18.
212 3265 306 3323 ἔοικεν
325 3269 383 3322 ΡΒ.
477 3274 517 3322 19.
542 3267 695 3333 τροεκτέον
713 3268 805 3322 Fvat.
897 3273 939 3322 20.
963 3263 1087 3330 κάθετος

72 3338 138 3394 Vat.
164 3338 225 3408 (sed
243 3339 357 3393 auditur
375 3334 452 3406 ἄγει,
472 3339 545 3392 sicut
563 3335 645 3406 ἄγειν
664 3339 712 3393 lin.
732 3344 779 3406 223
799 3354 865 3392 nam
884 3334 902 3408 ἡ
921 3338 969 3392 lin.
989 3344 1024 3392 20
1043 3342 1086 3393 est

70 3405 270 3496 ήπρόταοις).
348 3405 419 3476 ήδέ
439 3439 472 3448 -
492 3414 534 3463 21.
554 3406 751 3481 παράλληλον]
767 3409 813 3465 λάε
830 3409 864 3466 Β.
939 3402 1106 3474 Ἃ.’δπεσΧ

72 3497 145 3550 οπερ
165 3475 240 3534 ἐστίν
258 3478 349 3534 Fvat.
