2362 3796
198 169 354 222 SCHOLIA
371 171 410 222 IN
428 168 703 221 ELEMENTORUM
720 170 859 222 LIBRUM
874 172 945 224 VIII.
1011 168 1076 233 395

67 312 173 413 λόγον
194 314 281 398 ἔχειν
304 310 433 395 λέγεται
452 307 470 376 ὁ
489 295 518 376 θ
538 307 621 394 πρὸς
638 308 700 377 τὸν
720 297 750 396 θ,
774 308 852 396 παρ’
875 308 893 379 ὃ
913 338 930 379 ο
951 318 972 397 γ
994 312 1078 398 πρὸς

64 417 126 486 τὸν
148 423 183 503 β·
212 419 247 485 ολ
266 415 331 502 γὰρ
356 416 418 484 δύο
442 414 538 501 λόγοι
563 416 733 484 διπλάσιοι
755 420 817 484 τοῦ
841 416 924 496 ἑνός.

430 613 487 677 Ad
510 635 615 697 prop.
638 613 710 679 XII.

132 740 184 805 28.
221 738 266 803 Τό
285 740 506 821 τριπλασίονα
524 733 625 804 πάλιν
644 733 720 802 ἀντὶ
737 738 811 802 τοῦ·
835 732 853 803 ὁ
869 737 930 803 τοῦ
945 744 976 802 Α
994 759 1077 821 προς

65 868 127 911 τον
153 849 182 909 Β
215 842 251 909 ἐν
283 844 386 929 τριῶν
419 841 531 926 λόγων
561 840 732 927 σύγκειται
764 839 863 928 λόγος
894 851 955 910 τοῦ
982 867 1017 909 τε
1045 851 1077 909 Α
1114 864 1130 912 5

64 948 150 1034 πρὸς
172 946 232 1016 τὸν
256 954 284 1015 Θ
310 948 450 1016 καὶτοῦ
473 953 502 1014 Θ
528 945 613 1032 πρὸς
633 945 694 1015 τὸν
718 954 752 1014 Κ
778 947 917 1016 καὶτοῦ
940 955 975 1015 Κ
996 947 1079 1033 πρὸς

64 1059 126 1122 τὸν
149 1061 188 1123 Β.

133 1164 185 1229 29.
218 1158 287 1227 Διὰ
305 1158 365 1228 τὸν
384 1157 468 1245 ὅρον
485 1164 547 1227 τοῦ
566 1160 594 1226 ε’
609 1162 670 1227 τὸν
685 1160 839 1244 λέγοντα·
863 1161 923 1227 ἐὰν
936 1160 1079 1246 τέσσαρα

66 1270 192 1356 μεγέθη
225 1263 396 1351 ἀνάλογον
423 1258 461 1354 ᾖ,
492 1269 530 1333 τὸ
560 1264 594 1332 α’
626 1289 711 1351 προς
736 1264 774 1333 τὸ
804 1264 837 1332 θ’
860 1271 1080 1354 τριπλασίονα

67 1374 172 1460 λόγον
195 1376 283 1459 ἔχειν
306 1373 434 1457 λέγεται
457 1369 540 1457 ἥπερ
564 1373 647 1458 πρὸς
668 1368 706 1437 τὸ
728 1370 773 1456 β’.
810 1372 982 1440 τουτέστιν
1002 1369 1020 1439 ό
1040 1361 1080 1454 {I
1099 1395 1132 1443 10

69 1477 152 1565 πρὸς
183 1477 245 1545 τὸν
270 1465 309 1558 u}
339 1481 559 1564 τριπλασίονα
586 1475 691 1563 λόγον
719 1481 806 1565 ἔχειν
839 1478 968 1564 λέγεται
995 1477 1079 1565 ἥπερ

67 1583 151 1670 πρὸς
177 1582 238 1650 τὸν
264 1590 323 1671 μῆ·
360 1588 422 1652 τοῦ
450 1572 576 1670 popu}
606 1581 644 1650 τὸ
671 1583 705 1669 γ’
735 1583 825 1651 ἐστὶν
850 1572 886 1651 θ.
934 1586 1081 1673 πρόσθες

67 1694 113 1781 τῷ
138 1677 188 1770 Vt·
220 1697 345 1777 γίνεται
368 1696 420 1761 λξ·
453 1694 581 1776 γίνεται
609 1683 656 1769 εἷς
679 1689 787 1775 λόγος.
833 1688 935 1757 πάλιν
956 1694 1018 1757 τοῦ
1041 1697 1082 1761 λξ

67 1795 105 1865 τὸ
129 1795 164 1882 γ’
189 1797 257 1864 ἐστὶ
280 1784 325 1882 W.
369 1795 517 1885 πρόσθες
540 1793 621 1863 αὐτο
645 1798 699 1886 τῷ
714 1801 766 1866 λξ·
796 1801 924 1881 γίνεται
946 1802 1005 1882 pp·
1032 1801 1080 1881 γί-

67 1928 186 1972 νοντοιι
202 1902 264 1970 δύο
279 1901 384 1992 λόγοι.
415 1901 517 1970 πόλιν
530 1905 592 1970 τοῦ
605 1905 651 1988 ρι’]
669 1899 707 1969 τὸ
723 1900 757 1987 γ’
771 1906 805 1972 ῖέ
824 1904 901 1970 ἐστι.
930 1901 1080 1990 πρόσθες
1100 1925 1132 1973 15

68 2007 145 2078 αὐτὶ
173 2012 219 2102 τῷ
238 2015 296 2096 Μ·
320 2012 448 2094 γίνεται
467 2006 485 2075 ὁ
504 2006 604 2088 αὐτὸς
623 1996 674 2090 IV·
696 2013 851 2094 γίνονται
869 2007 964 2094 λόγοι
983 2021 1078 2093 τρεῖς.

399 2246 415 2281 a
432 2205 489 2269 Ad
511 2228 615 2291 prop.
638 2205 728 2270 XIII.

136 2330 188 2395 30.
223 2324 269 2393 ‘H
292 2324 462 2408 ἀπόδειξις
493 2329 555 2394 τοῦ
586 2326 805 2414 θεωρήματος
836 2326 960 2395 τούτου
991 2331 1081 2394 πᾶσα

71 2429 128 2498 διὰ
154 2435 216 2500 τοῦ
239 2431 281 2514 ιζ’
304 2432 360 2500 κοιλ
384 2432 432 2520 ιη’
456 2433 512 2500 καὶ
535 2432 583 2500 ιδ’
606 2443 668 2500 τοῦ
693 2432 719 2513 ζ’
746 2437 912 2519 στοιχείου
938 2431 1080 2519 πρόεισι,

70 2535 157 2622 πλὴν
180 2536 241 2624 τὴν
264 2538 327 2625 μὲν
350 2538 407 2607 διὰ
428 2543 490 2607 τοῦ
513 2537 555 2618 ιζ(
578 2538 634 2605 κοιλ
657 2538 705 2623 ιη’
729 2534 902 2618 ἀπόδειξιν
925 2535 970 2618 ὥς
989 2550 1080 2624 σαφῆ
1101 2562 1135 2610 20

71 2655 283 2665 —.-——.-

142 2701 185 2751 28.
195 2693 268 2765 Vbq.
318 2703 360 2753 29.
371 2696 501 2779 q(P²A)·;
515 2697 563 2752 lin.
575 2702 662 2752 8-10
673 2692 702 2820 g
709 2697 756 2764 Ψ,
766 2695 904 2763 reliquam
913 2698 1023 2765 partem
1030 2697 1082 2763 V⁴;

69 2767 217 2835 praeterea
235 2783 252 2821 a
270 2765 320 2822 τὸν
338 2767 457 2836 λέγοντα
476 2768 525 2823 hn.
541 2773 661 2823 8rursus
702 2771 716 2802 ²
734 2767 802 2835 (W).
876 2773 918 2821 30.
937 2767 965 2824 b.

143 2931 168 2980 5.
193 2927 227 2997 A]
248 2943 302 2980 om.
321 2926 379 2995 Vq.
471 2931 496 2980 8.
515 2927 565 2981 τοῦ
584 2923 715 2995 λέγοντος
733 2925 777 2978 W.
867 2932 908 2980 10.
927 2923 1082 2998 τουτέστιν]

70 2997 122 3051 τοῦ
141 2992 193 3065 τήν
213 2997 281 3064 qW.
359 3003 401 3052 11.
423 2997 502 3066 εἴπερ
521 2997 553 3052 V.
633 2993 725 3052 12.τὸ
745 2997 847 3066 pijW.
923 2995 1017 3065 τοῦγ’
1038 2997 1083 3050 W.

109 3092 151 3140 13.
171 3085 222 3158 τῷ]
242 3101 297 3139 om.
313 3085 357 3154 W,
377 3081 411 3138 τόι
425 3077 454 3139 θ’
467 3090 525 3147 τοῖς
544 3084 578 3152 V,
597 3090 655 3148 τοῖς
673 3085 706 3140 A.
766 3085 888 3157 γίνεται]
903 3083 973 3154 (alt.)
990 3101 1043 3140 om.
1058 3104 1084 3154 q.
1134 3090 1140 3102 '

107 3154 189 3224 λόγος
209 3153 248 3218 εἷς
267 3155 299 3212 V.
376 3153 474 3227 πάλιν]
494 3152 567 3224 πλήν
586 3174 613 3224 q.
681 3155 746 3225 τοῦ]
765 3155 822 3209 τῶν
836 3156 869 3210 V.
944 3160 987 3209 14.
1007 3151 1070 3210 ἐστί

71 3244 127 3282 om.
147 3227 192 3281 W.
256 3222 333 3280 αὐτῶ
352 3226 383 3280 τό
424 3221 548 3294 ,αὐτοῖς
566 3233 624 3288 τοῖς
642 3226 676 3294 V,
695 3221 783 3280 αὐτὸν
802 3221 834 3280 τό
855 3226 898 3280 W.
962 3228 1070 3296 γίνεται

71 3300 199 3367 γίνονται
218 3297 279 3352 PA.
315 3283 386 3353 ¹15.
404 3245 462 3353 Ion
484 3300 512 3358 ῖξ
530 3297 610 3366 VW3
635 3292 692 3352 ἐστι
712 3314 766 3351 om.
785 3298 818 3351 A.
896 3304 938 3353 16.
958 3294 1032 3351 αὐτοὶ
1079 3339 1086 3363 ,

28 3408 31 3414 -
72 3385 127 3423 om.
142 3370 187 3434 W,
207 3364 283 3443 αὐτῷ
302 3370 359 3460 Δρ.
421 3369 472 3440 τῷ]
491 3367 526 3423 τά
545 3369 590 3438 W,
609 3373 668 3430 τοῖς
688 3367 720 3422 V.
781 3373 819 3440 ᾗ]
838 3369 890 3422 nal
908 3368 982 3423 VW.
1056 3364 1085 3438 ὁ]

73 3456 128 3495 om.
149 3438 223 3494 VW.
314 3438 412 3511 αυτός]
432 3456 486 3498 om.
507 3439 538 3494 V.
629 3438 776 3510 γίνονταιλ
790 3440 844 3494 ναί
860 3440 936 3506 qW.
1021 3443 1106 3498 wiza

71 3506 150 3578 λόγοι
169 3513 199 3566 Α.
