2362 3796
113 140 178 205 288
265 142 422 194 SOHOLIA
439 142 479 194 IN
497 141 771 193 ELEMENTORUM
788 138 927 192 LIBRUM
941 139 973 193 V.

115 280 308 369 ὐπᾶλληλον
323 278 411 360 εἶδός
425 301 540 368 φησιν.
572 277 682 349 οὐκέτι
697 280 735 348 δέ
749 282 806 348 διὰ
822 277 859 348 τὸ
874 281 1130 366 πεπερασμένον

114 390 170 457 καὶ
189 388 328 472 ἄπειρον
346 387 538 474 πρόσκειται
556 384 593 455 τὸ
613 384 799 473 ὁμογενῶν,
818 383 901 454 ἄλλᾶ
921 390 1053 473 μᾶλλον
1072 385 1129 455 διᾶ

48 565 50 570 ,
115 493 153 563 τὸ
177 492 264 562 εὐθὺ
286 494 342 561 καὶ
363 494 602 579 κεκλασμένον·
632 494 747 576 ἕτερον
773 490 838 579 γὰρ
866 490 956 573 εἶδος
977 492 1015 561 τὸ
1042 491 1132 562 εὐθύ

116 600 171 668 καὶ
204 602 318 686 ἕτερον
353 598 392 668 τὸ
429 599 669 685 κεκλασμένον,
706 596 765 666 εἴτ’
801 591 863 666 οὐν
898 599 1078 686 περιφερὲς
1109 596 1130 685 ἢ

82 732 98 782 5
116 706 376 793 τοιουτότροπον
394 696 431 794 ᾗ
452 703 590 791 καὶγὰρ
610 703 672 772 δόο
692 705 830 790 μεγέθη,
854 695 903 774 ὦν
920 702 958 773 τὸ
978 706 1041 791 μέν
1060 707 1132 774 έστι

116 811 221 897 εὐθύ,
248 810 285 878 τὸ
316 810 353 879 δὲ
380 812 571 897 περιφερές,
604 807 729 878 οὐδένα
758 807 862 897 λόγον
888 808 973 895 πρὸς
1000 811 1131 898 ἄλληλα

117 923 264 1005 ἔχουσιν,
282 914 367 983 ἀλλὰ
386 919 440 983 δεῖ
456 913 542 983 εἶναι
560 915 616 982 καὶ
634 914 735 1002 ἄμφω
755 913 776 1001 ἢ
796 913 899 984 εὐθέα
918 912 938 1004 ἢ
957 922 1132 1005 περιφερῆ,

117 1020 138 1110 ἢ
171 1027 228 1091 ἵνα
259 1023 316 1091 καὶ
346 1023 447 1108 ἄμφω
479 1020 582 1109 τυχὸν
614 1013 677 1090 οἶσι
705 1023 854 1109 γραμμαὶ
881 1019 902 1109 ἢ
931 1021 1033 1110 ἄμφω
1063 1025 1132 1092 έπι-

117 1128 254 1213 φᾶνειαι
278 1124 298 1215 ἢ
322 1127 421 1215 ἄμφω
445 1127 570 1215 στερεᾶ.

67 1351 100 1399 10
522 1325 578 1390 Ad
602 1325 672 1391 def.
694 1328 725 1392 4.

185 1450 238 1515 20.
274 1444 331 1527 Ὡς
355 1442 372 1514 ό
396 1451 418 1532 β
441 1446 522 1532 φέρε
544 1447 628 1532 πρὸς
649 1445 709 1515 τὸν
733 1459 768 1533 ἦ·
810 1450 1133 1528 πενταπλασιασθελς

119 1552 182 1642 γὰρ
205 1552 360 1639 ὐπερέξοι
384 1548 427 1619 ἄν
450 1555 511 1620 τού
534 1564 564 1638 ἦ.
606 1554 740 1640 γραμμὴ
764 1554 803 1622 δέ
825 1553 908 1641 πρὸς
932 1555 1133 1643 ἐπιφάνειαν

119 1657 139 1747 ἢ
164 1660 341 1746 ἐπιφάνεια
363 1658 448 1743 πρὸς
471 1663 566 1745 σῶμα
591 1656 716 1727 οὐδένα
739 1659 843 1746 λόγον
866 1666 944 1748 ἔχει·
977 1664 1133 1751 μυριάκις

118 1766 183 1853 γὰρ
202 1763 222 1852 ἡ
242 1763 376 1852 γραμμὴ
395 1773 749 1835 πολλαπλασιασθεῖσα
767 1766 900 1854 γραμμὴ
920 1771 1023 1836 πόλιν
1042 1768 1134 1855 μένει

69 1895 101 1945 15
120 1873 175 1940 καὶ
204 1870 364 1941 οὐδέποτε
390 1875 522 1959 ποιήσει
550 1874 758 1957 ἐπιφάνειαν.
803 1878 915 1964 πολλῷ
943 1874 1134 1962 δὲμᾶλλον

121 1976 194 2046 οὐδ’
207 1977 362 2064 ὑπερέξει.
385 1979 440 2046 καὶ
456 1978 508 2046 ἐπὶ
523 1980 785 2065 ἐπιφανείαςκαὶ
800 1978 952 2066 σώματος
966 1976 1135 2060 ὡσαύτως.

187 2089 239 2151 21.
274 2083 360 2150 Οὐτε
377 2082 442 2169 γὰρ
461 2080 602 2168 ἄπείρου
619 2084 703 2170 πρὸς
720 2083 860 2171 ἄπειρον
879 2084 979 2172 λόγος
996 2092 1047 2166 τίς
1066 2089 1136 2156 ἐστι

121 2189 199 2257 οὐτε
217 2191 469 2275 πεπερασμένου
487 2189 570 2276 πρὸς
588 2189 739 2278 ἄπειρον,
759 2190 901 2259 δύναται
919 2191 957 2260 δέ
971 2191 1082 2260 πᾶντα
1095 2191 1136 2261 τᾶ

121 2296 351 2380 πεπερασμένα
371 2296 723 2382 πολλαπλασιαζόμενα
745 2295 900 2383 ἄλλήλωυ
922 2296 1107 2384 ὑπερέχειν.

69 2425 103 2474 20
190 2399 331 2468 δύναται
354 2402 419 2487 γὰρ
442 2403 497 2469 καὶ
522 2401 540 2470 ὁ
564 2399 731 2489 ὑπόλογος
754 2408 873 2490 μείζων
895 2405 1058 2490 γενέσθαι
1074 2410 1137 2474 τοῦ

122 2497 297 2591 προλόγού
316 2515 649 2576 πολλαπλασιασθεί.

189 2616 241 2680 22.
282 2612 390 2680 Τοῦτό
413 2634 533 2700 φησιν,
561 2617 618 2682 ἵνα
645 2616 720 2704 περὶ
746 2619 814 2685 τῶν
837 2614 1059 2703 ἀσυμμέτρων
1082 2644 1137 2703 με·

122 2722 238 2805 γεθων
251 2718 408 2808 διαλᾶβφ·
433 2718 450 2788 ὁ
469 2731 599 2807 πρῶτος
617 2748 681 2809 γαρ
699 2726 760 2789 τοτ’
779 2721 885 2808 λόγου
903 2720 1043 2810 ὁρισμὸς
1061 2724 1139 2807 περὶ

122 2829 191 2893 τῶν
215 2825 412 2911 συμμέτρων
436 2825 672 2913 διελάμβανεν·
696 2828 763 2895 ἐπεὶ
790 2827 827 2896 δέ
850 2827 1063 2916 εὑρίσκονται
1081 2830 1139 2898 καὶ

71 2955 105 3005 25
124 2928 317 3017 ἀσύμμετρα
335 2933 472 3018 μεγέθη,
490 2932 611 3001 καθότι
630 2932 667 3001 τὸ
687 2935 830 3021 μέγεθος
845 2932 895 3004 ἐπ’
912 2934 1053 3020 ἄπειρόν
1069 2939 1140 3005 έστι

125 3037 304 3122 διαιρετόν,
326 3035 370 3115 ὡς
388 3034 408 3123 ἡ
428 3036 603 3124 διᾶμετρος
621 3044 660 3127 τῇ
680 3045 807 3130 πλευρᾷ
827 3037 1038 3128 ἀσύμμετρός
1057 3044 1140 3128 ἐστι,

79 3180 88 3191 ‚
125 3149 240 3229 φησίν,
265 3140 315 3210 ότι
333 3143 390 3210 καὶ
408 3147 511 3212 ταῦτα
529 3143 570 3213 τὰ
590 3141 782 3233 ἄσύμμετρα
800 3146 905 3233 λόγον
924 3153 1037 3236 έχουσι
1055 3148 1142 3236 πρὸς

125 3271 338 3279 --.--

196 3327 239 3374 20.
257 3339 284 3389 p.
357 3326 400 3374 ω.
421 3322 452 3376 A.
525 3327 568 3375 τε.
588 3322 611 3373 A
631 3320 746 3394 (ωειλ).

127 3430 340 3442 ---—...

193 3486 217 3533 2.
237 3483 409 3550 προτθειται
427 3479 469 3538 A?
