2362 3796
106 156 172 221 134
258 157 414 209 SOHOLIA
431 158 470 208 IN
488 154 763 207 ELEMENTORUM
781 152 921 206 LIBRUM
932 155 955 209 1.

104 298 205 385 άμφω
229 296 368 385 άπειρον
390 295 548 384 οὐδαμοῖς
571 301 661 364 ἔστιν
684 293 811 381 ὁρίσαι,
833 300 892 382 τής
915 295 952 364 δὲ
975 292 1118 385 άπείρου

106 404 159 492 ἐφ’
191 405 327 491 ἑκάτερα
359 406 457 492 μέρη
474 401 697 489 ὑπονοήσειας
733 415 853 489 σημεῖα
883 406 931 482 είς
962 400 1066 471 ἄνισα
1095 400 1118 491 ή

104 511 188 598 τομή
208 508 373 598 γίνεταιή
394 512 454 599 ἐφ’
470 507 491 577 ἃ
507 508 642 596 άκειρος
656 512 714 596 τής
728 512 847 596 λοιπῆς
860 510 1117 598 πεπερασμένης.

106 623 250 686 λείπεται
278 611 341 686 οὖν
368 616 419 686 ἐπ’
445 614 545 703 άμφω
572 617 824 704 πεπερασμένην
846 614 1032 702 λαμβάνειν
1053 616 1117 704 τήν

71 748 87 796 ο
106 730 182 813 δίχα
204 727 385 812 τέμνεσθαι
409 724 605 810 μέλλουσαν.
645 730 726 801 ίσως
749 720 781 789 δ’
800 721 847 790 άν
866 748 918 801 τις
941 723 977 790 ἐκ
993 721 1118 793 τούτου

105 831 304 918 κινούμενος
329 833 390 899 τοῦ
420 828 654 916 προβλήματος
684 825 922 915 ὑπονοήσειεν,
955 825 1008 896 ὅτι
1038 854 1119 919 κρο-

105 943 253 1023 είληπται
268 935 357 1022 παρὰ
371 950 442 1016 τοῖς
457 937 657 1023 μειομέτραις
670 932 707 1002 τδ
723 931 767 1021 μή
782 931 870 1002 εἶναι
884 936 946 1021 τήν
959 934 1118 1024 γραμμήν

106 1046 138 1124 ἐξ
153 1042 285 1131 ἀμερῶν
300 1039 320 1130 ή
336 1045 371 1111 έκ
385 1047 557 1131 περιττῶν.
586 1037 660 1110 ἀλλ’
674 1045 704 1108 εί
716 1041 773 1108 καὶ
787 1043 824 1108 έκ
837 1050 1001 1127 περιττῶν
1016 1043 1117 1130 ἐστιν,

105 1153 191 1215 ἔοικε
207 1149 264 1215 καὶ
282 1148 320 1216 τὸ
342 1146 462 1235 άμερδς
480 1151 662 1235 τέμνεσθαι
679 1151 757 1233 δίχα
775 1151 835 1233 τής
852 1144 989 1229 εὐθείας
1006 1174 1117 1236 τεμνο-

54 1277 87 1325 10
106 1254 208 1340 μένης
218 1254 270 1321 ἐπὶ
279 1254 426 1341 θάτερον
437 1255 535 1340 μέρος
546 1257 630 1341 δίηα.
648 1252 731 1321 κατὰ
744 1252 808 1339 γάρ
817 1277 912 1332 τινας
922 1257 969 1334 είς
978 1253 1115 1341 ἄπειρον

107 1363 283 1446 διαιρεῖται
299 1358 338 1426 τὸ
354 1365 496 1459 πηλίκον
513 1361 569 1426 καὶ
588 1358 633 1439 ὡς
647 1359 818 1427 ἀδύνατον
831 1357 909 1444 παρ’
926 1363 1063 1440 ἐκείνοις
1073 1359 1112 1429 τὸ

106 1464 260 1553 περιττὸν
279 1469 356 1552 δίχα
373 1470 553 1553 τμηθήναι.
588 1467 671 1533 κατά
692 1492 731 1552 με
752 1465 813 1533 τὸν
831 1471 988 1554 Γεμῖνον,
1010 1467 1063 1536 δτι
1079 1463 1118 1535 τδ

106 1571 168 1660 μὲν
184 1571 356 1660 διαιρετὸν
379 1574 432 1640 ἐπὶ
450 1572 487 1642 τὸ
507 1572 641 1661 συνεχές
659 1573 741 1641 κατὰ
760 1571 880 1659 κοινήν
902 1578 1041 1642 ἔννοιαν
1063 1574 1118 1641 καὶ

106 1682 206 1747 τοῦτο
225 1677 386 1767 θεώρημα
404 1677 493 1747 εἶναι
512 1678 648 1766 συνεχὲς
665 1677 703 1747 τὸ
723 1682 758 1747 έκ
777 1682 888 1766 μερῶν
903 1681 1119 1767 συνημμένον

56 1807 87 1856 15
107 1781 261 1872 δ’φεστός,
284 1786 416 1866 πάντας
440 1787 477 1854 δέ
499 1785 537 1853 τδ
560 1785 616 1852 καὶ
639 1789 845 1872 διαιρεῖσθαι
869 1784 1026 1854 δυνατόν.
1070 1783 1120 1854 ὅτι

108 1890 145 1958 δέ
180 1893 236 1959 καὶ
274 1891 323 1959 ἐπ’
358 1890 498 1979 άτειρον
533 1896 724 1979 διαιρεῖται,
762 1890 1047 1960 ἀποδεικνύουσιν
1083 1890 1120 1960 τὸ

108 1995 319 2084 ἀσύμμετρον
343 2001 381 2066 έν
402 2012 473 2077 τοῖς
495 1999 651 2085 μεγέθεσι
673 1998 729 2065 καὶ
753 1996 795 2065 οὐ
817 1997 926 2067 πάντα
949 1997 1120 2086 σύμμετρα

108 2100 274 2189 ἀλλήλοις,
297 2110 333 2171 τί
348 2103 429 2172 ἄλλο
449 2104 673 2186 δεικνύουσιν,
696 2100 716 2190 ή
739 2102 792 2172 ὅτι
815 2108 883 2172 πάν
907 2105 1052 2192 μέγεθος
1068 2104 1119 2173 άελ

109 2211 286 2296 διαιρεῖται
313 2210 367 2277 καὶ
396 2206 556 2279 οὐδέποτε
588 2210 679 2298 λήξει
706 2219 753 2290 είς
776 2236 807 2277 τι
834 2209 969 2299 άμερές,
1002 2208 1023 2279 ὅ
1052 2213 1121 2279 ἐστι

55 2338 90 2386 20
108 2313 225 2382 κοινὸν
249 2316 378 2401 μέτρον.
414 2320 515 2384 τοῦτο
538 2313 750 2385 άποδεικτόν·
775 2317 881 2384 έκεῖνο
905 2312 1046 2402 ἀξίωμα,
1068 2314 1121 2385 ὅτι

109 2424 176 2487 πάν
201 2421 335 2507 συνεχὲς
358 2423 534 2510 διαιρετόν.
568 2424 701 2509 τέμνων
725 2422 763 2490 δέ
784 2420 804 2490 δ
828 2420 1041 2508 στοιχειωτής
1056 2421 1121 2511 τήν

109 2521 248 2593 εὐθεῖαν
278 2532 325 2606 είς
351 2527 413 2613 μέν
439 2525 501 2613 τήν
528 2525 735 2613 κατασκευήν
761 2512 808 2617 τά
836 2525 956 2614 κράτη)
986 2528 1043 2596 καί
1072 2539 1121 2621 τῷ

110 2632 214 2724 ἐνάτῳ
247 2632 430 2720 χρώμενος,
464 2637 511 2712 είς
536 2632 575 2700 δέ
607 2634 668 2720 τήν
700 2632 873 2714 ἀπόδειξιν
902 2636 948 2723 τῷ
976 2633 1121 2728 τετάρτη)

110 2739 216 2831 μόνῳ·
240 2739 296 2807 διὰ
315 2739 380 2828 γάρ
398 2738 460 2827 τήν
478 2746 605 2826 γωνίαν
629 2745 802 2808 δείκνυσιν
824 2748 899 2820 ῖσας
920 2743 980 2819 τὰς
997 2741 1121 2826 βάσεις.

56 2867 90 2917 25
176 2850 228 2914 49.
264 2847 331 2913 Καὶ
353 2846 391 2914 τὸ
420 2848 559 2913 δέκατον
582 2844 758 2933 πρόβλημά
777 2848 846 2913 ἐστι
868 2849 1121 2936 πεπερασμένην

110 2950 171 3036 μέν
200 2950 338 3018 εὐθεῖαν
366 2950 611 3038 ὑποτιθέμενον
640 2952 743 3038 μέσον
775 2953 972 3039 τέμνεσθαι,
1007 2953 1119 3042 ἐπειδή

184 3257 207 3306 1.
228 3249 307 3321 άμφο
322 3254 352 3307 Ρ.
408 3259 431 3306 2.
452 3247 654 3322 δπονοήοειας]
673 3267 724 3306 scr.
741 3247 813 3307 ὅπου
829 3246 865 3306 δν
879 3247 984 3323 νοήοης
997 3249 1042 3309 τά.
1097 3261 1122 3311 θ.

111 3356 339 3480 πεητερασμένην]
359 3356 573 3428 πεπερασμένης
591 3358 621 3412 P.
637 3428 655 3482 d
673 3364 719 3482 l1i4.
738 3355 889 3430 θεώρημα]
909 3336 972 3446 θεά
992 3358 1022 3484 Ξ.
1056 3360 1123 3445 {ndo

111 3431 489 3574 νέκυιαν
506 3435 822 3573 μεμορεμ
924 3431 972 3502 ν
