2362 3796
123 148 191 211 434
282 149 439 202 scflom
456 150 496 200 IN
514 146 786 199 ELEMENTORUM
803 146 944 198 LIBRUM
954 146 993 200 X.

123 282 199 358 οἷον
229 281 274 357 ἴθ’
296 290 352 357 καὶ
379 295 440 357 ιἰθ·
476 286 518 354 τὰ
546 285 611 374 γάρ
640 283 696 354 ἀπ’
722 283 834 355 αὐτῶν
860 285 1060 375 τετράγωνα
1082 280 1145 371 'fei

122 397 177 464 καὶ
200 402 268 484 τῇ
295 393 366 463 κατ’
393 391 495 464 οὐδὲν
524 399 647 481 χωρίον
670 396 772 485 κοινῷ
796 393 904 485 μέτρῳ
926 398 1145 480 μετροῦνται.

529 538 586 603 Ad
609 537 678 603 def.
702 539 732 604 3.

193 663 243 728 16.
283 663 331 727 Αί
356 660 452 748 μήκει
480 658 662 748 σύμμετροι
686 655 817 728 εὐθεῖαι
839 657 974 741 πάντως
1001 658 1065 727 καὶ
1090 664 1146 729 δν-

87 766 221 854 ονάμει
254 766 318 834 εἰσὶ
345 766 543 854 σύμμετροι,
577 768 614 832 αί
644 764 682 833 δὲ
710 763 852 852 δυνάμει
883 764 1078 855 σύμμετροι
1107 765 1147 837 οά

122 873 255 953 πάντως
272 872 327 939 καὶ
346 871 443 959 μήκει
461 872 527 940 εἰσὶ
545 871 738 960 σύμμετροι,
762 873 929 960 ἐνδέχεται
948 868 983 938 δ’
1001 864 1076 943 οὖν
1094 874 1147 941 καὶ

122 976 213 1047 εἷναί
231 1003 319 1047 ποτε.
365 979 403 1044 αί
427 976 523 1065 μήκει
546 976 752 1065 άσίμμετροι
775 974 906 1046 εὐθεῖαι
938 974 985 1046 οὐ
1006 980 1146 1063 πάντως

121 1086 176 1152 καὶ
201 1083 343 1170 δυνάμει
372 1085 458 1152 είσὶν
482 1082 701 1173 ἀσύμμετροι,
734 1086 902 1171 ἐνδέχεται
931 1080 963 1151 δ’
991 1076 1067 1155 οὖν
1095 1087 1146 1155 καλ

123 1187 211 1258 εἶναι
231 1191 301 1259 ἔσθ’
322 1191 385 1258 ὅτε.
417 1195 455 1258 αί
472 1189 613 1277 δυνάμει
632 1187 837 1280 ἀσύμμετροι
855 1186 989 1260 εὐθεῖαι
1010 1193 1146 1275 πάντας

71 1316 105 1365 10
122 1297 178 1365 καί
201 1297 298 1383 μήκει
320 1296 407 1364 εἰσὶν
430 1293 643 1383 ἀσύμμετροι.

193 1407 243 1471 17.
278 1399 334 1469 'Ev
356 1404 401 1492 τῷ
425 1400 451 1468 ι’
474 1400 668 1491 θεωρήματι
691 1403 812 1469 τούτου
834 1405 896 1470 τοῦ
918 1406 1078 1488 βιβλίου.

191 1508 320 1577 τούτων
344 1505 575 1594 ὑποκειμένων
599 1510 778 1595 δείκνυται,
802 1508 853 1576 ὅτι
875 1511 915 1596 τή
933 1518 1145 1602 προτεθείσῃ

124 1613 251 1705 εὐθείᾳ,
270 1616 442 1682 τουτέστιν
456 1611 516 1700 ἀφ’
533 1606 573 1700 ής
590 1615 686 1682 θέσει
699 1613 739 1681 τὰ
754 1616 856 1703 μέτρα
869 1614 907 1683 τό
922 1640 960 1683 τε
973 1633 1146 1705 πηχυαῖον

123 1723 179 1790 καλ
201 1719 239 1789 τὸ
264 1727 498 1789 παλαιστιαῖον
521 1718 632 1788 καὶτὸ
653 1724 869 1788 δακτυλιαῖον
887 1716 908 1807 ή
925 1718 966 1790 τὸ
982 1728 1147 1794 ποδιαῖον

71 1843 104 1894 15
123 1826 342 1915 λαμβάνεται,
368 1823 578 1916 ὑπάρχουσιν
602 1824 733 1895 εὐθεῖαι
755 1828 878 1913 πλήθει
900 1825 1046 1917 άπειροι
1071 1832 1146 1920 σάμ-

124 1939 241 2022 μετροί
260 1958 295 2001 τε
318 1934 373 2001 καὶ
397 1931 617 2022 ἀσύμμετροι,
641 1936 678 1999 αί
699 1932 760 2019 μὲν
783 1932 879 2019 μήκει
906 1934 964 2001 καὶ
989 1936 1147 2025 δυνάμει,

124 2044 161 2107 αί
183 2039 220 2107 δὲ
243 2037 386 2125 δυνάμει
408 2041 524 2124 μόνον.

193 2149 243 2213 18.
271 2141 341 2210 Ὅτι
368 2146 408 2232 τή
436 2148 636 2233 προτεθείσῃ
666 2142 800 2235 εὐθείᾳ,
830 2141 891 2230 ἀφ’
916 2135 958 2232 ής
979 2150 1086 2220 θέσει
1108 2149 1145 2218 τά

124 2252 236 2338 μέτρα,
259 2249 408 2318 τουτέστι
431 2247 469 2317 τὸ
493 2262 659 2336 πηχυαῖον
681 2250 737 2317 καὶ
759 2249 797 2319 τὸ
825 2257 1085 2344 παλαιστιαῖον,
1108 2255 1143 2324 τὸ

70 2373 105 2425 20
125 2364 346 2441 σπιθαμιαῖον
373 2351 395 2441 ή
427 2360 465 2422 τὸ
492 2367 658 2441 πηχυαῖον
687 2358 808 2443 μέτρον
837 2356 905 2424 ἐστὶ
933 2358 1037 2429 θέσει
1070 2370 1145 2450 λαμ

124 2459 315 2548 βανόμευον
343 2462 376 2541 ἐξ
403 2457 499 2547 ήμῶν
527 2457 655 2546 αὐτῶν,
684 2459 728 2541 ὡς
756 2465 792 2530 ἐν
820 2466 866 2553 τῷ
890 2463 916 2530 ι’
943 2466 1145 2556 θεωρήματι

125 2571 304 2635 δείκνυται.

194 2677 243 2742 19.
288 2676 341 2762 Τῷ
375 2677 582 2764 σπιθαμιαίςο
614 2669 635 2760 ή
668 2679 819 2765 πηχυαίςο
847 2675 936 2759 λέγει
964 2675 1081 2765 ήγουν
1108 2680 1143 2749 τὸ

125 2782 256 2869 μέτρον.
301 2782 395 2848 θέσει
417 2778 481 2866 γάρ
505 2778 709 2867 λαμβάνεται
732 2782 765 2862 έξ
788 2778 895 2868 ήμῶν,
918 2780 965 2862 ὡς
989 2788 1031 2854 έν
1055 2799 1103 2879 τῷ
1122 2787 1145 2855 ι’

71 2908 106 2959 25
124 2888 317 2975 θεωρήματι
341 2892 499 2956 δείκνυσι.

198 3018 239 3069 16.
257 3032 279 3069 r.
354 3018 396 3067 1⁷.
415 3013 437 3065 Ρ
456 3011 515 3080 (lin.
536 3017 568 3065 11
589 3011 674 3066 etiam
693 3012 746 3080 V⁸,
764 3010 812 3067 lin.
833 3017 867 3066 13
886 3012 1037 3071 τουτέστιν
1056 3048 1095 3060 -
1116 3024 1145 3073 16

124 3080 299 3155 λαμβάνεται
313 3082 398 3137 etiam
412 3082 526 3151 V⁸vA).
609 3088 649 3137 18.
670 3089 714 3152 q⁰;
732 3082 884 3139 ofr.nr.19.
965 3089 1010 3141 19.
1031 3092 1146 3161 q(Av),

124 3167 380 3260 -To-lov—-iiffl
391 3184 428 3252 ὡς
437 3183 484 3243 ἐπὶ
491 3187 541 3256 τής
549 3182 667 3250 εάθεῖας
674 3188 724 3256 τῆς
731 3183 817 3257 οάσης
825 3189 979 3260 σπιθαμῶν
988 3180 1029 3247 ἦ
1037 3194 1147 3265 καὶτῆς

126 3272 433 3366 οιῦσήςὶσπιθαμάυιῐθ
450 3283 488 3346 q0.
542 3268 607 3348 ἶξα]
626 3271 697 3362 ήντα
715 3268 773 3361 fg}
785 3283 824 3345 οὓ.
884 3282 910 3331 2.
930 3282 1022 3352 κοινῷ
1038 3283 1146 3411 phot)

126 3366 163 3408 ως
173 3364 230 3400 υπο
241 3366 339 3402 κοινου
352 3367 455 3418 μετρου
466 3354 504 3416 q0.
561 3352 602 3402 11.
618 3366 628 3400 ι
649 3348 826 3419 θεωρήματι]
837 3346 1006 3418 θεωρήματι
1016 3372 1073 3409 του
1083 3352 1103 3411 ι’
1140 3396 1146 3409 .

158 3423 201 3474 18.
221 3414 362 3490 πηχάδιον
381 3418 412 3475 P.
471 3425 516 3476 23.
536 3413 576 3472 Τό
596 3421 784 3487 σπιθαμιαῖον
799 3414 816 3487 ή
834 3425 994 3487 πήχυαῖονθ
1053 3420 1146 3497 ἤμουν

114 3484 148 3545 τά
162 3488 288 3568 μέτρον]
305 3513 358 3566 vq,
378 3511 435 3550 om.
451 3491 484 3549 A.
550 3495 598 3546 ¹24.
616 3486 655 3553 δις
668 3519 702 3529 -
712 3494 762 3543 λθ.
777 3490 922 3557 mmm&
933 3507 965 3554 Q
976 3507 1039 3549 om.
1052 3500 1114 3555 Av.
