2362 3796
115 154 181 220 636
253 155 410 209 scnom
427 157 467 207 τα
484 130 758 207 mmmm
775 154 932 209 maun
944 157 1015 213 m

115 299 161 388 τῷ
179 297 277 387 κώνῳ
296 300 481 383 πυραμίδες
499 293 565 363 άπὸ
583 298 651 362 τών
669 293 857 381 τριγώνων,
886 302 967 365 ίσαι
987 296 1136 385 ἀλλήλαις

117 409 249 471 ἔσονται
274 403 330 470 διὰ
349 401 387 470 τὸ
407 401 435 470 ε’
455 405 516 471 τοῦ
535 400 582 487 ιβ’
600 404 743 486 βιβλίον.
782 402 822 469 αί
838 399 881 469 δὲ
901 401 975 472 δύο
996 408 1062 492 τῆς
1078 408 1137 493 μιᾶς

118 514 328 589 διπλασίους·
365 507 385 595 ἡ
415 506 480 595 άρα
502 505 568 575 άπὸ
592 511 654 575 τού
676 508 1054 598 παραλληλογράμμου
1075 509 1137 581 άνις

118 625 280 684 σταθεῖσα
302 615 448 702 πυραμίς
471 613 614 701 ίσουυής
630 617 676 706 τῷ
693 612 791 704 κώνῳ
810 615 990 685 διπλασία
1010 622 1074 706 τῆς
1089 615 1138 686 άπὸ

83 727 180 794 στοῦ
203 721 340 808 ἡμίσεος
367 718 473 790 αύτοῦ
498 720 666 807 τριγώνου
693 720 952 809 ἀνασταθείσης
984 728 1138 807 ίσουήούς

117 832 312 917 πυραμίδος.
358 825 442 896 ἀλλὰ
470 828 526 895 καὶ
550 826 588 895 τὸ
612 834 713 894 ΑΕΒ
739 831 914 913 τρίγωνον
944 827 1067 917 ἥμισύ
1087 834 1137 901 ἐστι

117 946 179 1003 τοῦ
196 933 558 1022 παραλληλογράμμου·
582 931 666 1001 ώστε
687 933 743 1000 καί
766 936 825 1018 τῆς
847 930 911 1001 ἄπ’
934 934 1059 1007 αὐτοῦ
1076 937 1137 1007 άντ-

119 1046 300 1126 σταθείσης
322 1044 486 1121 ίσουψούς
507 1042 695 1126 πυραμίδος
719 1041 912 1108 διπλασίων
932 1045 1050 1113 ἔσται.
1086 1042 1136 1114 ἐκεί

120 1147 157 1215 δὲ
184 1145 205 1233 ἡ
233 1145 300 1217 άπὸ
327 1150 388 1215 τοῦ
416 1146 765 1232 παραλληλογράμμου
794 1144 946 1234 ίσουψής
979 1154 1033 1244 τῷ
1057 1149 1136 1240 κώκρ

69 1276 101 1324 10
120 1253 265 1339 πυραμίς
293 1257 413 1339 μείζων
441 1251 509 1319 ἐστὶ
536 1254 599 1318 τοῦ
624 1250 738 1319 κώνου
768 1249 964 1337 τμήματος·
1007 1259 1137 1347 περιέχει

119 1358 196 1445 γάρ·
216 1359 272 1426 καὶ
286 1356 307 1444 ή
322 1356 387 1425 ἀπὸ
401 1361 462 1424 τού
476 1355 645 1444 τριγώνου
660 1360 803 1443 ίσουψης
815 1360 861 1447 τῷ
877 1357 990 1453 κώνῳ
1006 1363 1137 1454 πυραμίς

119 1462 253 1551 ἡμίσεια
286 1456 371 1531 ούσα
402 1461 525 1548 ταύτης
551 1467 672 1549 μείζων
699 1467 791 1530 ἔσται
817 1458 839 1548 ἢ
866 1463 909 1532 τὸ
939 1464 1061 1554 ἥμισυ
1089 1477 1136 1537 τοῦ

119 1568 198 1638 καθ’
221 1569 344 1656 ἑαυτὴν
361 1568 474 1638 κώνου
492 1571 673 1656 τμήματος·
699 1565 857 1647 ώσαύτως
871 1569 914 1638 δὲ
927 1575 994 1642 καὶ
1011 1578 1069 1646 ἐπὶ
1085 1584 1137 1644 τών

118 1675 240 1745 άλλῳν.

69 1805 101 1854 15
189 1787 241 1851 52.
277 1785 322 1850 Τὸ
343 1780 410 1868 άρα
428 1787 555 1869 πρίσμα
573 1808 604 1869 p.
621 1785 694 1869 194,
708 1785 764 1864 27]
784 1784 816 1848 εί
830 1779 898 1869 γὰρ
918 1779 938 1851 ὁ
961 1787 1138 1877 κύλινδρος

120 1894 184 1958 τού
215 1889 329 1958 κώνου
361 1887 506 1958 ἐλάττων
540 1889 630 1957 ἐστίν
661 1885 683 1974 ή
715 1891 941 1975 τριπλασίων,
985 1892 1080 1965 ἀλλὰ
1111 1893 1137 1961 τὸ

122 2003 263 2084 πρίσμα,
290 1987 332 2064 ού
356 1995 453 2082 βάσις
476 1995 538 2081 μὲν
560 1992 598 2063 τὸ
622 1999 902 2062 ΑΕΒΖΓΗΔΘ
924 2001 1138 2088 πολύγωνον,

122 2100 208 2183 ύψος
224 2102 261 2169 δὲ
275 2100 313 2169 τὸ
328 2099 409 2168 αύτὸ
425 2105 471 2192 τῳ
485 2102 594 2192 κώνῳ,
614 2100 725 2187 μεῖζόν
740 2101 809 2167 ἐστι
821 2095 843 2186 ἢ
857 2104 1075 2187 τριπλάσιον
1092 2108 1139 2176 τοίΙ

121 2209 245 2292 κώνου,
263 2206 374 2274 καὶτὸ
394 2212 521 2293 πρίσμα
540 2208 617 2293 ἄρα,
637 2198 678 2274 ού
691 2207 788 2292 βάσις
803 2204 842 2275 τὸ
857 2213 1141 2282 ΑΕΒΖΓΗΔΘ

70 2340 104 2389 20
123 2313 340 2399 πολύγωνον,
365 2309 452 2393 ύψος
475 2312 513 2380 δὲ
536 2321 612 2381 ίσον
634 2322 680 2403 τῳ
704 2313 816 2402 κώνῳ,
845 2313 963 2397 μεῖζόν
991 2320 1069 2389 ἐστι
1092 2322 1142 2389 τού

123 2420 308 2502 κυλίνδρου
345 2422 406 2486 τοῦ
439 2419 540 2505 βάσιν
572 2423 707 2504 ἔχοντος
740 2417 800 2487 τὸν
832 2424 972 2486 ΑΒΓΔ
1009 2426 1143 2508 κύκλον,

122 2522 209 2604 ύψος
229 2524 267 2591 δὲ
287 2531 362 2592 ίσον
376 2528 423 2616 τῳ
436 2523 542 2613 κώνῳ.
574 2521 660 2590 άλλδι
673 2524 729 2591 καὶ
744 2529 891 2592 ἔλαττον·
912 2525 1144 2620 ἐμπεριέχεται

123 2627 187 2715 γὰρ
211 2627 268 2696 ὑπ’
291 2628 408 2698 αὐτοῦ·
437 2627 518 2717 ὅπερ
542 2628 633 2696 ἐστὶν
656 2625 836 2697 άδύνατον.

191 2739 243 2804 53.
276 2736 334 2815 Ὡς
355 2761 393 2803 το
417 2740 531 2820 τρίτον
554 2736 655 2822 μέρος
676 2739 738 2802 τού
761 2739 946 2823 κυλίνδρου
970 2741 1067 2830 πρὸς
1090 2745 1145 2814 τὸν

72 2867 106 2917 25
124 2842 317 2930 κύλινδρον,
341 2838 446 2920 ούτως
469 2837 490 2927 ἡ
513 2838 697 2927 πυραμίςή
721 2839 783 2926 τήν
805 2839 906 2927 βάσιν
930 2847 1066 2930 ἔχουσα
1090 2851 1145 2939 τήν

125 2954 402 3016 ΑΕΒΖΓΗΔΘ
429 2945 513 3035 πρὸς
538 2946 577 3014 τὸ
601 2951 728 3033 πρίσμα
754 2945 792 3014 τὸ
814 2943 878 3033 τήν
901 2945 1014 3037 αύτήν
1043 2960 1144 3041 βάσιν

125 3058 202 3138 ἕχον
225 3056 264 3139 τῇ
284 3055 447 3138 πυραμίδι
465 3052 521 3119 καὶ
539 3050 625 3134 ύιβος
644 3060 728 3122 ίσον.
765 3057 877 3138 μεῖζον
896 3052 974 3143 obv}
997 3064 1145 3151 πυραμίς

197 3219 238 3267 52.
260 3214 288 3264 Β.
363 3217 405 3265 53.
425 3210 464 3264 va
483 3211 530 3280 (ad
548 3230 575 3280 p.
593 3216 652 3280 194,
671 3214 726 3279 τι).

198 3361 238 3409 16.
259 3353 441 3423 τριπλασίων]
463 3369 547 3421 supra
561 3373 582 3406 ω
602 3368 683 3410 sono
704 3352 734 3406 Β.
794 3356 836 3406 17.
855 3358 878 3406 Α
885 3357 1037 3413 ΓΒΖΓΗ
1041 3368 1070 3415 Δ
1077 3364 1103 3417 Θ
1116 3361 1143 3417 Β.

160 3434 202 3487 24.
223 3427 336 3503 τρίτον]
353 3425 488 3496 τρίγωνον
504 3423 545 3478 Ἶ.
607 3429 653 3477 λδ.
669 3419 740 3492 πρὸς
756 3420 803 3492 τό]
819 3428 842 3476 Α
861 3419 879 3478 ὅ
896 3424 930 3480 V.
998 3435 1044 3486 27.
1066 3431 1143 3504 ἔχον]

61 3499 309 3581 ιίχόντωνλί.
387 3494 560 3567 &UM-
