2362 3796
218 150 377 204 sonem
393 152 434 205 m
451 150 726 203 ELEMENTORUM
743 152 883 203 LIBRUM
896 154 918 204 1.
1007 147 1071 214 133

52 296 168 379 τρίτον
191 288 299 381 ὀρθῆς
321 291 480 378 λέγωμεν.
516 287 537 377 ή
560 289 599 359 δὲ
621 301 687 359 νῦν
712 294 854 359 δοθεϊσα
876 289 958 360 κατὰ
982 288 1073 372 εἶδος

54 400 190 468 δέδοται
211 396 329 485 μόνον.
496 428 499 433 ·

122 507 242 596 χρῆται
264 501 304 573 δὲ
326 503 363 571 έν
385 505 432 595 τῷ
455 501 665 590 προβλήματι
687 501 794 594 τούτῳ
818 501 902 589 πρὸς
926 502 986 589 μὲν
1008 503 1072 590 τήν

54 609 264 697 κατασκευήν
282 606 389 679 αὐτοῦ
403 607 558 696 αίτήματι
577 610 628 677 ἑνὶ
641 609 698 676 καὶ
711 618 757 701 τῷ
772 608 891 699 πρωτω
905 608 960 675 καὶ
975 612 1020 699 τῷ
1035 608 1071 695 γ’

56 715 281 806 προβλήματι,
301 714 386 805 πρὸς
408 713 446 783 δὲ
468 713 530 802 τὴν
555 712 727 795 ἀπόδειξιν
749 717 795 806 τῷ
819 714 855 801 η’
874 712 967 804 μόνῳ
987 723 1072 782 θεω-
1110 732 1126 780 5

57 823 194 910 ρήματι·
217 826 324 891 δεῖται
341 819 404 909 γὰρ
421 819 560 900 πάντως
578 819 777 902 ἀποδείξεως
795 820 852 888 καὶ
870 815 911 887 τὰ
930 818 1074 906 προβλή-

58 956 163 1016 ματα,
195 926 305 1016 ὥσπερ
329 928 387 997 καὶ
411 925 453 995 τὰ
481 925 700 1014 θεωρήματα,
729 926 843 1014 ἐπειδὴ
866 924 984 994 καὶτὸ
1008 928 1074 994 ἐπι-

60 1033 263 1123 στημονικὸν
285 1032 351 1104 αἰπδ
373 1037 433 1121 τῆς
455 1031 656 1114 ἀποδείξεως
680 1038 755 1120 ἔχει.

123 1145 176 1209 47.
222 1136 270 1207 Τὰ
295 1138 514 1230 προβλήματα
541 1152 612 1218 τοῖς
644 1136 863 1227 θεωρήμασιν
896 1139 1074 1226 σνμπλέκει

56 1246 112 1315 καί
141 1244 183 1314 τὰ
213 1244 418 1333 θεωρήματα
454 1258 525 1324 τοῖς
555 1246 775 1333 προβλήμασι.
830 1250 930 1314 τούτο
965 1244 1003 1313 δὲ
1033 1243 1072 1313 τὸ
1094 1263 1127 1313 10

54 1351 216 1442 θεώρημα
238 1351 511 1442 προβληματινόν
537 1353 627 1419 ἐστιν
657 1358 716 1419 καί
732 1355 822 1421 ἐστιν
842 1350 953 1439 εὑρεῖν
973 1348 1075 1420 εὐθύ-

54 1460 218 1547 γραμμον
237 1464 368 1544 γωνίαν
396 1456 508 1544 ὀρθήν
535 1458 591 1524 καὶ
618 1443 714 1545 τρίχα
736 1472 847 1545 τεμεῖν
871 1457 1074 1545 ἀδυνατήσει

55 1564 99 1633 ἄν
117 1591 169 1646 τις
185 1567 381 1650 αερατοειδή
400 1568 529 1648 γωνίαν
546 1577 666 1649 τεμεῖν.
702 1561 740 1630 τὸ
760 1561 799 1630 δέ
818 1566 883 1630 νῦν
897 1561 1074 1649 πρόβλημά

57 1668 210 1755 ἐστιτήν
234 1673 399 1738 δοθεῖσαν
422 1666 665 1756 εὐθύγραμμον
693 1675 823 1754 γωνίαν
852 1672 928 1753 δίχα
955 1681 1075 1749 τεμεῖν.

57 1778 177 1863 χρῆται
199 1777 264 1862 γὰρ
283 1776 320 1842 έν
338 1770 446 1865 τούτῳ
466 1773 550 1861 πρὸς
568 1773 630 1861 μέν
646 1777 686 1861 τή
700 1776 887 1859 κατασκευή
903 1775 939 1838 ἓν
955 1779 1075 1858 αίτημα
1096 1791 1128 1841 15

57 1881 114 1950 καί
137 1884 271 1968 πρῶτον
293 1877 405 1948 καὶτὸ
424 1886 538 1967 τρίτον
558 1880 731 1968 θεώρημα,
755 1874 840 1965 πρὸς
859 1876 896 1944 δέ
914 1875 975 1963 τήν
995 1876 1076 1945 ἀπό-

58 1989 164 2070 δειξιν
186 1985 225 2054 τὸ
250 1984 375 2072 ὄγδοον
405 1985 513 2074 μόνον
541 1984 713 2073 θεώρημα.
758 1987 921 2071 τετραχῶς
948 1983 985 2050 δὲ
1018 1981 1075 2051 δύ-

58 2120 159 2162 ναται
183 2095 344 2160 δίδοσθαι
366 2089 387 2178 ἡ
412 2097 533 2179 γωνία·
557 2094 612 2160 καὶ
636 2093 700 2179 γὰρ
723 2093 829 2178 θέσει,
853 2087 898 2169 ὡς
921 2089 1001 2157 ὅταν
1024 2090 1075 2159 λέ-

59 2224 174 2286 γωμεν
192 2200 276 2286 πρὸς
291 2201 370 2288 τῇδε
382 2203 423 2287 τῇ
439 2197 560 2288 εὐθείᾳ
574 2199 629 2266 καὶ
643 2204 728 2290 τῷδε
742 2208 788 2290 τῷ
803 2203 927 2288 σημείῳ
942 2207 1075 2265 κεῖσθαι

59 2303 123 2391 τήν
152 2309 280 2391 γωνίαν
305 2305 361 2373 καί
389 2303 477 2373 εἶναι
506 2307 692 2392 δεδομένην
721 2303 827 2391 αὐτήν
860 2303 977 2384 οὕτως·
1019 2304 1074 2372 καί
1094 2323 1128 2374 20

61 2414 156 2497 εῖδει,
180 2405 254 2479 οἷον
275 2409 358 2480 ὅταν
382 2408 496 2498 ὀρθήν
520 2413 667 2497 λέγωμεν
691 2407 712 2497 ή
737 2409 847 2491 ὀξεῖαν
871 2406 891 2496 ή
912 2408 1074 2497 ἀμβλεῖαν

60 2512 83 2603 ἢ
108 2514 191 2598 ὅλως
212 2511 456 2605 εὐθύγραμμον
487 2513 507 2603 ή
536 2516 671 2603 μικτήν
709 2517 764 2584 καὶ
788 2515 894 2606 λόγω,
923 2514 1004 2584 ὅταν
1027 2523 1075 2585 δι-

59 2629 204 2692 πλασίαν
222 2625 371 2710 λέγωμεν
384 2626 486 2709 τῆσδε
504 2623 558 2690 καὶ
578 2629 776 2710 τριπλασίαν
795 2618 816 2707 ή
837 2618 922 2700 ὅλως
941 2629 1076 2707 μείζονα

58 2730 116 2799 καί
134 2730 317 2799 έλοίσσονα’
343 2730 400 2796 καί
424 2731 570 2816 μεγέθει,
595 2727 705 2815 ὥσπερ
730 2726 811 2795 ὅταν
834 2734 946 2811 τρίτον
969 2725 1077 2813 ὀρθῆς

57 2838 218 2924 λέγωμεν.
263 2834 284 2922 ἡ
309 2836 347 2904 δὲ
369 2839 436 2904 νῦν
459 2833 542 2902 κατὰ
565 2834 602 2903 τὸ
627 2831 716 2912 εἶδος
739 2836 870 2899 δίδοται
894 2829 1011 2917 μόνον.
1092 2849 1126 2899 25

448 2972 503 3035 Ad
525 2993 636 3056 prop.
654 2968 693 3032 X.

124 3086 179 3152 48.
219 3081 502 3170 Προβληματικδν
534 3081 589 3150 καὶ
621 3085 719 3148 τοῦτο
753 3076 790 3147 τὸ
827 3079 986 3166 θεώρημα
1022 3105 1074 3147 πε·

57 3188 273 3275 περασμένην.
301 3188 362 3275 μὲν
395 3187 533 3256 εὐθεῖαν
565 3185 827 3272 ὑποτιθέμενον,
861 3185 972 3272 ἐπειδὴ
1000 3184 1071 3254 κατ’

131 3317 175 3366 47.
194 3310 224 3366 Ρ.
298 3317 341 3368 48.
361 3311 391 3368 Ρ.

134 3422 176 3473 11.
201 3420 253 3472 καί
269 3415 362 3490 ἐστιν]
387 3420 438 3473 καί
454 3417 480 3490 ’.ί
501 3413 575 3473 ἐστιν
599 3417 634 3485 Ρς
662 3418 743 3472 locus
761 3419 907 3476 οοοὶοεοε.
995 3425 1094 3485 Vm„

59 3489 151 3544 Locus
170 3490 323 3558 corruptus.
395 3493 438 3545 28.
459 3485 572 3564 ἐπειδή]
596 3486 644 3548 ἐπὶ
665 3489 697 3549 δέ
718 3492 752 3553 P.
