2362 3796
236 135 392 214 εοώδιεε
409 163 449 214 εει
467 164 743 247 ammom
760 168 901 220 εεεειοιι
914 170 936 219 1.
1025 166 1089 233 165

69 299 137 370 ὑπὸ
163 308 274 369 ΔΖΗ
293 305 433 389 διῇχθαι
454 300 517 389 τὴν
541 309 615 370 ΕΗ
634 300 787 391 εὐθεῖαν,
820 304 880 393 ὑφ’
906 298 946 391 ἧς
973 305 994 394 ἡ
1023 306 1088 376 ὑπο

72 414 178 476 ΕΗΖ
199 413 309 494 γωνία
330 413 468 494 γίνεται.
513 413 627 501 πολλῷ
651 409 689 478 δὲ
712 416 831 498 μείζων
854 410 875 498 ἡ
898 409 963 480 ιἰπὸ
987 421 1093 481 ΕΖΗ

70 518 130 601 τῆς
157 510 224 582 ὑπὸ
251 520 355 581 ΕΗΖ
388 511 446 581 διὰ
473 513 512 582 τὸ
539 519 599 601 τῆς
628 513 708 602 ὅλης
735 513 802 584 ὑπὸ
830 524 938 585 ΕΖΗ
965 524 1090 604 γωνίας

70 618 229 708 ἡμίσειαν
256 616 345 687 εἶναι
371 617 434 706 τὴν
460 617 526 688 ὑπὸ
552 628 674 706 ΔΖΗ,
705 618 778 708 ἥτις
805 628 925 709 μείζων
954 624 1089 710 ἐδείχθη

70 736 131 813 τῆς
154 723 220 794 ὑπὸ
244 732 357 794 ΕΗΖ.
401 726 457 793 καί
481 726 551 794 ἐπεὶ
573 723 639 794 ὑπὸ
664 724 727 813 τὴν
755 732 888 813 μείζονα
916 733 1044 814 γωνίαν
1067 726 1087 815 ἡ
1127 752 1143 801 σ

71 837 193 920 μείζων
216 830 343 919 πλευρὰ
368 829 546 913 ὑποτείνει,
571 832 635 898 εἰσὶ
659 831 697 899 δὲ
717 838 778 900 τοῦ
798 840 900 900 ΕΗΖ
922 833 1090 921 τριγώνου

70 936 214 1025 πλευραὶ
238 934 260 1023 ἡ
284 943 347 1005 ΕΖ
373 937 430 1004 καὶ
457 933 478 1023 ἡ
503 943 587 1022 ΕΗ,
619 936 710 1004 πάνυ
739 937 878 1025 ἀληθῶς
904 940 960 1007 καὶ
989 939 1090 1009 ἄναυ-

71 1042 235 1132 τιρρήτως
257 1040 489 1111 ἀποδέδεικται
513 1048 632 1130 μείζων
657 1034 741 1110 οὖσα
765 1044 786 1131 ἡ
810 1053 883 1113 ΕΗ
902 1056 960 1133 τῆς
982 1052 1054 1114 ΕΖ.

139 1152 193 1218 94.
219 1146 289 1216 Ὅτι
308 1146 348 1215 τδι
366 1153 516 1238 τρίγωνα
534 1151 579 1234 πῆ
598 1147 659 1235 μὲν
679 1157 736 1216 ι’σα
754 1152 834 1238 ἐστί,
858 1155 903 1239 πη
923 1152 960 1220 δὲ
979 1150 1089 1240 ἄνισα,

73 1256 202 1346 ῥᾳδίως
223 1257 260 1323 ἐκ
282 1258 350 1323 τών
373 1280 454 1341 μετα
479 1257 582 1323 ταῦτα
607 1258 784 1325 δείκνυται.
820 1264 947 1327 κείσθω
966 1256 1030 1347 γὰρ
1048 1258 1089 1327 τὰ
1109 1285 1142 1333 10

71 1367 189 1448 ΑΒΓ,
218 1368 319 1429 ΔΕΖ
347 1366 494 1446 τρίγωνα
521 1361 577 1428 καί
605 1366 731 1430 κείσθω
761 1361 845 1433 ώστε
877 1361 928 1433 ἐπ’
954 1361 1090 1444 εὐθείας

687 1465 775 1537 εἶναι
792 1470 856 1556 τὴν
870 1477 935 1537 ΑΒ
954 1474 994 1560 τῇ
1011 1479 1089 1553 ΛΕ,

687 1574 742 1642 καὶ
762 1574 819 1643 διὰ
838 1580 898 1643 τοῦ
918 1582 945 1642 Ζ
964 1580 1004 1664 τῇ
1023 1584 1091 1642 ΑΕ

688 1679 900 1766 παράλληλος
936 1680 1033 1767 ἤχθω
1068 1679 1088 1767 ἡ

689 1786 742 1853 ἐπὶ
765 1785 801 1853 τὸ
827 1794 867 1868 Ζ,
892 1793 935 1854 H.
980 1787 1035 1853 καὶ
1061 1792 1091 1853 εί
1110 1809 1142 1860 15

627 1978 632 1984 Ι
689 1891 750 1978 μὲν
771 1892 823 1958 ἐπὶ
841 1889 879 1958 τδ
900 1900 927 1959 Ζ
946 1889 1016 1978 ἥξει
1034 1892 1090 1958 καὶ

625 1978 652 2024 Ε
689 1997 745 2064 διὰ
780 2001 841 2066 τοῦ
874 2003 907 2064 Γ
939 2003 1089 2084 σημείου,

74 2110 166 2175 ἔστιν
191 2114 247 2174 ίσα
269 2105 310 2173 τὰ
335 2112 442 2192 ΕΒΖ,
467 2112 571 2173 ΒΑΓ
591 2111 736 2193 τρίγωνα
761 2102 816 2171 διὰ
839 2101 876 2172 τὸ
902 2111 979 2190 ίσην
1003 2101 1091 2172 εἶναι

73 2209 138 2297 τὴν
162 2216 228 2278 ΒΑ
251 2198 290 2299 τη
314 2218 390 2279 ΒΕ·
428 2216 459 2278 εί
486 2211 524 2278 δὲ
552 2210 596 2298 μὴ
620 2212 691 2298 ἥξει
716 2209 771 2278 διὰ
795 2214 855 2278 τοῦ
880 2215 912 2276 Γ
938 2216 1090 2297 σημείου,

76 2314 173 2395 ἐντὸς
186 2311 292 2382 αὐτοῦ
310 2330 456 2385 πεσεῖται
475 2313 496 2401 ἢ
516 2315 617 2396 ἐκτός.
649 2317 791 2385 πιπτέτω
806 2317 969 2405 πρότερον
985 2315 1090 2403 ἐντός,
1109 2341 1143 2390 20

28 2411 32 2417 ⁸
76 2417 123 2500 ὥς
149 2417 172 2507 ἡ
195 2428 271 2507 ΖΘ,
301 2423 358 2490 καὶ
385 2421 572 2509 ἐπεζεύχθω
602 2420 621 2505 ἡ
646 2429 717 2489 ΘΒ.
763 2431 839 2490 ίσον
867 2421 932 2510 α’ρα
961 2425 1030 2492 ἐστὶ
1053 2422 1090 2492 τὸ

76 2536 108 2594 Α
114 2532 177 2594 ΘΒ
199 2532 365 2615 τρίγωνον
383 2532 429 2619 τῷ
448 2535 546 2595 ΒΕΖ
564 2527 724 2619 τριγώνῳ.
757 2535 868 2615 μεῖζον
889 2529 926 2596 δὲ
943 2527 982 2597 τὸ
996 2536 1090 2597 ΓΑΒ

75 2637 243 2719 τρίγωνον
269 2639 331 2702 τοτ’
354 2641 455 2702 &AB
482 2636 663 2722 τριγώνου·
705 2641 817 2721 μεῖζον
845 2633 910 2718 ἄρα
939 2634 1008 2701 ἐστὶ
1035 2633 1091 2699 καὶ

75 2740 139 2806 τοῦ
154 2744 257 2807 ΖΒΕ.
297 2744 328 2808 εί
346 2739 384 2808 δὲ
403 2739 495 2820 ἐκτὸς
513 2745 622 2809 πίπτει
641 2738 661 2826 ἡ
681 2740 891 2826 παράλληλος
911 2738 955 2817 ώς
973 2736 994 2823 ἡ
1014 2744 1090 2823 ΖΚ,

75 2847 409 2932 προσεπβαλλομίνης
423 2849 480 2932 τῆς
494 2853 562 2914 ΒΓ
575 2847 628 2914 ἐπὶ
641 2845 679 2913 τὸ
695 2852 729 2911 Κ
744 2845 801 2911 καὶ
816 2843 1091 2930 ἐπιζευγνυμένης
1110 2868 1144 2918 25

73 2953 134 3036 τῆς
147 2955 183 3017 Κ
185 2960 218 3017 A
237 2951 450 3037 δειχθήσεται
470 2949 594 3038 ὁμοίως
611 2965 681 3030 τοῖς
700 2950 887 3038 είρημένοις
902 2953 1038 3017 ἔλαττον
1052 2949 1089 3018 τὸ

72 3063 168 3125 ΓΑΒ
188 3063 357 3143 τρίγωνον
376 3068 436 3125 τοῦ
458 3064 556 3126 ΖΕΓ
570 3056 750 3145 τριγώνου·
780 3056 861 3143 ὅπερ
886 3059 953 3124 ἔδει
977 3057 1091 3136 δεῖξαι.

146 3223 190 3272 94.
210 3217 241 3270 Β.

150 3365 193 3412 10.
217 3328 423 3428 uecofimfflser.
441 3354 520 3413 ἔστω.
599 3362 641 3411 15.
665 3352 712 3412 ἐπὶ
730 3353 780 3428 τό]
805 3358 975 3428 corruptum.
1049 3364 1090 3412 16.

74 3426 125 3485 ἐπὶ
143 3424 237 3553 τόχὴ
257 3422 315 3481 ἀπὸ
333 3427 404 3482 τοῦθ
494 3433 537 3510 1β.
560 3423 609 3498 τά]
632 3427 726 3514 bin.
762 3428 900 3502 Figumm
913 3426 984 3503 ὶρεω
999 3428 1110 3485 mx&

73 3500 113 3554 ad
132 3516 184 3555 uer
204 3514 222 3551 α
240 3497 411 3553 subobscura
426 3499 598 3557 schohastae
618 3501 801 3576 expheanda.
