2362 3796
226 165 382 218 sonom
400 166 438 218 ιιι
456 165 730 217 ειιιιιειιεοιιοιι
747 166 886 219 LIBRUM
899 167 932 219 X.
1018 160 1084 238 449

71 306 194 395 ρήματι
223 306 406 393 δεδομένον
435 305 564 392 ἐγένετο
598 306 634 372 ἐν
661 304 769 394 τούτῳ
799 305 1001 392 ζητούμενον
1028 303 1085 370 καὶ
1125 391 1132 403 .

69 411 250 482 ίινοίπαίιν.
812 461 813 464 ,

138 523 190 589 54.
223 516 280 600 Ὡς
302 516 323 605 ἡ
347 517 460 606 πρώτη
484 541 568 603 προς
590 514 654 604 τὴν
674 523 791 606 τρίτην
814 525 882 586 κτλ.
905 542 936 603 p.
955 518 1007 603 20,
1027 519 1084 600 21]

69 624 129 694 διὰ
148 624 295 713 πόρισμα
313 628 375 693 τού
393 624 426 691 κ’
445 633 508 692 τοῦ
525 623 556 698 ς’
575 626 637 691 τοῦ
655 625 823 709 λέγοντος,
843 620 905 708 ὅτι,
926 618 984 692 ἐὰν
998 634 1086 709 τρεῖς

71 729 202 801 εὐθεῖαι
225 728 394 816 ἀνάλογον
418 722 513 815 ώσιν,
538 727 583 809 ώς
605 729 625 816 ἡ
645 728 759 817 πρώτη
779 727 861 817 πρὸς
879 726 941 815 τὴν
959 732 1084 816 τρίτην,
1121 756 1139 806 5

71 839 178 919 οὕτως
200 836 238 906 τὸ
262 834 327 906 ἆπδ
351 839 409 924 τῆς
431 835 563 924 πρώτης
584 841 752 924 τρίγωνον
774 833 858 923 πρὸς
880 835 918 904 τὸ
943 832 1008 902 ἀπὸ
1026 838 1085 920 της

69 947 229 1034 δευτέρας
252 943 289 1013 τὸ
314 941 434 1031 ὅμοιον
456 943 512 1010 καὶ
536 939 659 1028 ὁμοίως
681 939 973 1029 ἀναγραφόμενον.

439 1139 496 1204 Ad
519 1161 624 1223 prop.
646 1137 719 1204 VII.

139 1265 192 1330 55.
225 1259 281 1328 Ἐκ
303 1263 362 1347 τῆς
384 1265 432 1340 είς
455 1259 627 1327 ἀδύνατον
651 1256 836 1344 ἀπαγωγῆς.

140 1370 192 1436 56.
231 1364 312 1452 Ούκ,
337 1363 382 1446 ὡς
405 1364 448 1434 ίιν
466 1390 515 1445 τις
535 1369 680 1450 οίηθείη,
698 1364 865 1451 παρέλκον
884 1364 952 1432 ἐστὶ
972 1363 1028 1432 διὰ
1047 1390 1085 1433 το
1106 1391 1141 1442 10

73 1479 273 1543 δείκνυσθαι
304 1472 360 1540 καὶ
391 1474 491 1540 τοῦτο
524 1468 562 1538 τὸ
598 1470 812 1556 συνημμένον
846 1469 903 1537 διὰ
930 1473 991 1537 τοῦ
1020 1468 1085 1557 πρὸ

74 1577 189 1648 αύτού.
221 1579 265 1646 δι’
284 1580 415 1646 ἐκείνου
433 1574 497 1663 γὰρ
517 1573 559 1644 ού
577 1579 688 1661 τοῦτο,
708 1572 781 1643 ἀλλ’
799 1573 850 1644 ὅτι
867 1575 908 1644 τὰ
922 1573 966 1662 μὴ
981 1574 1087 1661 λόγον

74 1691 192 1774 ἔχοντα
215 1684 352 1771 μεγέθη,
376 1681 417 1752 δν
440 1681 587 1771 ἀριθμὸς
609 1680 693 1769 πρὸς
709 1678 870 1770 ύριθμύν,
893 1680 1087 1770 ἀσύμμετροί

74 1796 181 1877 ἐστιν,
214 1792 393 1859 ἐδείκνυτο.
440 1789 502 1858 ούκ
530 1787 595 1876 ἄρα
618 1785 833 1873 ἀναιρετικὸν
859 1792 920 1857 τοῦ
942 1787 1088 1868 κανόνος

74 1902 205 1968 ἐκείνου
232 1899 293 1964 τοῦ
322 1897 492 1982 λέγοντος,
521 1893 588 1980 ὅτι,
618 1898 649 1963 εί
675 1922 695 1981 η
724 1893 911 1982 κατοίφασίς
931 1920 1024 1974 τινος
1045 1899 1086 1984 τῇ
1106 1917 1141 1968 ιι

72 2004 179 2075 ἄλλον
202 2001 385 2088 καταφάσει
409 2003 534 2087 ἕπεται,
564 1998 606 2069 ού
633 2003 673 2091 τῇ
701 2005 764 2068 τοῦ
790 1998 982 2088 ἡγουμένου
1005 1999 1087 2069 ἄπο-

73 2111 175 2200 φοίσει
198 2112 310 2178 ἕπεται
333 2106 354 2193 ἡ
377 2111 439 2176 τοῦ
454 2108 641 2194 Ιἑπομένου,
670 2104 742 2175 ἀλλ’
768 2104 942 2176 ιἰνοίπαίιν.
987 2111 1086 2175 τοῦτο

73 2221 138 2305 γὰρ
167 2213 309 2301 ἀληθές,
341 2210 395 2301 ἐφ’
421 2204 470 2283 &v
498 2213 606 2301 μόνον
638 2212 676 2280 τὸ
709 2211 1001 2301 κατηγορούμενον
1033 2213 1087 2283 ἐπὶ

74 2323 177 2390 πλέον
201 2323 302 2406 ἐστίν,
325 2317 379 2408 ἐφ’
401 2311 450 2388 ών
473 2319 511 2397 δὲ
534 2317 585 2387 ἐπ’
607 2327 680 2405 ίσης
703 2315 749 2398 ώς
771 2319 825 2386 ἐπὶ
846 2317 970 2387 τούτου
991 2317 1087 2388 νἰδιοί-

74 2426 186 2515 φορόν
210 2430 311 2513 ἐστιν,
334 2423 380 2506 ὡς
402 2422 445 2494 δὶν
469 2427 568 2513 έθέίη
592 2450 642 2505 τις
664 2439 781 2493 ποιεῖν.
828 2427 939 2494 ίστέον
964 2428 1012 2512 δέ,
1036 2425 1087 2497 ὅτι
1106 2449 1142 2499 20

76 2535 112 2600 έν
135 2536 181 2624 τῷ
205 2531 285 2621 μετὰ
313 2538 410 2602 τοῦτο
436 2533 536 2612 δείξει
565 2531 621 2599 καὶ
648 2530 686 2599 τὸ
715 2529 813 2616 ἄλλο,
846 2528 927 2619 ὅπερ
960 2537 1087 2619 ἔφαμεν

76 2637 132 2706 διὰ
156 2644 217 2707 τοῦ
239 2639 304 2724 πρὸ
325 2635 430 2707 αὐτοῦ
451 2642 661 2724 δείκνυσθαι,
686 2635 747 2705 οὐκ
767 2635 817 2705 ἐπ’
835 2635 979 2724 εὐθείας,
1003 2637 1089 2706 ἀλλὰ

75 2771 115 2833 τη
139 2749 186 2825 εἰς
208 2744 378 2813 ἀδύνατον
400 2742 571 2831 ἀπαγωγῇ.
617 2749 686 2811 ἔστι
708 2741 772 2830 γὰρ
795 2756 865 2823 τοῖς
887 2744 1089 2831 γεωμέτραις

76 2850 226 2937 σύνηθες
247 2848 384 2919 κάκεῖνα
409 2850 581 2918 δεικνύναι
604 2855 643 2940 τῇ
666 2849 804 2938 τοιαύτη
829 2851 935 2928 δείξει.

143 2959 194 3024 57.
227 2954 298 3023 “On
325 2956 385 3042 μέν
414 2948 478 3024 οὖν
507 2957 568 3024 οὐκ
592 2960 629 3024 αί
648 2956 798 3044 γραμμαὶ
821 2951 922 3042 μόναι
945 2956 1010 3022 είσί
1032 2982 1087 3042 με·
1105 2975 1141 3025 25

74 3064 176 3150 γέθη,
209 3059 293 3129 ἀλλὰ
321 3062 377 3128 καὶ
403 3089 444 3130 τα
478 3065 615 3131 ἐπίπεδα
647 3064 701 3130 καὶ
729 3060 770 3129 τὰ
801 3061 933 3146 στερεοί,
966 3061 1088 3142 πάντες

74 3199 289 3208 .....,---.-.--

148 3266 190 3313 54.
210 3259 256 3313 V'.
317 3263 360 3311 55.
379 3255 432 3326 Fq.
493 3263 534 3313 66.
554 3258 600 3312 Fb
620 3254 743 3327 (σκόλιον
762 3257 800 3327 b).
861 3262 904 3312 57.
923 3256 1087 3327 wrm).

74 3377 288 3388 ---—--—·

148 3442 190 3560 ἕο.
211 3432 286 3507 έστί]
305 3436 332 3502 b,
352 3431 426 3490 εἶναι
445 3436 476 3489 F.
524 3441 578 3489 ¹14,
597 3431 669 3506 ἄρα]
686 3435 715 3503 θ,
734 3431 793 3489 ἔστι
811 3433 847 3488 δέ
862 3434 902 3487 ἓ.
959 3439 1016 3485 (εό.
1032 3425 1124 3493 οἴουΧ

75 3525 130 3563 Om-
176 3527 198 3560 Γ.

120 3605 271 3659 Euclides,
289 3607 339 3650 edd.
354 3609 461 3663 Hoiberg
477 3613 503 3653 ει
515 3580 612 3662 Μεύςε.
634 3607 670 3651 V.
937 3587 982 3634 Ἦ
