2362 3796
107 167 175 233 612
256 168 414 221 scnom
432 170 471 220 m
488 167 764 221 Εεευευυοευιι
780 168 933 220 mmm
946 169 1002 222 n

107 312 148 397 τῇ
171 312 308 399 πλευρᾷ,
332 305 408 376 οὐδ’
430 306 539 388 οὕτως
561 307 599 376 τὸ
618 305 912 395 ἀναγραφόμενον
931 312 1038 375 ἔσται
1056 316 1131 376 ἴσον·
1178 335 1181 434 Ι

108 419 140 482 εί
167 413 203 482 δδ
231 412 456 499 λαμβάνηται,
490 422 565 481 ἴσον
594 418 686 482 ἔσται
713 411 794 499 μετά
820 422 886 481 τοῦ
914 414 983 482 καλ
1013 414 1131 502 ὅμοιον.

109 521 165 587 καὶ
193 518 214 605 ἡ
242 519 411 600 ἀπόδειξις
442 519 480 587 δὲ
511 518 635 588 τούτου
668 522 779 610 ῥηιδία.
825 517 991 588 δυνατὸν
1021 519 1062 589 δὲ
1087 520 1130 588 παλ

108 625 153 712 μὴ
188 622 229 693 ὂν
260 628 593 712 παραλληλεπίπεδον
622 623 760 711 στερεὸν
787 622 853 692 ἀπὸ
883 627 950 711 τῆς
976 630 1131 713 δοθείσης

72 756 90 804 5
113 729 250 811 εὐθείας
278 729 486 818 ἀναγράψαι,
518 730 755 820 περιεχόμενον
784 730 822 798 δὲ
848 727 946 818 ὅμως
975 729 1049 802 ὑπὸ
1077 736 1131 801 ἔτι

107 838 234 922 πάδων,
268 835 310 907 οὐ
333 837 441 924 μόνον
472 837 510 905 δὲ
533 835 669 924 ὅμοιον,
701 835 787 905 ἀλλά
814 841 886 922 καί,
920 841 959 905 εί
987 836 1128 927 τάχοιὴ

108 945 251 1009 δοθεῖσα
284 939 402 1011 εὐθεῖα
432 946 503 1012 τῶν
535 950 691 1031 πλευρῶν
723 941 836 1011 αὐτῶν
866 949 943 1028 ίση,
982 942 1070 1013 καθ’
1099 943 1130 1013 δν

108 1056 246 1135 είπομεν
277 1048 420 1136 τρόπον,
454 1050 511 1117 καὶ
543 1058 619 1117 ἴσον
651 1050 705 1117 aaz
738 1047 869 1136 ὅμοιον.
916 1047 967 1118 οὐ
1000 1056 1077 1120 πᾶν
1102 1050 1132 1119 δὲ

110 1153 246 1240 στερεὸν
266 1153 386 1242 ὅμοιον
406 1151 426 1241 ἢ
447 1163 523 1222 ίσον
542 1156 598 1223 καὶ
621 1152 740 1241 ὅμοιον
761 1151 909 1222 δυνατὸν
927 1156 993 1225 καὶ
1012 1155 1132 1245 ὁμοίως

58 1284 91 1333 10
110 1270 255 1330 κεῖσθαι.
301 1265 332 1329 εί
353 1261 418 1350 γάρ
442 1288 493 1341 τις
515 1265 691 1349 πυραμίδα
713 1263 794 1347 φέρε
822 1264 930 1328 είπείν
962 1265 1003 1330 ἐκ
1025 1290 1133 1352 τετρα-

109 1367 223 1454 γιάνου
237 1367 365 1452 βάσεως
383 1366 586 1453 άνισοσκελη
605 1373 686 1453 μίαν
704 1376 774 1436 τῶν
793 1369 1004 1454 ἐφεστασῶν
1025 1367 1133 1458 ὀρθὴν

110 1479 254 1560 ἔχουσαν
285 1472 369 1561 πρὸς
396 1471 458 1559 τὴν
486 1473 587 1559 βάσιν
615 1474 695 1562 τίμη
730 1475 765 1541 ἐκ
791 1483 851 1559 τῆς
872 1478 1040 1562 κορυφῆς
1064 1481 1134 1564 δίχα

109 1577 192 1646 κατὰ
205 1578 267 1666 τὴν
281 1582 343 1647 τοῦ
356 1581 570 1666 τετραγώνου
585 1578 768 1666 διαγάνιον
782 1577 845 1665 τὴν
858 1574 927 1646 ἀπὸ
939 1590 1007 1667 τῆς
1017 1578 1134 1670 ὀρθῆς,

110 1690 248 1753 ἔσονται
276 1682 340 1752 δύο
373 1687 503 1773 στερειιλ
536 1685 720 1772 πυραμίδες
751 1683 815 1770 γάρ
844 1692 901 1751 ίσα
932 1687 997 1754 καὶ
1025 1689 1136 1777 ὅμοια,

59 1815 93 1863 15
112 1788 237 1878 ὁμοίως
269 1790 307 1858 δὲ
338 1795 481 1877 τεθῆναι
514 1791 672 1878 οὐδαμῶς
701 1788 903 1877 δυνάμεναι,
937 1789 1020 1862 ἀλλ’
1051 1793 1136 1866 ἀντι·

110 1895 336 1977 πεπονθότος.
381 1895 465 1966 ὥστε
484 1897 632 1966 δυνατὸν
652 1894 719 1965 ἀπὸ
737 1898 796 1982 τῆς
814 1900 981 1984 δοθείσης
999 1898 1137 1982 εὐθείας

112 2000 282 2089 ὁμολόγου
300 2003 357 2070 καὶ
376 2011 450 2089 ίσης
464 2001 568 2089 οάσης
582 2006 641 2093 μιᾷ
656 2006 724 2070 τῶν
738 2006 799 2069 τοῦ
814 2003 984 2084 δοθέντος
998 2013 1139 2095 στερεοῦ

111 2112 265 2196 πλευρῶν
284 2118 359 2176 ίσον
374 2109 430 2175 καί
445 2107 565 2195 ὅμοιον
576 2107 712 2197 στερεὸν
727 2105 934 2194 ἀναγράψαι,
955 2110 1007 2198 μὴ
1022 2118 1139 2201 μέντοι

113 2212 238 2300 ὁμοίως
268 2219 436 2298 κείμενον·
477 2213 537 2283 ἐάν
566 2214 604 2283 δὲ
632 2218 694 2283 τοῦ
728 2216 839 2295 δεξιοῦ
870 2214 1054 2300 τμήματος
1089 2212 1141 2309 τῆς
1180 2249 1181 2294 ι

60 2345 93 2394 20
112 2322 300 2405 πυραμίδος
323 2326 398 2387 ίσον
421 2321 477 2386 καὶ
501 2318 623 2406 ὅμοιον
646 2321 701 2388 καλ
726 2317 838 2400 δεξιὸν
858 2317 940 2419 άλλο
962 2323 1141 2416 εὑρεθείη,

111 2430 210 2493 τοῦτο
233 2426 289 2492 καὶ
312 2421 436 2510 ὁμοίως
453 2434 588 2493 κεῖσθαι
613 2424 764 2493 δύναται.

467 2622 524 2687 Ad
546 2644 651 2708 prop.
673 2621 790 2687 XXXI.

179 2745 233 2810 44.
268 2739 532 2831 Ἀντιστρόφιον·
557 2742 597 2811 τά
619 2751 675 2810 ίσα
692 2743 1014 2830 παραλληλεπίπεδα
1028 2749 1075 2820 τά
1091 2753 1142 2822 ἐπὶ

115 2855 199 2915 ίσων
221 2846 352 2933 βάσεων
376 2846 457 2917 ὄντα
479 2850 535 2916 καὶ
558 2846 623 2917 ὑπὸ
646 2847 683 2917 τὸ
709 2847 791 2918 αὐτὸ
814 2845 904 2930 ὕψος
928 2849 1037 2923 ἐστίν.

186 3048 228 3098 44.
249 3041 355 3097 PBV0.

116 3162 330 3170 -——-—-———

189 3227 229 3274 14.
251 3217 373 3291 ἔσονται]
392 3218 457 3273 fort.
473 3236 523 3273 sor.
540 3214 711 3289 ἐφεστῶσαν.
771 3214 838 3290 γάρ]
859 3235 950 3289 comp.
970 3219 1004 3291 P,
1025 3241 1087 3283 om.
1103 3230 1140 3295 V;

117 3309 168 3346 scr.
187 3294 322 3361 γίνονται.
418 3289 482 3360 ίσα]
506 3292 552 3344 ίσα
572 3286 625 3361 γάρ
646 3289 685 3356 V3
716 3307 767 3345 ser.
787 3292 853 3344 ίσαι.
947 3285 1057 3368 ὅμοια]
1088 3317 1140 3354 ser.

117 3359 221 3431 ὁμοίαι.
283 3366 324 3415 15.
344 3356 485 3428 οὐδαμόσε
505 3361 539 3428 V,
559 3356 692 3430 οὐδαμῶς
706 3358 739 3415 αἴ
753 3360 783 3415 Ρ.
848 3357 999 3429 δυνάμενα
1013 3364 1051 3434 V,
1075 3365 1139 3424 ἐδυ-

59 3429 233 3574 κάμεάοι
251 3433 281 3490 P.
363 3437 407 3486 19.
426 3431 483 3486 Set.
500 3433 538 3504 τῷ
557 3432 640 3503 δεξιῷ
660 3429 788 3501 τμήματι.
870 3436 913 3488 24.
933 3426 1004 3502 ὑπό]
1025 3452 1087 3495 om.
1108 3441 1139 3496 V.

147 3505 222 3566 είσίν
242 3507 276 3567 V.
