2362 3796
105 138 147 202 '16
206 143 209 147 ’
256 141 413 194 §onom
430 141 470 193 m
486 141 761 194 ωιωιιωατοιισιι
778 142 919 194 τιυιισιι
932 145 954 197 1.

104 282 141 349 ἐν
170 293 345 368 χωριστοίς
371 278 547 367 ὑφεστῶτα
580 280 694 368 λόγοις
721 281 773 349 ἀεὶ
799 281 862 368 τῆν
892 281 1120 370 ἀρχικωτέραν

104 384 291 454 ὑπόστασιν
315 386 524 474 ἐκληρώσατο
544 392 613 456 τῶν
632 389 820 473 συνθέτων,
844 382 920 456 οἷον
939 391 976 457 ἐν
995 394 1043 480 νῷ
1063 391 1120 457 καὶ

104 506 238 580 ψυχαῖς·
263 495 331 560 ἐκεῖ
351 491 417 579 γὰρ
439 491 480 560 τά
503 490 711 578 ἀπλούστερα
734 497 802 560 τῶν
826 495 1004 561 συνθέτων
1028 496 1119 563 ἐστὶν

104 596 316 668 ὑποστατικά.
351 600 392 666 τά
415 599 453 667 δέ
475 597 558 686 ὑλης
581 598 723 685 δεόμενα
746 599 802 666 καί
826 601 862 667 ἐν
885 599 1001 680 ἀλλοις
1024 601 1120 688 ἕδρα-

69 727 85 776 5
107 706 226 792 ζόμενα
248 704 331 774 κατά
354 705 392 773 τὸ
418 705 587 774 σύνθετον
610 709 739 792 μᾶλλον
758 710 824 792 ἔχει
841 703 904 792 τῆν
921 704 1119 794 ὑπόστασιν,

103 819 162 880 καί
192 817 278 881 εἰσιν
312 809 488 891 ούσιιόὸεις
520 819 650 898 μᾶλλον
679 815 715 879 οί
739 816 888 880 τοιοῦτοι
912 812 1015 899 λόγοι.
1063 813 1119 882 διὰ

103 923 204 987 τούτο
229 922 265 988 ἐν
290 925 458 1008 φαντασία
480 919 536 985 καὶ
558 932 629 997 τοῖς
656 922 832 1004 αἰσθητοῖς
858 922 1119 1007 προηγουμένως

104 1024 234 1111 μάλλόν
263 1029 349 1092 είσιν
377 1027 412 1091 ολ
437 1028 505 1091 τῶν
532 1025 790 1111 περατουμένων
819 1025 929 1110 λόγοι,
962 1025 1119 1111 ἑπόμενοι

105 1130 142 1198 δέ
175 1132 210 1197 οί
239 1134 307 1198 τῶν
340 1129 585 1218 περατούντων.
630 1133 687 1198 ἵνα
719 1128 782 1216 γάρ
810 1130 848 1198 τὸ
878 1135 973 1216 σῶμα
1001 1129 1046 1216 μῆ
1069 1137 1119 1209 είς

52 1254 86 1304 10
105 1233 257 1322 ἀπειρίαν
282 1237 411 1324 ἐκπέση,
435 1234 456 1322 ῆ
480 1240 538 1322 τῆς
557 1239 752 1321 ἐπιφανείας
768 1237 908 1322 γέγονεν
925 1233 1036 1319 φύσις,
1059 1234 1117 1300 καὶ

104 1345 162 1408 ἵνα
185 1339 229 1428 μῆ
253 1340 352 1427 αὕτη,
384 1339 487 1428 ῆτῆς
509 1346 677 1429 γραμμῆς,
709 1343 764 1409 καὶ
791 1341 829 1409 τὸ
858 1351 995 1427 σημείου
1019 1341 1117 1407 ἕνεκα

103 1450 163 1533 τῆς
185 1452 347 1535 γραμμῆς.
382 1449 604 1535 τρανέστερον
626 1445 691 1536 γάρ
714 1445 736 1534 ῆ
759 1446 824 1534 ὑλη
847 1443 927 1525 τοὺς
948 1454 1117 1513 συνθετω-

104 1553 220 1640 τέρους
242 1550 326 1640 ἥπερ
359 1551 439 1630 τούς
467 1549 714 1640 ἁπλουστέρους
739 1550 930 1633 ὑπεδέξατο.
966 1543 1118 1631 πῶςιοὺν

105 1660 142 1726 ἐν
165 1663 214 1751 νῷ
237 1660 293 1726 καί
312 1663 401 1747 ἀτυχῆ
419 1656 557 1726 πάντων
577 1657 686 1726 όντων
705 1655 840 1746 ἀμερῶν
859 1660 896 1726 ἐν
915 1655 978 1746 ύλη
997 1657 1037 1725 τὰ
1056 1658 1118 1744 μέν

52 1782 85 1832 16
104 1765 365 1853 προηγουμένως
388 1767 572 1853 ἐμερίσθη,
587 1763 628 1832 τὰ
653 1761 684 1831 δ’
710 1770 840 1851 ἔμεινεν
864 1761 985 1850 ἀμερῆς
1018 1760 1118 1849 ῆκαὶ

105 1873 142 1939 ἐν
164 1870 296 1951 τούτοις
317 1871 408 1952 τάξις
431 1873 534 1957 ἐστίν;
562 1869 603 1937 τὰ
627 1869 688 1957 μέν
711 1868 775 1958 γὰρ
799 1870 1026 1956 ἕνοειὸέστερα
1048 1874 1118 1937 τῶν

105 1982 206 2046 είὺοἵιν
235 1981 318 2062 ἐστι,
350 1979 390 2044 τά
420 1977 458 2045 δὲ
486 1976 733 2062 συνθετιότεροι,
765 1976 821 2044 καί
849 1973 890 2044 τά
917 1976 978 2063 μὲν
1001 1978 1118 2063 πέρατι

105 2083 279 2170 σύστοιχα,
306 2081 347 2150 τά
376 2081 413 2150 δὲ
442 2081 585 2172 ἀπειρία.
630 2080 747 2150 καὶτὸ
772 2095 910 2167 σημεῖον
934 2079 1052 2169 ἀμερὲς
1075 2077 1117 2150 όν

106 2192 174 2258 ἐκεί
204 2190 310 2273 πάντη
342 2187 424 2254 κατὰ
452 2186 489 2255 τὸ
517 2190 618 2270 πέρας
647 2184 852 2274 ὑφέστηκεν,
885 2193 952 2275 ἐχει
986 2186 1023 2256 δὲ
1054 2186 1117 2274 τῆν

51 2311 86 2362 20
105 2293 246 2380 ἀπειρον
270 2294 417 2380 δύναμιν
440 2300 605 2382 κρυφίως,
632 2294 712 2362 καθ’
738 2290 783 2379 ῆν
806 2294 976 2382 ἀπογεννᾷ
1000 2293 1119 2362 πάντοι.

107 2397 124 2469 ὁ
158 2399 195 2466 δὲ
225 2402 287 2466 τού
319 2397 470 2485 στόματος
506 2402 605 2485 λόγος
636 2404 695 2486 τῆς
724 2403 786 2467 τού
818 2397 961 2487 ἀπείρου
993 2400 1119 2486 μετέχει

106 2509 235 2592 μᾶλλον
259 2505 444 2591 δυνάμεως·
472 2506 605 2574 διὸκαὶ
629 2504 683 2593 ἐφ’
710 2503 849 2593 ἀπειρον
871 2506 1031 2591 τέμνωσι.
1077 2504 1118 2572 τά

107 2612 144 2680 δὲ
176 2613 296 2698 μεταξὺ
328 2611 458 2681 τούτων
490 2615 531 2680 τὰ
563 2613 626 2699 μὲν
656 2609 740 2697 πρὸς
771 2614 816 2702 τῷ
844 2612 975 2697 πέρατι,
1006 2608 1047 2676 τά
1080 2611 1119 2679 δὲ

105 2717 189 2807 πρὸς
219 2722 264 2810 τῷ
298 2713 422 2809 ἀπείρῳ
456 2721 533 2786 ἐστί.
591 2718 693 2804 πέρας
725 2709 788 2786 οὑν
819 2716 875 2784 καὶ
906 2715 945 2784 τὸ
978 2728 1118 2802 σημείου

51 2840 86 2891 26
105 2822 258 2911 ὑπάρχον
282 2826 319 2892 έν
341 2827 381 2913 τῆ
405 2826 536 2911 μεθέξει
558 2821 620 2909 τῆν
640 2827 768 2891 οίκείαν
787 2820 945 2910 φυλάττει
964 2824 1118 2908 δύναμιν,

106 2937 184 3019 ἐχον
215 2931 251 2998 δέ
278 2929 340 3018 τῆν
364 2928 519 3017 ἀπειρίαν
541 2935 692 3015 κρυφίως
714 2925 900 3016 ἀπειραχῶς
923 2931 1117 3015 ἐμφαίνεται

107 3041 143 3106 ἐν
169 3051 241 3116 τοῖς
267 3034 324 3104 ὑπ’
351 3034 456 3105 αὑτοῦ
483 3037 754 3123 περατουμένοις.
796 3035 853 3102 καὶ
881 3035 951 3103 ἐπεὶ
975 3033 1119 3120 δύναμις

105 3135 149 3228 ῆν
173 3146 242 3211 ἐκεῖ
262 3142 370 3210 πάντα
392 3149 560 3228 τίκτουσα,
585 3140 726 3228 ὑυνάμει
748 3140 804 3208 καὶ
826 3145 926 3209 τοῦτο
945 3144 1118 3228 προῆλθεν

106 3247 275 3334 φνλάττον
298 3247 359 3334 μὲν
381 3247 443 3334 τὴν
466 3246 623 3335 ἀμερίαν,
652 3247 810 3337 δεύτερον
839 3247 877 3316 δέ
899 3243 970 3314 κατ’
997 3247 1119 3315 οὐσίαν

54 3370 88 3418 30
107 3352 257 3440 ὑπάρχον
280 3359 348 3422 ταῖν
372 3356 559 3422 συνθέτων·
593 3360 720 3441 μάλλον
743 3353 808 3443 γάρ
832 3351 852 3442 ῆ
875 3351 939 3439 ὑλη
963 3353 1118 3440 μετέσχεν

180 3484 206 3532 2.
226 3476 398 3548 συνθέντων,
418 3479 476 3535 sed.
496 3495 582 3546 ουτως
602 3478 672 3534 item
690 3478 739 3535 lin.
759 3484 785 3535 ³.
826 3482 891 3532 ’13.
910 3472 998 3548 ῆπερ]
1011 3470 1029 3546 ῆ
1043 3479 1117 3547 περί.
