2362 3796
355 129 630 182 ELEMENTORUM
647 132 756 181 LIBER
773 130 845 184 XIV.
1060 126 1102 191 31

90 275 202 335 autem
233 270 348 337 circuli
379 273 529 356 aequales
568 274 746 355 aequaliter
778 295 798 337 a
830 277 941 337 centro
979 272 1104 337 distant

90 374 269 457 [Theodec.
292 377 417 461 sphaer.
441 377 470 462 I,
494 379 543 460 6]‚
570 384 677 443 rectae
706 400 725 442 a
748 382 859 442 centro
883 379 1038 462 sphaerae
1062 378 1102 443 ad

88 481 190 567 plana
210 483 406 549 circulorum
420 484 703 570 perpendiculares
723 484 838 549 ductae
857 485 1007 568 aequales
1027 488 1102 549 sunt

52 605 55 608 ⁴
89 592 125 653 et
145 589 181 653 in
202 592 314 654 centra
338 590 531 655 circulorum
555 590 681 656 cadent
713 612 812 674 quare
831 593 937 654 rectae
952 611 971 653 a
989 593 1101 654 centro

89 693 247 779 sphaerae
275 696 317 760 ad
344 700 456 761 centra
483 697 677 763 circulorum
701 695 1043 780 comprehendentium
1070 698 1103 759 et

88 799 293 886 triangulum
320 802 479 867 icosaedri
506 807 540 868 et
567 807 789 889 pentagonum
817 800 1008 866 dodeoaedri
1030 821 1103 883 per-

89 906 312 991 pendiculares
337 908 451 973 ductae
474 909 627 994 aequales
651 914 736 974 sunt.
774 911 884 994 itaque
907 905 1103 992 pyramides,

90 1033 172 1096 quae
185 1012 280 1077 bases
295 1013 418 1079 habent
431 1018 619 1101 pentagona
633 1015 834 1099 dodeoaedri,
852 1020 886 1079 et
905 1035 987 1098 quae
1007 1013 1102 1077 beses

89 1117 213 1184 habent
226 1119 408 1205 triangulos
423 1121 590 1203 ioosaedri,
606 1123 741 1186 eandem
755 1121 961 1186 altitudinem
969 1119 1101 1184 habent.

88 1224 273 1308 pyramides
301 1231 424 1310 autem,
457 1249 539 1311 quae
568 1228 703 1292 eandem
733 1228 937 1293 altitudinem
969 1227 1101 1307 habent,

90 1351 161 1395 eam
183 1332 268 1396 inter
291 1354 326 1397 se
349 1333 507 1398 rationem
534 1333 659 1398 habent
687 1357 784 1418 quam
811 1335 906 1399 bases
936 1332 1032 1415 [XII,
1055 1333 1100 1412 6].

88 1435 199 1520 itaque
229 1443 268 1502 ut
294 1442 516 1524 pentagonum
548 1440 589 1505 ad
620 1441 834 1526 triangulum,
865 1440 913 1505 ita
945 1439 1100 1523 pyramis,

89 1543 180 1607 cuius
207 1542 295 1608 basis
324 1547 374 1609 est
401 1548 637 1629 pentagonum,
670 1550 784 1611 uertex
813 1549 921 1610 autem
954 1547 1100 1608 centrum

90 1647 256 1733 sphaerae,
274 1649 316 1715 ad
330 1651 543 1735 pyramidem,
562 1673 643 1734 quae
658 1652 763 1717 basim
777 1651 877 1715 habet
890 1649 1101 1734 triangulum,

88 1753 246 1820 uerticem
274 1759 383 1820 autem
411 1761 559 1822 centrum
588 1757 754 1841 sphaerae.
804 1778 903 1840 quare
936 1756 1035 1819 etiam
1063 1757 1101 1817 ut

90 1859 257 1927 duodecim
271 1866 458 1948 pentagona
471 1863 512 1927 ad
526 1863 645 1947 uiginti
659 1863 851 1947 triangulos,
871 1863 917 1925 ita
931 1859 1100 1924 duodecim

88 1967 274 2051 pyramides
296 1967 393 2033 bases
417 1975 622 2052 pentagonus
644 1968 803 2033 habentes
830 1967 870 2031 ed
898 1965 1016 2050 uiginti
1042 1986 1100 2049 py-

88 2073 227 2138 ramides
247 2073 342 2136 bases
361 2074 544 2159 triangulas
563 2074 731 2140 habentes.
760 2079 793 2138 et
806 2072 975 2138 duodecim
989 2075 1099 2154 penta·

89 2199 177 2264 gone
210 2179 395 2262 superficies
427 2185 478 2244 est
510 2180 711 2263 dodeoaedri,
748 2181 869 2264 uiginti
902 2183 1010 2245 autem
1043 2178 1099 2242 tri·

88 2284 200 2369 anguli
236 2283 423 2367 superficies
459 2286 625 2351 ioosaedri,
684 2288 795 2370 itaque
838 2291 874 2350 ut
911 2285 1098 2369 superficies

87 2390 278 2455 dodeoaedri
315 2388 356 2452 ad
393 2392 594 2474 superficiem
630 2392 805 2474 ioosaedri,
846 2394 893 2457 ita
930 2391 1098 2456 duodecim

86 2495 273 2580 pyramides
291 2493 388 2559 bases
406 2498 609 2580 pentagonas
626 2497 783 2563 habentes
803 2498 844 2562 ad
863 2497 982 2582 uiginti
1001 2517 1098 2580 pyra·

88 2601 189 2666 mides
212 2602 308 2668 bases
332 2601 514 2687 triangulas
537 2603 703 2669 hahentes.
749 2609 782 2668 et
809 2602 977 2667 duodecim
1005 2623 1098 2686 pyra·

89 2706 192 2772 mides
214 2708 309 2773 bases
333 2711 536 2793 pentagonas
563 2709 720 2775 habentes
749 2709 901 2773 uolumen
928 2709 978 2769 est
1006 2704 1098 2768 dode·

92 2858 202 2915 PBVv.
255 2870 280 2918 9.
300 2863 346 2991 αξ)
361 2865 461 2935 (prius)
476 2881 530 2918 om.
545 2862 581 2918 M.
638 2869 679 2916 12.
695 2857 769 2916 ἐστιν
784 2862 813 2915 Ρ.
868 2853 1097 2944 τό]τδτοῦδω-

92 2929 247 2999 δεκαέδρου
261 2933 310 2987 PB
346 2955 371 2992 v.
429 2941 471 2990 13.
489 2931 542 3002 τήν
558 2934 629 3002 (alt.)
644 2963 679 2973 -
695 2938 737 2986 14.
755 2930 787 2985 τό
793 2932 803 3003 ]
823 2923 857 3000 ἧς
871 2932 951 3014 βασις
965 2926 1017 2996 μέν
1032 2930 1096 2999 (om.

90 2998 154 3067 ΡΒ)
169 2996 227 3056 ἔστι
241 3000 271 3057 τὸ
287 3007 335 3059 τοῦ
351 3005 535 3074 εἰκοσαέδρου
550 3003 662 3058 PBVv.
718 3007 880 3069 14.υορυφη
890 2998 1003 3054 PBVv.
1055 3004 1096 3055 15.

87 3075 220 3152 δώδεκα]
239 3075 266 3136 ι’
282 3081 308 3137 V
325 3087 353 3140 et
370 3086 409 3139 sic
429 3085 549 3154 saepius.
613 3088 654 3137 16,
674 3081 777 3152 εἴκοσι]
796 3080 862 3147 e'eV,
881 3081 911 3134 et
925 3078 965 3134 sio
978 3078 1097 3148 saepius.

127 3157 169 3206 18.
188 3150 241 3223 μέν
277 3154 457 3212 om.PBVv.
519 3161 561 3209 19.
582 3149 737 3221 incoelesti
753 3150 828 3208 ἐστιν
842 3149 953 3207 PBVv.
1009 3152 1097 3206 εἴκοσι

87 3255 121 3265 -
136 3230 178 3280 20.
194 3221 362 3299 derepsissent]
383 3244 436 3281 om.
452 3226 482 3281 P.
539 3231 580 3279 20.
603 3218 768 3295 ἐπιφάνεια]
788 3240 857 3279 corr.
868 3240 901 3278 ex
917 3217 1057 3290 έπιφοῖυια
1071 3242 1096 3278 v.

84 3294 193 3351 Deinde
209 3297 273 3352 add.
293 3295 369 3353 ἐστιν
388 3296 472 3352 BVv.
527 3302 569 3351 21.
591 3292 774 3363 εἰκοσαέδρου
795 3292 967 3362 ἐπιφάνειαν
986 3292 1097 3357 PBVv.

84 3380 127 3430 22.
145 3366 193 3448 ᾧ]
207 3374 322 3432 δώδεκα
338 3375 420 3430 PBv.
477 3373 572 3449 βάσεις
587 3373 701 3445 έχουσαι
714 3372 825 3431 PBVv.
880 3379 922 3428 23.
938 3370 1052 3443 ἔχουσαι
1066 3371 1096 3427 Ρ.

121 3469 164 3520 24.
181 3456 228 3539 ld]
250 3465 366 3520 δώδεκα
383 3461 463 3518 PBv.
519 3468 561 3518 25.
583 3461 781 3535 δωδεκαέδρου
796 3493 829 3504 -
844 3468 886 3521 26.
906 3461 973 3532 τοῦ]
994 3478 1046 3516 om.
1058 3459 1096 3515 hl
