2362 3796
127 165 191 229 118
278 167 433 218 εοεεοειε
452 168 491 218 m
509 165 785 218 ELEMENTORUM
803 166 941 218 οῐοοον
955 144 996 220 1.¹

507 326 564 390 Ad
588 348 692 410 prop.
716 325 757 390 ΙΙ.

192 452 243 516 24.
280 450 356 515 Τῶν
378 446 624 535 προβλημάτων
647 446 687 514 τὰ
710 446 772 534 μὲν
800 444 934 516 ἀπτωτά
962 449 1072 534 ἐστιν,
1102 451 1147 517 τὰ

126 554 162 622 δέ
180 553 388 622 πολύπτωτα.
418 560 508 621 ἔστιν
528 545 591 621 οὐν
610 550 648 620 τὸ
668 552 702 638 β’
717 551 894 640 πρόβλημα
911 551 1146 623 πολύπτωτον.

126 663 260 730 δέδοται
284 663 320 728 έν
340 660 428 751 αὐτῷ
447 656 485 727 ιδ
505 657 566 745 μέν
586 672 725 744 σημεῖον
743 669 783 746 τῇ
803 659 908 745 θέσει,
931 659 986 726 καὶ
1007 662 1144 728 δίδοται

90 763 145 854 σή
176 765 309 851 εὐθεῖα,
344 773 483 851 ζητεῖται
512 765 549 833 δὲ
576 763 678 852 ταύτη
707 768 747 853 τή
771 762 888 854 εὐθείῳ
912 773 989 851 ίσην
1012 767 1144 835 θέσθαι

124 873 208 961 πρὸς
239 877 283 964 τῳ
317 878 457 962 σημείῳ,
491 869 577 939 ὅπου
609 867 683 939 ποτ’
714 868 757 938 ἀν
789 863 810 960 ή
842 875 942 940 τοῦτο
974 877 1142 958 κείμενον.

124 979 297 1068 πρόδηλον
321 981 373 1062 δέ,
402 976 452 1045 ὅτι
475 979 607 1056 πάντως
631 979 667 1045 ἐν
691 980 736 1067 τῷ
760 974 967 1067 ὑποκειμένῳ
994 979 1141 1070 ἐπιπέδῳ

124 1083 161 1152 τὸ
181 1082 320 1170 σημεῖόν
340 1087 441 1168 ἐστιν,
466 1085 502 1151 ἐν
522 1074 548 1174 ᾦ
567 1083 620 1150 καὶ
645 1080 665 1169 ή
690 1082 819 1168 εὐθεῖα,
842 1084 897 1150 καὶ
922 1081 983 1150 οὐκ
1007 1086 1045 1152 έν
1068 1111 1140 1171 μετ-

124 1192 307 1280 εωροτέρῳ·
343 1193 445 1257 πᾶσιν
473 1187 537 1276 γὰρ
566 1201 637 1268 τοῖς
663 1193 723 1275 τῆς
745 1190 904 1257 ἐπιπέδου
927 1189 1138 1278 προβλήμασι

73 1316 105 1364 10
123 1295 177 1362 καὶ
201 1294 419 1381 θεωρήμασιν
439 1300 486 1373 εἰς
505 1297 662 1362 ἐπίπεδον
680 1293 882 1363 ὑποκεῖσθαι
901 1294 964 1383 χρή
982 1300 1132 1382 νομιζειν.

125 1405 155 1467 εί
178 1402 218 1468 δέ
238 1427 287 1479 τις
310 1397 463 1487 ἀποροίη,
487 1405 557 1480 πῶς
579 1405 619 1488 τή
643 1406 784 1490 δοθείση
804 1399 921 1491 εὐθείᾳ
940 1409 1020 1488 ίσην
1038 1424 1135 1486 παρα-

124 1505 304 1574 κελεύεται·
331 1512 367 1574 τί
385 1506 465 1593 γάρ,
490 1511 520 1573 εί
542 1505 679 1595 ἀπειρος
703 1509 852 1590 δέδοται;
881 1506 919 1575 τδ
942 1506 1008 1596 γὰρ
1033 1507 1138 1576 δοθέν

123 1618 222 1681 τοῦτο
250 1613 305 1680 καὶ
334 1615 386 1681 ἐπὶ
415 1613 477 1700 τήν
507 1615 760 1700 πεπερασμένην
788 1617 882 1700 φέρει
912 1616 967 1682 καὶ
994 1614 1049 1683 ἐπὶ
1076 1611 1138 1701 τήν

124 1717 277 1806 ἀπειρον·
320 1728 474 1807 σημαίνει
501 1719 566 1807 γὰρ
594 1719 631 1788 τὸ
661 1722 852 1807 ἐκκείμενον
879 1724 947 1787 πᾶν
974 1721 1030 1787 καὶ
1057 1717 1140 1788 ὐπο-

72 1844 104 1892 15
123 1829 331 1914 βεβλημένον
354 1826 434 1915 ήμῖν
459 1831 506 1906 είς
528 1825 589 1912 τήν
609 1824 752 1912 ζήτησιν.
791 1831 892 1912 δηλοῖ
908 1826 945 1893 δὲ
962 1826 1019 1893 καὶ
1037 1824 1139 1905 αὐτὸς

124 1928 179 1999 ὁτὲ
198 1932 259 2018 μὲν
278 1935 385 2020 λέγων
406 1936 459 2001 ἐπὶ
477 1938 536 2020 τής
556 1938 715 2019 δοθείσης
736 1930 871 2012 εὐθείας
888 1933 1137 2019 πεπερασμένης

124 2039 355 2123 συστήσασθαι
388 2044 556 2124 τρίγωνον
590 2038 808 2126 ἰσόπλευρον,
844 2036 899 2106 δτέ
929 2038 967 2106 δὲ
993 2037 1043 2107 ἐπὶ
1069 2034 1134 2121 τήν

124 2146 287 2209 δοθεῖσαν
316 2142 453 2209 εὐθεῖαν
486 2142 625 2227 ἀπειρον
657 2144 804 2213 κάθετον
837 2143 988 2231 ἀγαγεῖν·
1029 2151 1062 2210 εί
1085 2170 1138 2222 τις

125 2239 186 2314 οὖν
215 2253 351 2314 τοιαῦτα
380 2246 540 2334 ἀποροίη,
568 2252 717 2335 λεκτέον,
745 2249 798 2318 ὅτι
826 2261 904 2336 ίσην
931 2254 971 2338 τή
995 2254 1136 2339 δοθείση

71 2372 105 2420 20
124 2351 207 2437 πρὸς
230 2357 274 2443 τῷ
300 2356 437 2421 δοθέντι
462 2359 586 2443 σημείῳ
610 2356 744 2424 θέσθαι.
788 2357 920 2436 πάντας
947 2355 1012 2444 μάρ
1041 2354 1136 2443 ὅτιή

123 2456 207 2540 πρὸς
229 2463 274 2550 τῳ
299 2465 423 2552 σημείῳ
448 2463 656 2547 τεθησομένη
680 2464 880 2550 κεκέρασται
903 2461 974 2529 κατ’
997 2460 1080 2531 αὐτὸ
1099 2461 1136 2531 τὸ

124 2579 270 2649 σημεῖον.
317 2565 401 2633 ἀίστε
424 2570 534 2658 πολλῷ
559 2567 722 2655 πρότερον
747 2570 856 2653 ἐκείνη
880 2565 1137 2654 πεπέρασται,ή

123 2673 213 2739 ἐστιν
242 2679 297 2758 ίση
325 2676 364 2760 τή
393 2677 566 2762 τιθεμένη·
608 2673 675 2759 ἀμα
703 2700 737 2742 τε
768 2667 831 2742 οὖν
859 2671 952 2742 εἶπεν
980 2673 1063 2761 πρὸς
1091 2678 1136 2764 τῷ

123 2780 261 2847 δοθέντι
290 2786 412 2872 σημείῳ
443 2781 498 2846 καὶ
529 2778 719 2867 ἀμφοτέρας
746 2794 886 2867 περατοῖ
912 2778 971 2860 τάς
1000 2778 1137 2860 εὐθείας

69 2907 104 2957 25
121 2885 176 2951 καὶ
200 2885 261 2971 τήν
281 2888 455 2972 δοθεῖσαν,
479 2886 533 2952 καὶ
558 2881 601 2970 ήν
620 2888 728 2973 ἐκείνη
748 2890 884 2972 τίθησιν
905 2894 990 2972 ἴσην.
1028 2884 1079 2954 ὅτι
1100 2885 1137 2954 δέ

123 2994 160 3057 αί
189 2992 329 3070 πτώσεις
360 2992 483 3060 τούτου
514 2996 575 3059 τοῦ
606 2990 839 3079 προβλήματος
868 2999 1020 3078 γίνονται
1046 2990 1137 3080 παρὰ

121 3128 334 3138 ——-—-——·—

194 3190 237 3237 24.
256 3185 285 3238 P.

122 3303 318 3310 —--------

196 3365 237 3414 10.
259 3359 310 3431 είς]
331 3359 362 3415 ἓν
381 3362 496 3417 Proclus
514 3381 540 3430 p.
561 3367 622 3428 223,
643 3366 683 3415 15.
759 3369 800 3417 12.
821 3359 951 3434 εί]ήΡ.
1026 3369 1069 3418 13.
1088 3385 1138 3420 πε-

122 3429 301 3497 περασμένον
319 3430 350 3489 Ρ.
435 3438 477 3487 20.
503 3433 557 3487 cfr.
576 3432 693 3488 Proclus
712 3451 739 3502 p.
759 3440 820 3501 223,
840 3440 874 3489 26
894 3451 934 3503 sq.
1021 3441 1065 3490 23.
1083 3439 1137 3490 θε-

121 3500 193 3573 μένη
212 3500 243 3555 Ρ.
317 3506 359 3558 25.
379 3495 435 3573 ὅτι]
456 3497 502 3558 ὅτε
522 3505 551 3559 Ρ.
