2362 3796
74 144 118 209 60
444 144 645 198 ΣΤΟΙΧΕΙΩΝ
664 141 712 198 ιε’.

74 290 208 371 μείζονα
230 289 387 371 γίνεσθαι
411 285 569 372 ἑκατέραν
592 289 660 353 τῶν
681 291 753 373 ΒΖ,
773 291 838 351 ΖΔ
859 289 918 371 τῆς
936 283 1089 372 ἡμισείας

73 401 132 477 τῆς
154 398 231 457 ΒΔ.
276 393 331 457 καί
354 396 457 458 ταῦτα
480 391 542 478 μὲν
566 391 619 459 έπί
641 395 703 459 τού
727 388 920 479 ὀκταέδρου.

138 495 210 563 Ἐπί
243 495 280 564 δέ
311 508 373 564 τοῦ
405 499 623 585 εἰκοσαέδρου
655 497 832 584 νενοήσθω
869 498 1088 584 πεντάγωνον

75 602 276 688 ἰσόπλευρόν
307 629 343 670 τε
374 604 430 671 καί
463 602 645 690 ἰσογώνιον
676 601 714 672 τὸ
746 610 932 690 ΑΒΓΔΕ,
964 605 1017 672 έπί
1051 606 1088 674 δὲ

39 708 196 783 ετούτου
223 710 368 797 πυραμίς
394 710 550 797 κορυφὴν
578 714 700 795 ἔχουσα
727 710 764 777 τὸ
793 718 820 776 Ζ
854 707 898 790 ὡς
924 710 964 778 τά
998 736 1089 797 περι-

74 816 192 902 έχοντα
225 812 331 902 αύτην
367 821 514 904 τρίγωνα
551 815 732 902 ἰσόπλευρα
769 813 864 884 εἰναι.
920 822 1012 885 έσται
1045 817 1088 903 δη

74 920 94 1008 ἡ
127 929 309 990 ΑΒΓΔΕ
342 923 487 1008 πυραμίς
524 924 623 1008 μέρος
659 924 876 1007 εἰκοσαέδρου
912 922 1088 1010 σχήματος.

51 1027 248 1114 -τετμήσθω
285 1033 344 1114 μία
380 1026 507 1114 πλευρδι
545 1025 619 1107 ἑνὸς
654 1027 824 1115 τριγώνου
858 1025 879 1114 ἡ
916 1035 982 1095 ΖΓ
1011 1032 1088 1116 δίχα

74 1130 156 1199 κατὰ
180 1131 217 1200 τδ
243 1140 291 1218 Η,
323 1133 379 1199 καί
407 1132 660 1220 ἐπεζεύχθωσαν
688 1136 726 1201 αἰ
746 1141 830 1218 ΒΗ,
853 1141 927 1200 ΗΔ
955 1142 1025 1203 ἰσαι
1052 1162 1087 1203 τε

22 1266 55 1314 10
75 1229 174 1305 οὖσαι
196 1237 251 1304 καί
273 1237 411 1305 κάθετοι
434 1238 611 1325 γινόμεναι
635 1238 687 1306 έπί
710 1237 771 1326 τὴν
796 1245 864 1307 ΓΖ.
908 1240 1010 1326 λέγω,
1035 1239 1086 1308 ὅτι

73 1341 94 1429 ἡ
113 1341 178 1410 ὑπὸ
193 1350 267 1411 ΒΗ
269 1352 301 1411 Δ
323 1349 430 1430 γωνία
454 1342 595 1430 ἀμβλεῖα
619 1347 718 1413 ἐστιν.
754 1352 813 1412 καί
829 1347 918 1413 ἐστιν
939 1344 1086 1415 αὐτόθεν

74 1444 232 1534 φανερόν.
270 1452 498 1536 ἐπιζευχθεῖσα
520 1448 585 1537 γάρ
608 1448 717 1535 ἡΒΔ
740 1449 902 1538 ἀμβλεῖαν
925 1451 985 1539 μὲν
1003 1449 1085 1518 ύπο-

73 1561 172 1623 τείνει
196 1553 258 1642 τὴν
276 1554 341 1624 ὑπὸ
361 1561 458 1624 ΒΓΔ
480 1567 543 1624 τοῦ
561 1557 778 1643 πενταγώνου
796 1563 933 1644 γωνίαν.
964 1555 1086 1642 ταύτης

73 1661 110 1729 δί
133 1668 252 1749 μείζων
275 1660 296 1749 ἡ
320 1660 386 1730 ὑπὸ
409 1669 529 1730 ΒΗΔ·
567 1662 740 1742 έλάττονες
760 1663 825 1750 γὰρ
850 1666 887 1729 αί
907 1669 986 1748 ΒΗ,
1011 1669 1086 1730 ΗΔ

22 1795 54 1845 15
73 1772 141 1837 των
163 1775 236 1854 ΒΓ,
255 1775 325 1838 ΓΔ.
367 1767 492 1857 ὁμοίως
515 1767 557 1855 δὴ
581 1782 652 1848 τοῖς
673 1767 738 1856 πρὸ
761 1769 884 1837 τούτου
907 1767 959 1837 ὅτι
979 1766 1000 1856 ἡ
1019 1766 1086 1838 ὑπὸ

74 1882 180 1942 ΒΗΔ
202 1880 308 1962 γωνία
331 1872 352 1961 ἡ
376 1873 536 1942 λείπουσά
560 1877 650 1943 ἐστιν
673 1875 798 1954 εἰςτὰς
817 1875 879 1943 δύο
899 1873 1008 1959 ὀρθὰς
1027 1880 1087 1961 τῆς

72 1988 210 2061 κλίσεως
227 1987 295 2049 τών
313 1986 419 2067 ΒΖΓ,
440 1988 538 2049 ΓΖΔ
560 1979 745 2069 τριγώνων.
781 1980 904 2068 ταύτης
927 1985 1087 2063 δοθείσης

74 2089 236 2174 δεδομένη
270 2093 361 2155 ἔσται
392 2088 447 2153 καί
480 2085 501 2173 ἡ
534 2092 641 2166 κλίσις
672 2090 740 2155 τών
771 2091 833 2154 τού
868 2086 1085 2173 εἰκοσαέδρου

73 2194 246 2260 ἐπιπέδων.
295 2190 361 2260 ἀπὸ
389 2193 454 2278 γὰρ
483 2197 541 2279 τῆς
568 2197 712 2281 πλευρᾶς
739 2197 801 2260 τοῦ
827 2191 996 2281 τριγώνου
1022 2197 1085 2261 τοῦ

20 2325 54 2373 20
73 2299 290 2384 εἰκοσαέδρου
315 2296 567 2386 ἀναγραφέντος
594 2298 811 2385 πενταγώνου
839 2301 1087 2385 ἐπιζευχθείσης

73 2407 131 2489 της
158 2400 224 2470 ύπδ
254 2403 315 2470 δύο
344 2403 490 2493 πλευρὰς
515 2403 757 2489 ὑποτεινούσης
783 2407 845 2469 τοῦ
867 2403 1087 2488 πενταγώνου

74 2507 118 2589 ώς
142 2508 194 2576 ἐπὶ
212 2514 270 2596 της
287 2515 501 2598 καταγραφῆς
518 2516 577 2598 τῆς
595 2519 663 2579 ΒΔ
687 2510 880 2595 δεδομένης,
904 2505 1028 2594 ὁμοίως
1048 2511 1086 2578 δὲ

72 2617 128 2683 καί
150 2618 219 2683 τών
242 2623 326 2702 ΒΗ,
350 2624 423 2684 ΗΔ
450 2618 604 2685 καθέτων
632 2621 700 2684 τῶν
726 2613 916 2703 τριγώνων,
949 2617 1087 2684 δέδοται

71 2723 127 2790 καί
154 2720 175 2808 ἡ
202 2720 268 2791 ὑπὸ
292 2730 408 2790 ΒΗΔ.
459 2728 490 2791 εί
515 2721 579 2810 γάρ
606 2724 756 2807 κέντροις
782 2735 853 2801 τοῖς
878 2722 998 2806 πέρασι
1028 2727 1087 2810 τῆς

19 2854 53 2903 25
72 2826 136 2896 ὑπὸ
167 2828 229 2896 δύο
257 2831 402 2917 πλευρὰς
429 2826 670 2915 ὑποτεινούσης
701 2832 763 2896 τού
795 2827 1012 2913 πενταγώνου
1041 2826 1086 2909 ὦς

145 3064 169 3114 1.
193 3060 264 3131 τῶν]
285 3055 337 3127 τήν
356 3058 439 3114 PBv.
521 3065 546 3114 3.
570 3060 726 3113 νενοείσθω
746 3076 782 3112 m.
860 3062 885 3111 4.
910 3077 940 3114 τε
960 3057 1009 3112 καὶ
1028 3055 1082 3109 ἰσο-

71 3125 187 3201 γώνιον]
208 3148 263 3185 om.
283 3130 349 3185 Vm.
419 3133 525 3183 ΑΒΓΔ
544 3129 575 3183 P.
649 3135 674 3183 8.
693 3124 728 3196 δὴ
748 3129 799 3198 μία
817 3127 901 3183 PBv.
976 3132 1018 3180 10.
1037 3143 1084 3193 γε-

72 3197 193 3269 νόμεναι
211 3202 240 3255 Ρ.
334 3202 400 3271 ΓΖ]
425 3202 484 3258 ΚΞ
501 3201 531 3255 Ρ.
624 3206 665 3255 11.
686 3195 777 3270 ἔστιν]
797 3198 896 3269 (prius)
916 3194 974 3254 έοτι
993 3196 1082 3250 va.

108 3266 214 3325 αῖιῖοι
231 3271 275 3326 V?
331 3277 372 3326 12.
392 3267 513 3344 σμμιεεα
531 3269 589 3324 ΡΒ.
645 3276 687 3324 13.
706 3271 866 3325 ΒΔΗΡΒ.
923 3273 963 3322 14.
980 3266 1080 3337 ΒΗΛ]

73 3344 103 3395 Η
120 3357 136 3394 ε
155 3357 224 3397 corr.
247 3342 277 3409 V,
297 3346 376 3395 ΒΓΔ
394 3360 421 3410 v,
440 3345 531 3395 ΒΔΗ
546 3341 604 3395 PB.
678 3335 824 3405 ἐλάττονες
843 3371 876 3380 -
893 3340 962 3408 ΗΔ]
981 3338 1010 3392 in
1028 3354 1083 3391 ras.

70 3428 109 3465 m.
130 3417 144 3465 1
165 3431 190 3467 v.
264 3417 306 3467 15.
332 3412 400 3483 ΒΓ]
425 3418 447 3467 Β
470 3412 500 3466 in
518 3429 572 3467 ras.
593 3410 625 3466 V.
709 3407 828 3484 τούτου]
852 3411 903 3466 τοῦ
922 3410 957 3477 Ρ,
980 3404 1083 3463 τούτου

72 3482 202 3553 δείξομεν
225 3500 262 3539 m.
341 3490 381 3538 16.
406 3479 513 3554 ὀρθάς]
540 3497 594 3539 om.
617 3482 681 3538 Vm.
766 3487 808 3537 1⁵1.
832 3484 925 3551 ΒΖΓ,
944 3481 1044 3552 ΓΖΔ]
1069 3497 1084 3536 θ
