<?xml version="1.0" encoding="UTF-8"?>
<!DOCTYPE html PUBLIC "-//W3C//DTD XHTML 1.0 Transitional//EN"
    "http://www.w3.org/TR/xhtml1/DTD/xhtml1-transitional.dtd">
<html xmlns="http://www.w3.org/1999/xhtml" xml:lang="en" lang="en">
 <head>
  <title>
</title>
<meta http-equiv="Content-Type" content="text/html;charset=utf-8" />
  <meta name='ocr-system' content='tesseract 3.04.00' />
  <meta name='ocr-capabilities' content='ocr_page ocr_carea ocr_par ocr_line ocrx_word'/>
</head>
<body>
  <div class='ocr_page' id='page_1' title='image "./euclidisoperaom02unkngoog_0057.png"; bbox 0 0 2362 3796; ppageno 0'>
   <div class='ocr_carea' id='block_1_1' title="bbox 73 176 804 232">
    <p class='ocr_par' dir='ltr' id='par_1_1' title="bbox 73 176 804 232">
     <span class='ocr_line' id='line_1_1' title="bbox 73 176 804 232; baseline -0.005 -2"><span class='ocrx_word' id='word_1_1' title='bbox 73 177 135 232; x_wconf 81' lang='lat' dir='ltr'>LIV</span> <span class='ocrx_word' id='word_1_2' title='bbox 359 176 632 228; x_wconf 83' lang='lat' dir='ltr'><strong>PROLEGOMENA</strong></span> <span class='ocrx_word' id='word_1_3' title='bbox 652 176 804 227; x_wconf 80' lang='lat' dir='ltr'>GRITICA.</span> 
     </span>
    </p>
   </div>
   <div class='ocr_carea' id='block_1_2' title="bbox 44 309 1095 3586">
    <p class='ocr_par' dir='ltr' id='par_1_2' title="bbox 77 309 1092 466">
     <span class='ocr_line' id='line_1_2' title="bbox 77 309 1092 387; baseline -0.003 -15"><span class='ocrx_word' id='word_1_4' title='bbox 77 320 107 372; x_wconf 89' lang='lat' dir='ltr'><strong>et</strong></span> <span class='ocrx_word' id='word_1_5' title='bbox 125 319 178 371; x_wconf 80' lang='grc' dir='ltr'><strong>καί</strong></span> <span class='ocrx_word' id='word_1_6' title='bbox 193 316 242 372; x_wconf 91' lang='lat' dir='ltr'><strong>lin.</strong></span> <span class='ocrx_word' id='word_1_7' title='bbox 259 322 291 371; x_wconf 84' lang='lat'><strong>12</strong></span> <span class='ocrx_word' id='word_1_8' title='bbox 312 319 389 386; x_wconf 87' lang='lat' dir='ltr'><strong>(nam</strong></span> <span class='ocrx_word' id='word_1_9' title='bbox 408 316 547 387; x_wconf 89' lang='lat' dir='ltr'><strong>scriptura</strong></span> <span class='ocrx_word' id='word_1_10' title='bbox 564 316 639 371; x_wconf 84' lang='lat' dir='ltr'><strong>falsa</strong></span> <span class='ocrx_word' id='word_1_11' title='bbox 657 315 706 370; x_wconf 90' lang='lat' dir='ltr'><strong>lin.</strong></span> <span class='ocrx_word' id='word_1_12' title='bbox 724 323 755 370; x_wconf 92' lang='grc'><strong>12</strong></span> <span class='ocrx_word' id='word_1_13' title='bbox 776 310 845 369; x_wconf 74' lang='grc' dir='ltr'><strong><em>αὐτὸ</em></strong></span> <span class='ocrx_word' id='word_1_14' title='bbox 861 314 893 370; x_wconf 82' lang='grc' dir='ltr'><strong>τό</strong></span> <span class='ocrx_word' id='word_1_15' title='bbox 913 309 1092 371; x_wconf 79' lang='grc' dir='ltr'><strong>οο1τὸαῦτό</strong></span> 
     </span>
     <span class='ocr_line' id='line_1_3' title="bbox 79 394 985 466; baseline -0.001 -16"><span class='ocrx_word' id='word_1_16' title='bbox 79 413 154 450; x_wconf 91' lang='lat' dir='ltr'><strong>nunc</strong></span> <span class='ocrx_word' id='word_1_17' title='bbox 173 394 305 463; x_wconf 85' lang='lat' dir='ltr'><strong>librariis,</strong></span> <span class='ocrx_word' id='word_1_18' title='bbox 324 412 380 450; x_wconf 91' lang='lat' dir='ltr'><strong>non</strong></span> <span class='ocrx_word' id='word_1_19' title='bbox 400 395 507 450; x_wconf 87' lang='lat' dir='ltr'><strong>Theoni</strong></span> <span class='ocrx_word' id='word_1_20' title='bbox 525 396 646 466; x_wconf 90' lang='lat' dir='ltr'><strong>imputo;</strong></span> <span class='ocrx_word' id='word_1_21' title='bbox 666 397 714 449; x_wconf 90' lang='lat' dir='ltr'><strong>cfr.</strong></span> <span class='ocrx_word' id='word_1_22' title='bbox 733 395 772 450; x_wconf 94' lang='lat' dir='ltr'>IV</span> <span class='ocrx_word' id='word_1_23' title='bbox 790 414 818 465; x_wconf 87' lang='lat' dir='ltr'><strong>p.</strong></span> <span class='ocrx_word' id='word_1_24' title='bbox 838 400 889 449; x_wconf 98' lang='grc'><strong>177</strong></span> <span class='ocrx_word' id='word_1_25' title='bbox 908 398 985 463; x_wconf 80' lang='lat' dir='ltr'><strong>not).</strong></span> 
     </span>
    </p>

    <p class='ocr_par' dir='ltr' id='par_1_3' title="bbox 76 474 1095 942">
     <span class='ocr_line' id='line_1_4' title="bbox 151 474 1094 547; baseline -0.003 -16"><span class='ocrx_word' id='word_1_26' title='bbox 151 477 213 546; x_wconf 89' lang='lat' dir='ltr'>XII,</span> <span class='ocrx_word' id='word_1_27' title='bbox 233 484 266 531; x_wconf 94' lang='grc'><strong>17</strong></span> <span class='ocrx_word' id='word_1_28' title='bbox 286 495 349 531; x_wconf 91' lang='lat' dir='ltr'><strong>cum</strong></span> <span class='ocrx_word' id='word_1_29' title='bbox 367 475 548 547; x_wconf 72' lang='lat' dir='ltr'>intellegeret</span> <span class='ocrx_word' id='word_1_30' title='bbox 566 476 677 545; x_wconf 77' lang='lat' dir='ltr'><strong>Theon,</strong></span> <span class='ocrx_word' id='word_1_31' title='bbox 696 474 958 546; x_wconf 79' lang='lat' dir='ltr'><strong>perpendicularem</strong></span> <span class='ocrx_word' id='word_1_32' title='bbox 977 491 995 528; x_wconf 93' lang='lat' dir='ltr'><strong>a</strong></span> <span class='ocrx_word' id='word_1_33' title='bbox 1012 479 1041 528; x_wconf 91' lang='lat' dir='ltr'><em>K</em></span> <span class='ocrx_word' id='word_1_34' title='bbox 1057 476 1094 529; x_wconf 89' lang='lat' dir='ltr'><strong>ad</strong></span> 
     </span>
     <span class='ocr_line' id='line_1_5' title="bbox 77 555 1093 627; baseline -0.003 -15"><span class='ocrx_word' id='word_1_35' title='bbox 77 561 132 612; x_wconf 88' lang='grc' dir='ltr'><strong>ΒΦ</strong></span> <span class='ocrx_word' id='word_1_36' title='bbox 144 557 175 612; x_wconf 89' lang='lat' dir='ltr'><strong>in</strong></span> <span class='ocrx_word' id='word_1_37' title='bbox 189 558 251 627; x_wconf 90' lang='lat' dir='ltr'><strong>ipso</strong></span> <span class='ocrx_word' id='word_1_38' title='bbox 267 560 290 610; x_wconf 90' lang='grc' dir='ltr'><strong><em>Φ</em></strong></span> <span class='ocrx_word' id='word_1_39' title='bbox 306 557 414 626; x_wconf 88' lang='lat' dir='ltr'><strong>cadere,</strong></span> <span class='ocrx_word' id='word_1_40' title='bbox 432 572 483 624; x_wconf 80' lang='lat' dir='ltr'><strong>per</strong></span> <span class='ocrx_word' id='word_1_41' title='bbox 500 557 640 624; x_wconf 87' lang='lat' dir='ltr'><strong>reliquam</strong></span> <span class='ocrx_word' id='word_1_42' title='bbox 653 555 921 610; x_wconf 76' lang='lat' dir='ltr'><strong>demonstrationem</strong></span> <span class='ocrx_word' id='word_1_43' title='bbox 935 571 952 608; x_wconf 91' lang='lat' dir='ltr'><strong>a</strong></span> <span class='ocrx_word' id='word_1_44' title='bbox 966 573 993 623; x_wconf 88' lang='lat' dir='ltr'><strong>p.</strong></span> <span class='ocrx_word' id='word_1_45' title='bbox 1005 559 1093 622; x_wconf 89' lang='grc'><strong>238,7</strong></span> 
     </span>
     <span class='ocr_line' id='line_1_6' title="bbox 76 633 1095 706; baseline -0.003 -16"><span class='ocrx_word' id='word_1_46' title='bbox 76 654 128 706; x_wconf 91' lang='lat' dir='ltr'><strong>pro</strong></span> <span class='ocrx_word' id='word_1_47' title='bbox 148 639 174 689; x_wconf 79' lang='lat' dir='ltr'><strong>a</strong></span> <span class='ocrx_word' id='word_1_48' title='bbox 193 635 306 706; x_wconf 78' lang='lat' dir='ltr'><strong>scripsit</strong></span> <span class='ocrx_word' id='word_1_49' title='bbox 326 639 357 705; x_wconf 88' lang='grc' dir='ltr'><strong>Φ,</strong></span> <span class='ocrx_word' id='word_1_50' title='bbox 377 636 426 689; x_wconf 92' lang='lat' dir='ltr'><strong>sed</strong></span> <span class='ocrx_word' id='word_1_51' title='bbox 445 652 501 690; x_wconf 93' lang='lat' dir='ltr'><strong>non</strong></span> <span class='ocrx_word' id='word_1_52' title='bbox 520 634 739 701; x_wconf 89' lang='lat' dir='ltr'><strong>demonstrauit,</strong></span> <span class='ocrx_word' id='word_1_53' title='bbox 758 637 814 688; x_wconf 85' lang='grc' dir='ltr'><strong>ΚΦ</strong></span> <span class='ocrx_word' id='word_1_54' title='bbox 832 633 1095 703; x_wconf 75' lang='lat' dir='ltr'><strong>perpendicularem</strong></span> 
     </span>
     <span class='ocr_line' id='line_1_7' title="bbox 77 712 1095 784; baseline -0.004 -13"><span class='ocrx_word' id='word_1_55' title='bbox 77 733 147 784; x_wconf 86' lang='lat' dir='ltr'><strong>csse,</strong></span> <span class='ocrx_word' id='word_1_56' title='bbox 166 717 312 784; x_wconf 81' lang='lat' dir='ltr'><strong>reccidit,</strong></span> <span class='ocrx_word' id='word_1_57' title='bbox 332 714 489 783; x_wconf 79' lang='lat' dir='ltr'><strong>Euclidem,</strong></span> <span class='ocrx_word' id='word_1_58' title='bbox 505 731 569 767; x_wconf 89' lang='lat' dir='ltr'><strong>cum</strong></span> <span class='ocrx_word' id='word_1_59' title='bbox 584 713 655 768; x_wconf 92' lang='lat' dir='ltr'><strong>nihil</strong></span> <span class='ocrx_word' id='word_1_60' title='bbox 669 716 706 768; x_wconf 89' lang='lat' dir='ltr'><strong>ad</strong></span> <span class='ocrx_word' id='word_1_61' title='bbox 720 714 989 769; x_wconf 82' lang='lat' dir='ltr'><strong>demonstrationem</strong></span> <span class='ocrx_word' id='word_1_62' title='bbox 1002 712 1095 783; x_wconf 89' lang='lat' dir='ltr'><strong>ipsam</strong></span> 
     </span>
     <span class='ocr_line' id='line_1_8' title="bbox 77 792 1093 864; baseline -0.001 -15"><span class='ocrx_word' id='word_1_63' title='bbox 77 796 201 864; x_wconf 86' lang='lat' dir='ltr'><strong>referret,</strong></span> <span class='ocrx_word' id='word_1_64' title='bbox 219 799 313 851; x_wconf 90' lang='lat' dir='ltr'><strong>utrum</strong></span> <span class='ocrx_word' id='word_1_65' title='bbox 332 800 360 849; x_wconf 87' lang='lat' dir='ltr'><em>K</em></span> <span class='ocrx_word' id='word_1_66' title='bbox 366 798 390 848; x_wconf 86' lang='grc' dir='ltr'><em>Φ</em></span> <span class='ocrx_word' id='word_1_67' title='bbox 409 812 445 848; x_wconf 90' lang='lat' dir='ltr'><strong>au</strong></span> <span class='ocrx_word' id='word_1_68' title='bbox 458 798 516 848; x_wconf 73' lang='grc' dir='ltr'><strong>ΚΩ</strong></span> <span class='ocrx_word' id='word_1_69' title='bbox 535 796 667 862; x_wconf 82' lang='lat' dir='ltr'><strong>sumeret,</strong></span> <span class='ocrx_word' id='word_1_70' title='bbox 685 795 837 862; x_wconf 86' lang='lat' dir='ltr'><strong>prudenter</strong></span> <span class='ocrx_word' id='word_1_71' title='bbox 855 793 971 862; x_wconf 86' lang='lat' dir='ltr'><strong>cauisse,</strong></span> <span class='ocrx_word' id='word_1_72' title='bbox 990 809 1026 847; x_wconf 92' lang='lat' dir='ltr'><strong>ne</strong></span> <span class='ocrx_word' id='word_1_73' title='bbox 1046 792 1093 848; x_wconf 91' lang='lat' dir='ltr'><strong>de-</strong></span> 
     </span>
     <span class='ocr_line' id='line_1_9' title="bbox 77 872 970 942; baseline 0 -14"><span class='ocrx_word' id='word_1_74' title='bbox 77 877 244 931; x_wconf 84' lang='lat' dir='ltr'><strong>monstratio</strong></span> <span class='ocrx_word' id='word_1_75' title='bbox 264 877 324 930; x_wconf 89' lang='lat' dir='ltr'><strong>sine</strong></span> <span class='ocrx_word' id='word_1_76' title='bbox 343 891 427 929; x_wconf 88' lang='lat' dir='ltr'><strong>causa</strong></span> <span class='ocrx_word' id='word_1_77' title='bbox 447 872 558 942; x_wconf 88' lang='lat' dir='ltr'><strong>longior</strong></span> <span class='ocrx_word' id='word_1_78' title='bbox 575 873 667 939; x_wconf 78' lang='lat' dir='ltr'><strong>fieret3</strong></span> <span class='ocrx_word' id='word_1_79' title='bbox 687 872 736 927; x_wconf 80' lang='lat' dir='ltr'><strong>cfr.</strong></span> <span class='ocrx_word' id='word_1_80' title='bbox 751 872 790 927; x_wconf 92' lang='lat' dir='ltr'>IV</span> <span class='ocrx_word' id='word_1_81' title='bbox 804 892 830 942; x_wconf 90' lang='lat' dir='ltr'><strong>p.</strong></span> <span class='ocrx_word' id='word_1_82' title='bbox 845 879 897 926; x_wconf 86' lang='grc'><strong>230</strong></span> <span class='ocrx_word' id='word_1_83' title='bbox 912 875 970 928; x_wconf 90' lang='lat' dir='ltr'><strong>not.</strong></span> 
     </span>
    </p>

    <p class='ocr_par' dir='ltr' id='par_1_4' title="bbox 77 951 1095 1089">
     <span class='ocr_line' id='line_1_10' title="bbox 145 951 1095 1022; baseline -0.003 -13"><span class='ocrx_word' id='word_1_84' title='bbox 145 956 256 1010; x_wconf 86' lang='lat' dir='ltr'><strong>Minora</strong></span> <span class='ocrx_word' id='word_1_85' title='bbox 279 971 331 1009; x_wconf 85' lang='lat' dir='ltr'><strong>neo</strong></span> <span class='ocrx_word' id='word_1_86' title='bbox 355 955 391 1007; x_wconf 90' lang='lat' dir='ltr'><strong>ad</strong></span> <span class='ocrx_word' id='word_1_87' title='bbox 414 970 488 1020; x_wconf 88' lang='lat' dir='ltr'><strong>rem,</strong></span> <span class='ocrx_word' id='word_1_88' title='bbox 515 953 565 1007; x_wconf 89' lang='lat' dir='ltr'><strong>sed</strong></span> <span class='ocrx_word' id='word_1_89' title='bbox 590 953 627 1005; x_wconf 92' lang='lat' dir='ltr'><strong>ad</strong></span> <span class='ocrx_word' id='word_1_90' title='bbox 648 952 736 1007; x_wconf 91' lang='lat' dir='ltr'><strong>uerba</strong></span> <span class='ocrx_word' id='word_1_91' title='bbox 758 951 819 1008; x_wconf 88' lang='lat' dir='ltr'><strong>sola</strong></span> <span class='ocrx_word' id='word_1_92' title='bbox 841 953 899 1007; x_wconf 86' lang='lat' dir='ltr'><strong>fere</strong></span> <span class='ocrx_word' id='word_1_93' title='bbox 922 953 1095 1022; x_wconf 84' lang='lat' dir='ltr'><strong>pertinentia</strong></span> 
     </span>
     <span class='ocr_line' id='line_1_11' title="bbox 77 1035 245 1089; baseline -0.006 -1"><span class='ocrx_word' id='word_1_94' title='bbox 77 1035 148 1089; x_wconf 89' lang='lat' dir='ltr'><strong>haec</strong></span> <span class='ocrx_word' id='word_1_95' title='bbox 167 1038 245 1089; x_wconf 81' lang='lat' dir='ltr'><strong>sunt:</strong></span> 
     </span>
    </p>

    <p class='ocr_par' dir='ltr' id='par_1_5' title="bbox 76 1107 1095 1343">
     <span class='ocr_line' id='line_1_12' title="bbox 146 1107 1094 1182; baseline 0.003 -17"><span class='ocrx_word' id='word_1_96' title='bbox 146 1113 199 1180; x_wconf 92' lang='lat' dir='ltr'>IV,</span> <span class='ocrx_word' id='word_1_97' title='bbox 220 1119 253 1167; x_wconf 85' lang='grc'><strong>16</strong></span> <span class='ocrx_word' id='word_1_98' title='bbox 272 1113 368 1168; x_wconf 87' lang='lat' dir='ltr'><strong>coroll.</strong></span> <span class='ocrx_word' id='word_1_99' title='bbox 406 1129 458 1182; x_wconf 89' lang='lat' dir='ltr'><strong>pro</strong></span> <span class='ocrx_word' id='word_1_100' title='bbox 486 1107 589 1181; x_wconf 85' lang='grc' dir='ltr'><strong><em>ὁμοίως</em></strong></span> <span class='ocrx_word' id='word_1_101' title='bbox 612 1111 644 1167; x_wconf 76' lang='grc' dir='ltr'><strong>δὲ</strong></span> <span class='ocrx_word' id='word_1_102' title='bbox 668 1118 728 1175; x_wconf 85' lang='grc' dir='ltr'><strong><em>τοῖς</em></strong></span> <span class='ocrx_word' id='word_1_103' title='bbox 756 1108 804 1167; x_wconf 72' lang='grc' dir='ltr'><strong>ἐπὶ</strong></span> <span class='ocrx_word' id='word_1_104' title='bbox 832 1113 881 1167; x_wconf 73' lang='lat' dir='ltr'><strong>aori</strong></span> <span class='ocrx_word' id='word_1_105' title='bbox 908 1109 1094 1182; x_wconf 73' lang='grc' dir='ltr'><strong><em>πενταγώνου</em></strong></span> 
     </span>
     <span class='ocr_line' id='line_1_13' title="bbox 76 1189 1095 1262; baseline 0 -16"><span class='ocrx_word' id='word_1_106' title='bbox 76 1210 104 1262; x_wconf 88' lang='lat' dir='ltr'><strong>p.</strong></span> <span class='ocrx_word' id='word_1_107' title='bbox 115 1197 204 1260; x_wconf 82' lang='lat' dir='ltr'><strong>31e,4</strong></span> <span class='ocrx_word' id='word_1_108' title='bbox 219 1192 334 1262; x_wconf 86' lang='lat' dir='ltr'><strong>scripsit</strong></span> <span class='ocrx_word' id='word_1_109' title='bbox 347 1193 405 1260; x_wconf 76' lang='lat' dir='ltr'><strong>acl,</strong></span> <span class='ocrx_word' id='word_1_110' title='bbox 426 1208 488 1246; x_wconf 90' lang='lat' dir='ltr'><strong>cum</strong></span> <span class='ocrx_word' id='word_1_111' title='bbox 502 1189 623 1262; x_wconf 86' lang='lat' dir='ltr'><strong>putaret,</strong></span> <span class='ocrx_word' id='word_1_112' title='bbox 644 1192 744 1246; x_wconf 89' lang='lat' dir='ltr'><strong>eadem</strong></span> <span class='ocrx_word' id='word_1_113' title='bbox 759 1191 815 1246; x_wconf 92' lang='lat' dir='ltr'><strong>dici</strong></span> <span class='ocrx_word' id='word_1_114' title='bbox 830 1191 879 1248; x_wconf 90' lang='lat' dir='ltr'><strong>lin.</strong></span> <span class='ocrx_word' id='word_1_115' title='bbox 892 1199 907 1247; x_wconf 97' lang='grc'><strong>7</strong></span> <span class='ocrx_word' id='word_1_116' title='bbox 927 1189 1095 1254; x_wconf 72' lang='grc' dir='ltr'><strong><em>ὁκολοὸλλως</em></strong></span> 
     </span>
     <span class='ocr_line' id='line_1_14' title="bbox 77 1265 1066 1343; baseline 0.002 -18"><span class='ocrx_word' id='word_1_117' title='bbox 77 1276 137 1332; x_wconf 81' lang='grc' dir='ltr'><strong><em>τοῖς</em></strong></span> <span class='ocrx_word' id='word_1_118' title='bbox 155 1265 203 1325; x_wconf 76' lang='grc' dir='ltr'><strong>ἐπὶ</strong></span> <span class='ocrx_word' id='word_1_119' title='bbox 221 1271 271 1325; x_wconf 74' lang='grc' dir='ltr'><strong>τοῦ</strong></span> <span class='ocrx_word' id='word_1_120' title='bbox 291 1267 490 1340; x_wconf 59' lang='lat' dir='ltr'><strong>corruptivam</strong></span> <span class='ocrx_word' id='word_1_121' title='bbox 508 1271 538 1324; x_wconf 90' lang='lat' dir='ltr'><strong>in</strong></span> <span class='ocrx_word' id='word_1_122' title='bbox 557 1287 611 1338; x_wconf 91' lang='lat' dir='ltr'><strong>quo</strong></span> <span class='ocrx_word' id='word_1_123' title='bbox 630 1270 748 1340; x_wconf 83' lang='lat' dir='ltr'><strong>fallitur,</strong></span> <span class='ocrx_word' id='word_1_124' title='bbox 767 1291 794 1327; x_wconf 92' lang='lat' dir='ltr'><strong>u.</strong></span> <span class='ocrx_word' id='word_1_125' title='bbox 813 1272 826 1324; x_wconf 94' lang='lat' dir='ltr'>I</span> <span class='ocrx_word' id='word_1_126' title='bbox 845 1291 873 1343; x_wconf 90' lang='lat' dir='ltr'><strong>p.</strong></span> <span class='ocrx_word' id='word_1_127' title='bbox 892 1279 944 1327; x_wconf 85' lang='grc'><strong>319</strong></span> <span class='ocrx_word' id='word_1_128' title='bbox 963 1275 1021 1327; x_wconf 83' lang='lat' dir='ltr'><strong>not.</strong></span> <span class='ocrx_word' id='word_1_129' title='bbox 1041 1278 1066 1328; x_wconf 81' lang='lat'><strong>2.</strong></span> 
     </span>
    </p>

    <p class='ocr_par' dir='ltr' id='par_1_6' title="bbox 75 1346 1095 1581">
     <span class='ocr_line' id='line_1_15' title="bbox 148 1346 1095 1421; baseline 0.001 -17"><span class='ocrx_word' id='word_1_130' title='bbox 148 1350 174 1404; x_wconf 91' lang='lat' dir='ltr'><strong>V</strong></span> <span class='ocrx_word' id='word_1_131' title='bbox 198 1350 253 1406; x_wconf 85' lang='lat' dir='ltr'><strong>def.</strong></span> <span class='ocrx_word' id='word_1_132' title='bbox 274 1357 307 1406; x_wconf 93' lang='lat'><strong>10</strong></span> <span class='ocrx_word' id='word_1_133' title='bbox 332 1346 436 1419; x_wconf 84' lang='grc' dir='ltr'><strong><em>ὁμοίως</em></strong></span> <span class='ocrx_word' id='word_1_134' title='bbox 463 1369 491 1419; x_wconf 93' lang='lat' dir='ltr'><strong>p.</strong></span> <span class='ocrx_word' id='word_1_135' title='bbox 516 1355 595 1417; x_wconf 82' lang='grc'><strong>4,13</strong></span> <span class='ocrx_word' id='word_1_136' title='bbox 625 1350 774 1405; x_wconf 89' lang='lat' dir='ltr'><strong>obscurum</strong></span> <span class='ocrx_word' id='word_1_137' title='bbox 802 1351 828 1404; x_wconf 89' lang='lat' dir='ltr'><strong>ei</strong></span> <span class='ocrx_word' id='word_1_138' title='bbox 850 1351 944 1406; x_wconf 90' lang='lat' dir='ltr'><strong>uisum</strong></span> <span class='ocrx_word' id='word_1_139' title='bbox 967 1354 1012 1405; x_wconf 89' lang='lat' dir='ltr'><strong>est</strong></span> <span class='ocrx_word' id='word_1_140' title='bbox 1037 1351 1095 1421; x_wconf 90' lang='lat' dir='ltr'><strong>(est</strong></span> 
     </span>
     <span class='ocr_line' id='line_1_16' title="bbox 78 1425 1092 1500; baseline 0.001 -15"><span class='ocrx_word' id='word_1_141' title='bbox 78 1433 175 1486; x_wconf 88' lang='lat' dir='ltr'><strong>autem</strong></span> <span class='ocrx_word' id='word_1_142' title='bbox 193 1431 262 1486; x_wconf 88' lang='lat' dir='ltr'><strong>satis</strong></span> <span class='ocrx_word' id='word_1_143' title='bbox 281 1431 412 1500; x_wconf 87' lang='lat' dir='ltr'><strong>clarum);</strong></span> <span class='ocrx_word' id='word_1_144' title='bbox 436 1445 522 1499; x_wconf 88' lang='lat' dir='ltr'><strong>quare</strong></span> <span class='ocrx_word' id='word_1_145' title='bbox 540 1429 667 1498; x_wconf 88' lang='lat' dir='ltr'><strong>reposuit</strong></span> <span class='ocrx_word' id='word_1_146' title='bbox 690 1430 831 1485; x_wconf 88' lang='lat' dir='ltr'><strong>obscurius</strong></span> <span class='ocrx_word' id='word_1_147' title='bbox 851 1425 894 1485; x_wconf 80' lang='grc' dir='ltr'><strong>ἕοὶ</strong></span> <span class='ocrx_word' id='word_1_148' title='bbox 912 1431 1024 1492; x_wconf 77' lang='grc' dir='ltr'><strong><em>πλείους</em></strong></span> <span class='ocrx_word' id='word_1_149' title='bbox 1044 1433 1092 1500; x_wconf 80' lang='lat' dir='ltr'><strong>(sc.</strong></span> 
     </span>
     <span class='ocr_line' id='line_1_17' title="bbox 75 1507 932 1581; baseline -0.001 -16"><span class='ocrx_word' id='word_1_150' title='bbox 75 1507 186 1581; x_wconf 76' lang='grc' dir='ltr'><strong><em>λόγους)</em></strong></span> <span class='ocrx_word' id='word_1_151' title='bbox 206 1527 240 1565; x_wconf 85' lang='lat' dir='ltr'><strong>ex</strong></span> <span class='ocrx_word' id='word_1_152' title='bbox 258 1508 331 1576; x_wconf 86' lang='lat' dir='ltr'>VIII,</span> <span class='ocrx_word' id='word_1_153' title='bbox 351 1516 367 1563; x_wconf 88' lang='lat'><strong>3</strong></span> <span class='ocrx_word' id='word_1_154' title='bbox 386 1528 413 1579; x_wconf 92' lang='lat' dir='ltr'><strong>p.</strong></span> <span class='ocrx_word' id='word_1_155' title='bbox 432 1515 493 1576; x_wconf 87' lang='grc'><strong>276,</strong></span> <span class='ocrx_word' id='word_1_156' title='bbox 516 1514 548 1563; x_wconf 89' lang='grc'><strong>21</strong></span> <span class='ocrx_word' id='word_1_157' title='bbox 570 1509 628 1578; x_wconf 86' lang='lat' dir='ltr'><strong>(cfr.</strong></span> <span class='ocrx_word' id='word_1_158' title='bbox 648 1526 675 1578; x_wconf 90' lang='lat' dir='ltr'><strong>p.</strong></span> <span class='ocrx_word' id='word_1_159' title='bbox 694 1516 737 1577; x_wconf 89' lang='grc'><strong>26,</strong></span> <span class='ocrx_word' id='word_1_160' title='bbox 758 1514 784 1579; x_wconf 92' lang='grc'><strong>7)</strong></span> <span class='ocrx_word' id='word_1_161' title='bbox 803 1511 932 1580; x_wconf 79' lang='lat' dir='ltr'><strong>petItum.</strong></span> 
     </span>
    </p>

    <p class='ocr_par' dir='ltr' id='par_1_7' title="bbox 44 1585 1095 2534">
     <span class='ocr_line' id='line_1_18' title="bbox 147 1585 1093 1660; baseline 0 -16"><span class='ocrx_word' id='word_1_162' title='bbox 147 1590 199 1660; x_wconf 89' lang='lat' dir='ltr'>IX,</span> <span class='ocrx_word' id='word_1_163' title='bbox 219 1595 235 1643; x_wconf 88' lang='lat'><strong>3</strong></span> <span class='ocrx_word' id='word_1_164' title='bbox 253 1607 280 1658; x_wconf 90' lang='lat' dir='ltr'><strong>p.</strong></span> <span class='ocrx_word' id='word_1_165' title='bbox 300 1594 365 1656; x_wconf 79' lang='lat'>344,</span> <span class='ocrx_word' id='word_1_166' title='bbox 385 1594 419 1642; x_wconf 87' lang='grc'><strong>23</strong></span> <span class='ocrx_word' id='word_1_167' title='bbox 438 1605 488 1658; x_wconf 90' lang='lat' dir='ltr'><strong>pro</strong></span> <span class='ocrx_word' id='word_1_168' title='bbox 509 1585 642 1656; x_wconf 77' lang='grc' dir='ltr'><strong><em>δεύτερος</em></strong></span> <span class='ocrx_word' id='word_1_169' title='bbox 665 1589 781 1658; x_wconf 86' lang='lat' dir='ltr'><strong>scripsit</strong></span> <span class='ocrx_word' id='word_1_170' title='bbox 800 1587 943 1658; x_wconf 77' lang='grc' dir='ltr'><strong><em>τέταρτος,</em></strong></span> <span class='ocrx_word' id='word_1_171' title='bbox 967 1589 1034 1658; x_wconf 88' lang='lat' dir='ltr'><strong>quia</strong></span> <span class='ocrx_word' id='word_1_172' title='bbox 1051 1590 1093 1645; x_wconf 86' lang='lat' dir='ltr'><strong>ita</strong></span> 
     </span>
     <span class='ocr_line' id='line_1_19' title="bbox 44 1667 1093 1740; baseline -0.002 -15"><span class='ocrx_word' id='word_1_173' title='bbox 44 1716 46 1725; x_wconf 79' lang='grc'><strong>.</strong></span> <span class='ocrx_word' id='word_1_174' title='bbox 74 1668 181 1739; x_wconf 81' lang='lat' dir='ltr'><strong>legitur</strong></span> <span class='ocrx_word' id='word_1_175' title='bbox 203 1669 233 1723; x_wconf 89' lang='lat' dir='ltr'><strong>in</strong></span> <span class='ocrx_word' id='word_1_176' title='bbox 251 1668 330 1736; x_wconf 89' lang='lat' dir='ltr'>VIII,</span> <span class='ocrx_word' id='word_1_177' title='bbox 349 1675 398 1735; x_wconf 86' lang='grc'><strong>23;</strong></span> <span class='ocrx_word' id='word_1_178' title='bbox 427 1668 477 1722; x_wconf 88' lang='lat' dir='ltr'><strong>sed</strong></span> <span class='ocrx_word' id='word_1_179' title='bbox 500 1667 561 1738; x_wconf 82' lang='lat' dir='ltr'><strong>hio,</strong></span> <span class='ocrx_word' id='word_1_180' title='bbox 584 1667 634 1721; x_wconf 89' lang='lat' dir='ltr'><strong>ubi</strong></span> <span class='ocrx_word' id='word_1_181' title='bbox 656 1669 811 1740; x_wconf 89' lang='lat' dir='ltr'><strong>propositio</strong></span> <span class='ocrx_word' id='word_1_182' title='bbox 836 1670 887 1724; x_wconf 89' lang='lat' dir='ltr'><strong>illa</strong></span> <span class='ocrx_word' id='word_1_183' title='bbox 910 1667 975 1723; x_wconf 90' lang='lat' dir='ltr'><strong>aliis</strong></span> <span class='ocrx_word' id='word_1_184' title='bbox 998 1670 1093 1724; x_wconf 89' lang='lat' dir='ltr'><strong>uerbis</strong></span> 
     </span>
     <span class='ocr_line' id='line_1_20' title="bbox 77 1747 1093 1819; baseline -0.002 -15"><span class='ocrx_word' id='word_1_185' title='bbox 77 1749 189 1817; x_wconf 83' lang='lat' dir='ltr'><strong>citatur,</strong></span> <span class='ocrx_word' id='word_1_186' title='bbox 209 1747 341 1818; x_wconf 78' lang='grc' dir='ltr'><strong><em>δεύτερος</em></strong></span> <span class='ocrx_word' id='word_1_187' title='bbox 358 1750 435 1802; x_wconf 89' lang='lat' dir='ltr'><strong>reete</strong></span> <span class='ocrx_word' id='word_1_188' title='bbox 454 1765 485 1803; x_wconf 90' lang='lat' dir='ltr'><strong>se</strong></span> <span class='ocrx_word' id='word_1_189' title='bbox 504 1749 600 1803; x_wconf 90' lang='lat' dir='ltr'><strong>habet.</strong></span> <span class='ocrx_word' id='word_1_190' title='bbox 636 1766 749 1818; x_wconf 88' lang='lat' dir='ltr'><strong>prorsus</strong></span> <span class='ocrx_word' id='word_1_191' title='bbox 768 1748 893 1804; x_wconf 90' lang='lat' dir='ltr'><strong>eiusdem</strong></span> <span class='ocrx_word' id='word_1_192' title='bbox 912 1748 1023 1819; x_wconf 82' lang='lat' dir='ltr'><strong>generis</strong></span> <span class='ocrx_word' id='word_1_193' title='bbox 1041 1751 1093 1816; x_wconf 89' lang='lat' dir='ltr'><strong>est,</strong></span> 
     </span>
     <span class='ocr_line' id='line_1_21' title="bbox 75 1823 1094 1899; baseline 0.001 -16"><span class='ocrx_word' id='word_1_194' title='bbox 75 1830 150 1898; x_wconf 86' lang='lat' dir='ltr'><strong>quod</strong></span> <span class='ocrx_word' id='word_1_195' title='bbox 168 1829 197 1884; x_wconf 89' lang='lat' dir='ltr'><strong>in</strong></span> <span class='ocrx_word' id='word_1_196' title='bbox 216 1829 264 1897; x_wconf 86' lang='lat' dir='ltr'>IX,</span> <span class='ocrx_word' id='word_1_197' title='bbox 285 1834 317 1882; x_wconf 92' lang='lat'><strong>11</strong></span> <span class='ocrx_word' id='word_1_198' title='bbox 338 1848 365 1899; x_wconf 91' lang='lat' dir='ltr'><strong>p.</strong></span> <span class='ocrx_word' id='word_1_199' title='bbox 385 1833 447 1896; x_wconf 91' lang='grc'><strong>360,</strong></span> <span class='ocrx_word' id='word_1_200' title='bbox 466 1833 499 1882; x_wconf 86' lang='grc'><strong>26</strong></span> <span class='ocrx_word' id='word_1_201' title='bbox 522 1823 665 1896; x_wconf 77' lang='grc' dir='ltr'><strong><em>ἐλάχιστος</em></strong></span> <span class='ocrx_word' id='word_1_202' title='bbox 684 1828 713 1882; x_wconf 89' lang='lat' dir='ltr'><strong>in</strong></span> <span class='ocrx_word' id='word_1_203' title='bbox 733 1824 854 1883; x_wconf 76' lang='grc' dir='ltr'><strong><em>ἐλάττων</em></strong></span> <span class='ocrx_word' id='word_1_204' title='bbox 873 1829 1008 1896; x_wconf 85' lang='lat' dir='ltr'><strong>mutauit,</strong></span> <span class='ocrx_word' id='word_1_205' title='bbox 1027 1830 1094 1897; x_wconf 82' lang='lat' dir='ltr'><strong>quia</strong></span> 
     </span>
     <span class='ocr_line' id='line_1_22' title="bbox 74 1903 1094 1978; baseline -0.001 -16"><span class='ocrx_word' id='word_1_206' title='bbox 74 1908 122 1964; x_wconf 92' lang='lat' dir='ltr'><strong>lin.</strong></span> <span class='ocrx_word' id='word_1_207' title='bbox 143 1915 177 1963; x_wconf 92' lang='grc'><strong>20</strong></span> <span class='ocrx_word' id='word_1_208' title='bbox 196 1911 240 1963; x_wconf 82' lang='lat' dir='ltr'><strong>est</strong></span> <span class='ocrx_word' id='word_1_209' title='bbox 255 1904 274 1962; x_wconf 85' lang='grc' dir='ltr'><strong>,ὁ</strong></span> <span class='ocrx_word' id='word_1_210' title='bbox 295 1903 418 1963; x_wconf 73' lang='grc' dir='ltr'><strong><em>ἐλάττων</em></strong></span> <span class='ocrx_word' id='word_1_211' title='bbox 436 1927 488 1962; x_wconf 83' lang='grc' dir='ltr'><strong>τοο</strong></span> <span class='ocrx_word' id='word_1_212' title='bbox 509 1909 638 1976; x_wconf 77' lang='grc' dir='ltr'><strong>μείζονα,</strong></span> <span class='ocrx_word' id='word_1_213' title='bbox 656 1908 813 1978; x_wconf 90' lang='lat' dir='ltr'><strong>immemor,</strong></span> <span class='ocrx_word' id='word_1_214' title='bbox 831 1925 978 1962; x_wconf 90' lang='lat' dir='ltr'><strong>numerum</strong></span> <span class='ocrx_word' id='word_1_215' title='bbox 996 1913 1018 1962; x_wconf 89' lang='grc' dir='ltr'>Β</span> <span class='ocrx_word' id='word_1_216' title='bbox 1036 1926 1094 1964; x_wconf 87' lang='lat' dir='ltr'><strong>non</strong></span> 
     </span>
     <span class='ocr_line' id='line_1_23' title="bbox 75 1987 1093 2056; baseline 0.001 -15"><span class='ocrx_word' id='word_1_217' title='bbox 75 1989 159 2042; x_wconf 91' lang='lat' dir='ltr'><strong>modo</strong></span> <span class='ocrx_word' id='word_1_218' title='bbox 173 2004 287 2043; x_wconf 89' lang='lat' dir='ltr'><strong>nurnero</strong></span> <span class='ocrx_word' id='word_1_219' title='bbox 297 1991 322 2042; x_wconf 86' lang='lat' dir='ltr'><strong>E</strong></span> <span class='ocrx_word' id='word_1_220' title='bbox 336 1989 472 2043; x_wconf 89' lang='lat' dir='ltr'><strong>minorem</strong></span> <span class='ocrx_word' id='word_1_221' title='bbox 488 2003 557 2054; x_wconf 88' lang='lat' dir='ltr'><strong>esse,</strong></span> <span class='ocrx_word' id='word_1_222' title='bbox 577 1988 625 2040; x_wconf 93' lang='lat' dir='ltr'><strong>sed</strong></span> <span class='ocrx_word' id='word_1_223' title='bbox 645 1987 731 2041; x_wconf 88' lang='lat' dir='ltr'><strong>etiam</strong></span> <span class='ocrx_word' id='word_1_224' title='bbox 746 2005 779 2042; x_wconf 87' lang='lat' dir='ltr'><strong>ex</strong></span> <span class='ocrx_word' id='word_1_225' title='bbox 794 1989 926 2056; x_wconf 88' lang='lat' dir='ltr'><strong>quattuor</strong></span> <span class='ocrx_word' id='word_1_226' title='bbox 937 1993 968 2056; x_wconf 90' lang='grc' dir='ltr'><strong>Β,</strong></span> <span class='ocrx_word' id='word_1_227' title='bbox 980 1991 1011 2054; x_wconf 92' lang='grc' dir='ltr'><strong>Γ,</strong></span> <span class='ocrx_word' id='word_1_228' title='bbox 1023 1994 1057 2055; x_wconf 87' lang='grc' dir='ltr'><strong>Δ,</strong></span> <span class='ocrx_word' id='word_1_229' title='bbox 1068 1991 1093 2042; x_wconf 91' lang='grc' dir='ltr'><strong>Ε</strong></span> 
     </span>
     <span class='ocr_line' id='line_1_24' title="bbox 76 2065 1093 2137; baseline 0.001 -16"><span class='ocrx_word' id='word_1_230' title='bbox 76 2066 232 2122; x_wconf 88' lang='lat' dir='ltr'><strong>minimum.</strong></span> <span class='ocrx_word' id='word_1_231' title='bbox 270 2067 448 2135; x_wconf 90' lang='lat' dir='ltr'><strong>aliquatenus</strong></span> <span class='ocrx_word' id='word_1_232' title='bbox 468 2065 569 2120; x_wconf 91' lang='lat' dir='ltr'><strong>similis</strong></span> <span class='ocrx_word' id='word_1_233' title='bbox 589 2068 632 2121; x_wconf 88' lang='lat' dir='ltr'><strong>est</strong></span> <span class='ocrx_word' id='word_1_234' title='bbox 657 2067 791 2121; x_wconf 89' lang='lat' dir='ltr'><strong>correctio</strong></span> <span class='ocrx_word' id='word_1_235' title='bbox 810 2067 844 2135; x_wconf 88' lang='lat' dir='ltr'><strong>X,</strong></span> <span class='ocrx_word' id='word_1_236' title='bbox 863 2073 898 2122; x_wconf 86' lang='grc'><strong>33</strong></span> <span class='ocrx_word' id='word_1_237' title='bbox 921 2085 948 2136; x_wconf 89' lang='lat' dir='ltr'><strong>p.</strong></span> <span class='ocrx_word' id='word_1_238' title='bbox 971 2073 1030 2136; x_wconf 92' lang='grc'><strong>100,</strong></span> <span class='ocrx_word' id='word_1_239' title='bbox 1049 2074 1093 2137; x_wconf 94' lang='grc'><strong>21,</strong></span> 
     </span>
     <span class='ocr_line' id='line_1_25' title="bbox 76 2143 1093 2217; baseline 0.001 -17"><span class='ocrx_word' id='word_1_240' title='bbox 76 2144 126 2200; x_wconf 89' lang='lat' dir='ltr'><strong>ubi</strong></span> <span class='ocrx_word' id='word_1_241' title='bbox 140 2143 297 2217; x_wconf 73' lang='grc' dir='ltr'><strong><em>σύμμετρον</em></strong></span> <span class='ocrx_word' id='word_1_242' title='bbox 310 2147 341 2201; x_wconf 91' lang='lat' dir='ltr'><strong>in</strong></span> <span class='ocrx_word' id='word_1_243' title='bbox 355 2143 505 2201; x_wconf 77' lang='grc' dir='ltr'><strong><em>διπλάσιον</em></strong></span> <span class='ocrx_word' id='word_1_244' title='bbox 520 2144 645 2199; x_wconf 87' lang='lat' dir='ltr'><strong>mutauit</strong></span> <span class='ocrx_word' id='word_1_245' title='bbox 652 2146 851 2215; x_wconf 85' lang='lat' dir='ltr'><strong>praecedentia</strong></span> <span class='ocrx_word' id='word_1_246' title='bbox 860 2144 1028 2215; x_wconf 89' lang='lat' dir='ltr'><strong>respiciens;</strong></span> <span class='ocrx_word' id='word_1_247' title='bbox 1043 2147 1093 2201; x_wconf 88' lang='lat' dir='ltr'><strong>sed</strong></span> 
     </span>
     <span class='ocr_line' id='line_1_26' title="bbox 76 2224 1091 2297; baseline -0.001 -16"><span class='ocrx_word' id='word_1_248' title='bbox 76 2228 160 2297; x_wconf 89' lang='lat' dir='ltr'><strong>caput</strong></span> <span class='ocrx_word' id='word_1_249' title='bbox 179 2229 230 2295; x_wconf 85' lang='lat' dir='ltr'><strong>est,</strong></span> <span class='ocrx_word' id='word_1_250' title='bbox 249 2227 304 2280; x_wconf 92' lang='lat' dir='ltr'><strong>duo</strong></span> <span class='ocrx_word' id='word_1_251' title='bbox 320 2227 485 2295; x_wconf 85' lang='lat' dir='ltr'><strong>rectangula</strong></span> <span class='ocrx_word' id='word_1_252' title='bbox 499 2225 765 2280; x_wconf 84' lang='lat' dir='ltr'><strong>commensurabilia</strong></span> <span class='ocrx_word' id='word_1_253' title='bbox 779 2242 846 2280; x_wconf 89' lang='lat' dir='ltr'><strong>esse.</strong></span> <span class='ocrx_word' id='word_1_254' title='bbox 876 2226 963 2280; x_wconf 89' lang='lat' dir='ltr'><strong>etiam</strong></span> <span class='ocrx_word' id='word_1_255' title='bbox 975 2224 1047 2292; x_wconf 91' lang='lat' dir='ltr'>VIII,</span> <span class='ocrx_word' id='word_1_256' title='bbox 1058 2232 1091 2280; x_wconf 90' lang='grc'><strong>21</strong></span> 
     </span>
     <span class='ocr_line' id='line_1_27' title="bbox 74 2301 1095 2375; baseline 0.002 -17"><span class='ocrx_word' id='word_1_257' title='bbox 74 2325 102 2375; x_wconf 88' lang='lat' dir='ltr'><strong>p.</strong></span> <span class='ocrx_word' id='word_1_258' title='bbox 118 2311 178 2373; x_wconf 89' lang='grc'><strong>330,</strong></span> <span class='ocrx_word' id='word_1_259' title='bbox 193 2311 227 2360; x_wconf 88' lang='grc'><strong>22</strong></span> <span class='ocrx_word' id='word_1_260' title='bbox 246 2307 305 2375; x_wconf 80' lang='lat' dir='ltr'><strong>(cir.</strong></span> <span class='ocrx_word' id='word_1_261' title='bbox 320 2305 346 2359; x_wconf 95' lang='lat' dir='ltr'><strong>II</strong></span> <span class='ocrx_word' id='word_1_262' title='bbox 359 2324 388 2375; x_wconf 91' lang='lat' dir='ltr'><strong>p.</strong></span> <span class='ocrx_word' id='word_1_263' title='bbox 401 2305 491 2374; x_wconf 87' lang='lat' dir='ltr'>XVII)</span> <span class='ocrx_word' id='word_1_264' title='bbox 510 2304 680 2374; x_wconf 82' lang='lat' dir='ltr'><strong>scripturam</strong></span> <span class='ocrx_word' id='word_1_265' title='bbox 698 2322 750 2375; x_wconf 89' lang='lat' dir='ltr'><strong>per</strong></span> <span class='ocrx_word' id='word_1_266' title='bbox 764 2321 793 2359; x_wconf 88' lang='lat' dir='ltr'><strong>se</strong></span> <span class='ocrx_word' id='word_1_267' title='bbox 807 2307 910 2361; x_wconf 89' lang='lat' dir='ltr'><strong>bonam</strong></span> <span class='ocrx_word' id='word_1_268' title='bbox 930 2301 945 2359; x_wconf 89' lang='grc' dir='ltr'><strong><em>ὁ</em></strong></span> <span class='ocrx_word' id='word_1_269' title='bbox 960 2309 985 2359; x_wconf 89' lang='grc' dir='ltr'><strong>Ε</strong></span> <span class='ocrx_word' id='word_1_270' title='bbox 1003 2304 1054 2360; x_wconf 82' lang='grc' dir='ltr'><strong>τὸν</strong></span> <span class='ocrx_word' id='word_1_271' title='bbox 1070 2310 1095 2359; x_wconf 92' lang='grc' dir='ltr'>Γ</span> 
     </span>
     <span class='ocr_line' id='line_1_28' title="bbox 75 2381 1092 2454; baseline 0.001 -14"><span class='ocrx_word' id='word_1_272' title='bbox 75 2385 105 2440; x_wconf 93' lang='lat' dir='ltr'><strong>in</strong></span> <span class='ocrx_word' id='word_1_273' title='bbox 128 2381 144 2440; x_wconf 90' lang='grc' dir='ltr'><strong><em>ὁ</em></strong></span> <span class='ocrx_word' id='word_1_274' title='bbox 164 2389 194 2439; x_wconf 90' lang='grc' dir='ltr'>Η</span> <span class='ocrx_word' id='word_1_275' title='bbox 215 2384 306 2440; x_wconf 86' lang='grc' dir='ltr'><strong><em>τὸνΒ</em></strong></span> <span class='ocrx_word' id='word_1_276' title='bbox 334 2385 470 2454; x_wconf 88' lang='lat' dir='ltr'><strong>mutauit,</strong></span> <span class='ocrx_word' id='word_1_277' title='bbox 498 2384 566 2454; x_wconf 90' lang='lat' dir='ltr'><strong>quia</strong></span> <span class='ocrx_word' id='word_1_278' title='bbox 593 2387 647 2440; x_wconf 89' lang='lat' dir='ltr'><strong>hae</strong></span> <span class='ocrx_word' id='word_1_279' title='bbox 672 2385 785 2440; x_wconf 87' lang='lat' dir='ltr'><strong>litterae</strong></span> <span class='ocrx_word' id='word_1_280' title='bbox 810 2386 935 2454; x_wconf 87' lang='lat' dir='ltr'><strong>proxime</strong></span> <span class='ocrx_word' id='word_1_281' title='bbox 959 2386 989 2439; x_wconf 93' lang='lat' dir='ltr'><strong>et</strong></span> <span class='ocrx_word' id='word_1_282' title='bbox 1013 2388 1092 2441; x_wconf 89' lang='lat' dir='ltr'><strong>ante·</strong></span> 
     </span>
     <span class='ocr_line' id='line_1_29' title="bbox 76 2465 408 2534; baseline -0.003 -15"><span class='ocrx_word' id='word_1_283' title='bbox 76 2465 181 2520; x_wconf 90' lang='lat' dir='ltr'><strong>cedunt</strong></span> <span class='ocrx_word' id='word_1_284' title='bbox 198 2467 408 2534; x_wconf 87' lang='lat' dir='ltr'><strong>etsequuntur.</strong></span> 
     </span>
    </p>

    <p class='ocr_par' dir='ltr' id='par_1_8' title="bbox 76 2543 1091 2772">
     <span class='ocr_line' id='line_1_30' title="bbox 146 2543 1089 2615; baseline -0.001 -17"><span class='ocrx_word' id='word_1_285' title='bbox 146 2544 197 2612; x_wconf 85' lang='lat' dir='ltr'>XI,</span> <span class='ocrx_word' id='word_1_286' title='bbox 221 2551 255 2599; x_wconf 88' lang='grc'><strong>36</strong></span> <span class='ocrx_word' id='word_1_287' title='bbox 281 2561 309 2612; x_wconf 88' lang='lat' dir='ltr'><strong>p.</strong></span> <span class='ocrx_word' id='word_1_288' title='bbox 335 2550 399 2612; x_wconf 88' lang='grc'><strong>124,</strong></span> <span class='ocrx_word' id='word_1_289' title='bbox 419 2550 453 2598; x_wconf 92' lang='grc'><strong>20</strong></span> <span class='ocrx_word' id='word_1_290' title='bbox 476 2544 573 2615; x_wconf 89' lang='lat' dir='ltr'><strong>paullo</strong></span> <span class='ocrx_word' id='word_1_291' title='bbox 596 2543 795 2614; x_wconf 82' lang='lat' dir='ltr'><strong>neglegentius</strong></span> <span class='ocrx_word' id='word_1_292' title='bbox 821 2544 934 2614; x_wconf 90' lang='lat' dir='ltr'><strong>scripsit</strong></span> <span class='ocrx_word' id='word_1_293' title='bbox 956 2544 1089 2598; x_wconf 82' lang='lat' dir='ltr'><strong>Euclides</strong></span> 
     </span>
     <span class='ocr_line' id='line_1_31' title="bbox 77 2619 1091 2697; baseline 0.001 -19"><span class='ocrx_word' id='word_1_294' title='bbox 77 2619 197 2697; x_wconf 76' lang='grc' dir='ltr'><strong><em>ἑκατέρᾳ</em></strong></span> <span class='ocrx_word' id='word_1_295' title='bbox 216 2627 272 2678; x_wconf 77' lang='grc' dir='ltr'><strong>τῶν</strong></span> <span class='ocrx_word' id='word_1_296' title='bbox 290 2623 357 2689; x_wconf 72' lang='grc' dir='ltr'><strong>ΛΞ,</strong></span> <span class='ocrx_word' id='word_1_297' title='bbox 377 2624 433 2675; x_wconf 87' lang='grc' dir='ltr'><strong>ΕΔ</strong></span> <span class='ocrx_word' id='word_1_298' title='bbox 451 2639 503 2692; x_wconf 87' lang='lat' dir='ltr'><strong>pro</strong></span> <span class='ocrx_word' id='word_1_299' title='bbox 522 2625 582 2690; x_wconf 85' lang='lat' dir='ltr'><strong>EZ,</strong></span> <span class='ocrx_word' id='word_1_300' title='bbox 597 2626 668 2694; x_wconf 88' lang='grc' dir='ltr'><strong>ΕΔ,</strong></span> <span class='ocrx_word' id='word_1_301' title='bbox 687 2624 785 2680; x_wconf 89' lang='lat' dir='ltr'><strong>Theon</strong></span> <span class='ocrx_word' id='word_1_302' title='bbox 803 2623 911 2680; x_wconf 84' lang='lat' dir='ltr'><strong>infelici</strong></span> <span class='ocrx_word' id='word_1_303' title='bbox 931 2622 1091 2680; x_wconf 90' lang='lat' dir='ltr'><strong>coniectura</strong></span> 
     </span>
     <span class='ocr_line' id='line_1_32' title="bbox 76 2696 620 2772; baseline 0 -15"><span class='ocrx_word' id='word_1_304' title='bbox 76 2701 171 2772; x_wconf 88' lang='lat' dir='ltr'><strong>posuit</strong></span> <span class='ocrx_word' id='word_1_305' title='bbox 189 2696 293 2772; x_wconf 72' lang='grc' dir='ltr'><strong><em>ἑκάστῃ</em></strong></span> <span class='ocrx_word' id='word_1_306' title='bbox 312 2705 369 2754; x_wconf 79' lang='grc' dir='ltr'><strong>τῶν</strong></span> <span class='ocrx_word' id='word_1_307' title='bbox 387 2703 451 2768; x_wconf 74' lang='grc' dir='ltr'><strong>ΛΞ,</strong></span> <span class='ocrx_word' id='word_1_308' title='bbox 471 2705 532 2771; x_wconf 89' lang='grc' dir='ltr'><strong>ΕΖ,</strong></span> <span class='ocrx_word' id='word_1_309' title='bbox 551 2705 620 2757; x_wconf 90' lang='grc' dir='ltr'><strong>ΕΗ.</strong></span> 
     </span>
    </p>

    <p class='ocr_par' dir='ltr' id='par_1_9' title="bbox 74 2779 1092 3154">
     <span class='ocr_line' id='line_1_33' title="bbox 145 2779 1091 2853; baseline 0.002 -17"><span class='ocrx_word' id='word_1_310' title='bbox 145 2781 211 2850; x_wconf 90' lang='lat' dir='ltr'>XII,</span> <span class='ocrx_word' id='word_1_311' title='bbox 231 2787 247 2835; x_wconf 86' lang='lat'><strong>3</strong></span> <span class='ocrx_word' id='word_1_312' title='bbox 271 2799 298 2849; x_wconf 89' lang='lat' dir='ltr'><strong>p.</strong></span> <span class='ocrx_word' id='word_1_313' title='bbox 320 2785 384 2847; x_wconf 80' lang='grc'><strong>148,</strong></span> <span class='ocrx_word' id='word_1_314' title='bbox 403 2787 437 2835; x_wconf 90' lang='grc'><strong>23</strong></span> <span class='ocrx_word' id='word_1_315' title='bbox 460 2782 534 2837; x_wconf 88' lang='lat' dir='ltr'><strong>iusto</strong></span> <span class='ocrx_word' id='word_1_316' title='bbox 559 2783 655 2838; x_wconf 90' lang='lat' dir='ltr'><strong>durius</strong></span> <span class='ocrx_word' id='word_1_317' title='bbox 678 2800 712 2838; x_wconf 85' lang='lat' dir='ltr'><strong>ex</strong></span> <span class='ocrx_word' id='word_1_318' title='bbox 736 2785 797 2845; x_wconf 80' lang='grc' dir='ltr'><strong><em>ἴσας</em></strong></span> <span class='ocrx_word' id='word_1_319' title='bbox 816 2803 844 2838; x_wconf 84' lang='grc' dir='ltr'><strong>τε</strong></span> <span class='ocrx_word' id='word_1_320' title='bbox 869 2783 918 2838; x_wconf 77' lang='grc' dir='ltr'><strong>καὶ</strong></span> <span class='ocrx_word' id='word_1_321' title='bbox 936 2779 1038 2853; x_wconf 79' lang='grc' dir='ltr'><strong><em>ὁμοίας</em></strong></span> <span class='ocrx_word' id='word_1_322' title='bbox 1055 2785 1091 2839; x_wconf 88' lang='lat' dir='ltr'><strong>ad</strong></span> 
     </span>
     <span class='ocr_line' id='line_1_34' title="bbox 74 2856 1092 2933; baseline 0.003 -17"><span class='ocrx_word' id='word_1_323' title='bbox 74 2856 176 2933; x_wconf 77' lang='grc' dir='ltr'><strong><em>τῇὸλῃ</em></strong></span> <span class='ocrx_word' id='word_1_324' title='bbox 196 2857 289 2913; x_wconf 88' lang='lat' dir='ltr'><strong>audiri</strong></span> <span class='ocrx_word' id='word_1_325' title='bbox 307 2858 399 2914; x_wconf 90' lang='lat' dir='ltr'><strong>uoluit</strong></span> <span class='ocrx_word' id='word_1_326' title='bbox 417 2860 548 2916; x_wconf 83' lang='lat' dir='ltr'><strong>Euclides</strong></span> <span class='ocrx_word' id='word_1_327' title='bbox 568 2858 669 2931; x_wconf 81' lang='grc' dir='ltr'><strong><em>ὁμοίας</em></strong></span> <span class='ocrx_word' id='word_1_328' title='bbox 686 2864 797 2917; x_wconf 87' lang='lat' dir='ltr'><strong>tantum</strong></span> <span class='ocrx_word' id='word_1_329' title='bbox 816 2864 894 2933; x_wconf 89' lang='lat' dir='ltr'><strong>(nam</strong></span> <span class='ocrx_word' id='word_1_330' title='bbox 912 2865 1025 2933; x_wconf 91' lang='lat' dir='ltr'><strong>partem</strong></span> <span class='ocrx_word' id='word_1_331' title='bbox 1037 2863 1092 2919; x_wconf 90' lang='lat' dir='ltr'><strong>toti</strong></span> 
     </span>
     <span class='ocr_line' id='line_1_35' title="bbox 76 2939 1092 3014; baseline 0.004 -19"><span class='ocrx_word' id='word_1_332' title='bbox 76 2939 225 3008; x_wconf 84' lang='lat' dir='ltr'><strong>aequalem</strong></span> <span class='ocrx_word' id='word_1_333' title='bbox 244 2955 312 3008; x_wconf 88' lang='lat' dir='ltr'><strong>esse,</strong></span> <span class='ocrx_word' id='word_1_334' title='bbox 331 2940 437 2994; x_wconf 89' lang='lat' dir='ltr'><strong>nemini</strong></span> <span class='ocrx_word' id='word_1_335' title='bbox 450 2939 480 2994; x_wconf 91' lang='lat' dir='ltr'><strong>in</strong></span> <span class='ocrx_word' id='word_1_336' title='bbox 494 2944 618 2996; x_wconf 89' lang='lat' dir='ltr'><strong>mentem</strong></span> <span class='ocrx_word' id='word_1_337' title='bbox 631 2943 727 2997; x_wconf 90' lang='lat' dir='ltr'><strong>uenire</strong></span> <span class='ocrx_word' id='word_1_338' title='bbox 741 2960 823 3012; x_wconf 90' lang='lat' dir='ltr'><strong>posse</strong></span> <span class='ocrx_word' id='word_1_339' title='bbox 837 2943 974 3014; x_wconf 83' lang='lat' dir='ltr'><strong>putauit);</strong></span> <span class='ocrx_word' id='word_1_340' title='bbox 994 2943 1092 2999; x_wconf 84' lang='lat' dir='ltr'><strong>Theon</strong></span> 
     </span>
     <span class='ocr_line' id='line_1_36' title="bbox 75 3018 1091 3092; baseline 0.004 -18"><span class='ocrx_word' id='word_1_341' title='bbox 75 3020 168 3074; x_wconf 88' lang='lat' dir='ltr'><strong>minus</strong></span> <span class='ocrx_word' id='word_1_342' title='bbox 191 3018 361 3073; x_wconf 88' lang='lat' dir='ltr'><strong>confidenter</strong></span> <span class='ocrx_word' id='word_1_343' title='bbox 385 3019 420 3074; x_wconf 90' lang='lat' dir='ltr'><strong>de</strong></span> <span class='ocrx_word' id='word_1_344' title='bbox 438 3021 542 3090; x_wconf 78' lang='lat' dir='ltr'><strong>periIIa</strong></span> <span class='ocrx_word' id='word_1_345' title='bbox 565 3023 704 3077; x_wconf 89' lang='lat' dir='ltr'><strong>lectorum</strong></span> <span class='ocrx_word' id='word_1_346' title='bbox 722 3021 859 3076; x_wconf 89' lang='lat' dir='ltr'><strong>iudicauit</strong></span> <span class='ocrx_word' id='word_1_347' title='bbox 882 3024 911 3077; x_wconf 90' lang='lat' dir='ltr'><strong>et</strong></span> <span class='ocrx_word' id='word_1_348' title='bbox 929 3019 1031 3092; x_wconf 81' lang='grc' dir='ltr'><strong><em>ὁμοίας</em></strong></span> <span class='ocrx_word' id='word_1_349' title='bbox 1049 3024 1091 3078; x_wconf 92' lang='lat' dir='ltr'><strong>di·</strong></span> 
     </span>
     <span class='ocr_line' id='line_1_37' title="bbox 76 3098 285 3154; baseline -0.005 -1"><span class='ocrx_word' id='word_1_350' title='bbox 76 3101 150 3154; x_wconf 87' lang='lat' dir='ltr'><strong>serte</strong></span> <span class='ocrx_word' id='word_1_351' title='bbox 168 3098 285 3153; x_wconf 77' lang='lat' dir='ltr'><strong>addidit.</strong></span> 
     </span>
    </p>

    <p class='ocr_par' dir='ltr' id='par_1_10' title="bbox 75 3176 1090 3394">
     <span class='ocr_line' id='line_1_38' title="bbox 146 3176 1090 3252; baseline 0.006 -20"><span class='ocrx_word' id='word_1_352' title='bbox 146 3178 194 3247; x_wconf 94' lang='lat' dir='ltr'>IV,</span> <span class='ocrx_word' id='word_1_353' title='bbox 210 3183 224 3231; x_wconf 95' lang='lat'>1</span> <span class='ocrx_word' id='word_1_354' title='bbox 239 3196 266 3247; x_wconf 92' lang='lat' dir='ltr'><strong>p.</strong></span> <span class='ocrx_word' id='word_1_355' title='bbox 277 3185 337 3246; x_wconf 91' lang='grc'><strong>272,</strong></span> <span class='ocrx_word' id='word_1_356' title='bbox 350 3185 382 3232; x_wconf 83' lang='grc'><strong>14</strong></span> <span class='ocrx_word' id='word_1_357' title='bbox 397 3176 431 3234; x_wconf 75' lang='grc' dir='ltr'><strong>οὐ</strong></span> <span class='ocrx_word' id='word_1_358' title='bbox 447 3197 560 3249; x_wconf 90' lang='lat' dir='ltr'><strong>prorsus</strong></span> <span class='ocrx_word' id='word_1_359' title='bbox 570 3179 883 3247; x_wconf 76' lang='lat' dir='ltr'><strong>inutihtesinculcauit3</strong></span> <span class='ocrx_word' id='word_1_360' title='bbox 899 3199 965 3237; x_wconf 91' lang='lat' dir='ltr'><strong>nam</strong></span> <span class='ocrx_word' id='word_1_361' title='bbox 983 3184 1090 3252; x_wconf 89' lang='lat' dir='ltr'><strong>optime</strong></span> 
     </span>
     <span class='ocr_line' id='line_1_39' title="bbox 75 3253 1090 3330; baseline 0.005 -19"><span class='ocrx_word' id='word_1_362' title='bbox 75 3253 117 3311; x_wconf 86' lang='lat' dir='ltr'><strong>sic</strong></span> <span class='ocrx_word' id='word_1_363' title='bbox 134 3256 196 3311; x_wconf 90' lang='lat' dir='ltr'><strong>fluit</strong></span> <span class='ocrx_word' id='word_1_364' title='bbox 215 3258 316 3313; x_wconf 83' lang='lat' dir='ltr'><strong>oratio:</strong></span> <span class='ocrx_word' id='word_1_365' title='bbox 336 3256 363 3312; x_wconf 85' lang='grc' dir='ltr'><strong>εί</strong></span> <span class='ocrx_word' id='word_1_366' title='bbox 380 3258 412 3313; x_wconf 74' lang='grc' dir='ltr'><strong>δὲ</strong></span> <span class='ocrx_word' id='word_1_367' title='bbox 432 3260 535 3327; x_wconf 71' lang='grc' dir='ltr'><strong><em>μείζων</em></strong></span> <span class='ocrx_word' id='word_1_368' title='bbox 554 3259 715 3328; x_wconf 88' lang='lat' dir='ltr'><strong>(respondet</strong></span> <span class='ocrx_word' id='word_1_369' title='bbox 733 3260 770 3314; x_wconf 78' lang='lat' dir='ltr'><strong>au</strong></span> <span class='ocrx_word' id='word_1_370' title='bbox 789 3259 817 3315; x_wconf 84' lang='grc' dir='ltr'><strong>εί</strong></span> <span class='ocrx_word' id='word_1_371' title='bbox 833 3259 887 3330; x_wconf 72' lang='grc' dir='ltr'><strong>μὲν</strong></span> <span class='ocrx_word' id='word_1_372' title='bbox 905 3263 954 3330; x_wconf 79' lang='grc' dir='ltr'><strong>ἴση</strong></span> <span class='ocrx_word' id='word_1_373' title='bbox 974 3261 1023 3316; x_wconf 93' lang='lat' dir='ltr'><strong>lin.</strong></span> <span class='ocrx_word' id='word_1_374' title='bbox 1047 3265 1090 3330; x_wconf 88' lang='lat'><strong>11)</strong></span> 
     </span>
     <span class='ocr_line' id='line_1_40' title="bbox 75 3337 317 3394; baseline -0.004 -1"><span class='ocrx_word' id='word_1_375' title='bbox 75 3373 119 3393; x_wconf 68' lang='lat'><strong>0..</strong></span> <span class='ocrx_word' id='word_1_376' title='bbox 138 3337 244 3393; x_wconf 76' lang='grc' dir='ltr'><strong><em>κείσθω</em></strong></span> <span class='ocrx_word' id='word_1_377' title='bbox 264 3339 317 3394; x_wconf 86' lang='lat' dir='ltr'><strong>oet.</strong></span> 
     </span>
    </p>

    <p class='ocr_par' dir='ltr' id='par_1_11' title="bbox 64 3413 1090 3586">
     <span class='ocr_line' id='line_1_41' title="bbox 146 3413 1089 3490; baseline 0.006 -20"><span class='ocrx_word' id='word_1_378' title='bbox 146 3415 187 3472; x_wconf 93' lang='lat' dir='ltr'><strong>De</strong></span> <span class='ocrx_word' id='word_1_379' title='bbox 197 3417 334 3488; x_wconf 86' lang='lat' dir='ltr'><strong>scriptura</strong></span> <span class='ocrx_word' id='word_1_380' title='bbox 349 3413 400 3472; x_wconf 74' lang='grc' dir='ltr'><strong>ἐάν</strong></span> <span class='ocrx_word' id='word_1_381' title='bbox 416 3419 436 3487; x_wconf 92' lang='lat' dir='ltr'><strong>l,</strong></span> <span class='ocrx_word' id='word_1_382' title='bbox 449 3423 480 3472; x_wconf 88' lang='lat'><strong>13</strong></span> <span class='ocrx_word' id='word_1_383' title='bbox 495 3436 522 3487; x_wconf 89' lang='lat' dir='ltr'><strong>p.</strong></span> <span class='ocrx_word' id='word_1_384' title='bbox 534 3423 603 3486; x_wconf 84' lang='grc'><strong>30,2</strong></span> <span class='ocrx_word' id='word_1_385' title='bbox 621 3418 729 3473; x_wconf 90' lang='lat' dir='ltr'><strong>Theoni</strong></span> <span class='ocrx_word' id='word_1_386' title='bbox 738 3419 888 3476; x_wconf 85' lang='lat' dir='ltr'><strong>tribuenda</strong></span> <span class='ocrx_word' id='word_1_387' title='bbox 896 3437 971 3476; x_wconf 88' lang='lat' dir='ltr'><strong>nunc</strong></span> <span class='ocrx_word' id='word_1_388' title='bbox 982 3421 1089 3490; x_wconf 90' lang='lat' dir='ltr'><strong>dubito,</strong></span> 
     </span>
     <span class='ocr_line' id='line_1_42' title="bbox 64 3492 1090 3586; baseline 0.01 -39"><span class='ocrx_word' id='word_1_389' title='bbox 64 3506 139 3586; x_wconf 53' lang='lat' dir='ltr'><strong>pum</strong></span> <span class='ocrx_word' id='word_1_390' title='bbox 152 3495 225 3554; x_wconf 88' lang='lat' dir='ltr'><strong>inter</strong></span> <span class='ocrx_word' id='word_1_391' title='bbox 238 3494 275 3561; x_wconf 79' lang='grc' dir='ltr'><strong>ὡς</strong></span> <span class='ocrx_word' id='word_1_392' title='bbox 285 3492 331 3565; x_wconf 77' lang='grc' dir='ltr'><strong>ἄν,</strong></span> <span class='ocrx_word' id='word_1_393' title='bbox 347 3493 415 3551; x_wconf 78' lang='grc' dir='ltr'><strong><em>ὅταν</em></strong></span> <span class='ocrx_word' id='word_1_394' title='bbox 431 3498 459 3551; x_wconf 87' lang='lat' dir='ltr'><strong>et</strong></span> <span class='ocrx_word' id='word_1_395' title='bbox 469 3492 522 3551; x_wconf 78' lang='grc' dir='ltr'><strong>ἐάν</strong></span> <span class='ocrx_word' id='word_1_396' title='bbox 536 3497 606 3552; x_wconf 90' lang='lat' dir='ltr'><strong>mire</strong></span> <span class='ocrx_word' id='word_1_397' title='bbox 619 3499 756 3554; x_wconf 88' lang='lat' dir='ltr'><strong>fluctuent</strong></span> <span class='ocrx_word' id='word_1_398' title='bbox 767 3502 894 3556; x_wconf 89' lang='lat' dir='ltr'><strong>auctores</strong></span> <span class='ocrx_word' id='word_1_399' title='bbox 908 3503 946 3571; x_wconf 93' lang='lat' dir='ltr'><strong>(u.</strong></span> <span class='ocrx_word' id='word_1_400' title='bbox 956 3502 1016 3556; x_wconf 89' lang='lat' dir='ltr'><strong>not.</strong></span> <span class='ocrx_word' id='word_1_401' title='bbox 1027 3498 1090 3565; x_wconf 83' lang='lat' dir='ltr'><strong>crit.</strong></span> 
     </span>
    </p>
   </div>
   <div class='ocr_carea' id='block_1_3' title="bbox 0 0 1186 3796">
    <p class='ocr_par' dir='ltr' id='par_1_12' title="bbox 0 0 1186 3796">
     <span class='ocr_line' id='line_1_43' title="bbox 0 0 1186 3796; baseline 0 0"><span class='ocrx_word' id='word_1_402' title='bbox 0 0 1186 3796; x_wconf 95' lang='lat' dir='ltr'><strong> </strong></span> 
     </span>
    </p>
   </div>
  </div>
 </body>
</html>
