2362 3796
100 144 167 208 594
250 146 407 199 eunom
424 146 463 197 οι
481 145 755 197 nmmum
772 143 913 195 mmm
927 143 981 200 xl.

507 322 563 387 Ad
587 322 657 386 def.
681 322 711 388 3.
1084 366 1091 383 .
1125 331 1136 362 ⁸

168 446 198 511 3.
237 446 281 512 Εί
298 445 376 530 ἐξῆν
395 441 476 512 αὐτὸ
496 440 534 511 τδ
555 445 713 511 ἐπίπεδον
727 445 774 521 είς
787 437 925 520 εὐθείας
941 438 1132 528 ἀναλῦσαι,

101 546 193 616 εἶπεν
222 547 278 615 ἅν·
316 547 397 616 ὅταν
425 547 508 635 πρὸς
535 547 643 626 πάσας
669 546 728 626 τὰς
755 543 906 632 εὐθείας,
942 548 978 628 ἐξ
1008 538 1066 615 ών
1093 546 1130 618 τδ

102 656 276 739 ἐπίπεδον,
309 651 417 741 ὀρθὰς
448 657 527 742 ποιῇ
561 658 700 739 γωνίας,
732 655 805 721 τότε
831 652 887 719 καὶ
917 651 1009 738 πρὸς
1045 652 1128 723 αι’πδ

67 758 194 847 σόρθὴ
232 765 335 827 ἔσται·
377 758 491 846 ἐπειδὴ
529 757 567 826 δὲ
603 757 775 846 ἀπειράκις
809 756 1028 844 τεμνόμενον
1063 758 1128 829 ὑπὸ

104 863 250 933 εὐθειῶν
270 861 331 932 οὐκ
351 863 603 950 ἀναλωθήσεται
622 868 670 943 είς
687 861 801 949 αὐτάς,
823 859 977 951 ἠρκέσθη
998 869 1045 955 τῇ
1061 871 1129 935 τών

105 968 252 1039 εὐθειῶν
275 966 409 1060 ἀπειρίᾳ
428 969 504 1038 ἀντὶ
524 967 608 1038 ὅλου
626 973 687 1037 τοῦ
706 969 872 1036 ἐπιπέδου.
904 967 945 1037 τὸ
965 969 1008 1039 δὲ
1028 969 1129 1041 ἁπτο-

102 1079 204 1163 μένας
227 1074 430 1162 πρόσκειται,
453 1078 511 1142 ἵνα
535 1073 579 1161 μὴ
603 1073 810 1161 παράλληλοι
832 1065 926 1141 ώσιν.
987 1093 996 1103 ·’

471 1309 475 1315 ,
510 1271 567 1336 Ad
591 1270 660 1337 def.
683 1270 713 1337 5.

51 1418 85 1466 10
170 1399 201 1461 4.
232 1390 268 1459 ‘0
286 1391 347 1478 μὲν
367 1390 553 1479 Εὐκλείδης
572 1395 608 1461 ἐν
627 1396 667 1480 τῇ
685 1398 791 1460 κλίσει
809 1392 871 1479 τὴν
889 1399 1032 1477 γωνίαν
1052 1398 1133 1483 βού-

103 1508 194 1567 λεται
217 1496 316 1585 εἶναι,
341 1503 377 1566 οί
398 1499 435 1566 δὲ
454 1501 600 1566 Στωικοὶ
623 1496 685 1585 τὴν
708 1503 818 1566 κλίσιν
836 1504 982 1584 γωνίαν·
1010 1501 1134 1590 ὀρθῶς

103 1605 141 1673 δὲ
164 1603 183 1673 ὁ
208 1602 405 1690 Εὐκλείδης·
436 1607 526 1671 πᾶσα
550 1600 614 1690 γὰρ
638 1609 745 1689 γωνία
768 1601 950 1684 σύννενσίς
973 1607 1055 1677 ἐστι
1079 1637 1133 1698 με-

102 1715 216 1797 γεθῶν
238 1708 323 1798 πρὸς
346 1711 398 1778 ἑνί
421 1715 555 1801 σημείῳ.

454 1908 509 1972 Ad
534 1908 621 1972 deff.
645 1907 763 1972 9—10.

51 2053 84 2102 15
170 2033 199 2097 5.
239 2023 322 2097 Οἶον
351 2034 381 2097 εί
408 2027 544 2115 στερεὸν
568 2033 676 2115 σχῆμα
698 2028 882 2114 περιέχεται
905 2029 992 2112 φέρε
1019 2039 1133 2104 εἰπεῖν

102 2132 168 2203 ὑπὸ
191 2123 212 2202 δ
235 2134 411 2221 τριγώνων
434 2135 489 2202 καὶ
512 2127 540 2201 θ
561 2132 779 2220 τετραγώνων
801 2133 857 2200 καὶ
879 2137 986 2218 τριών
1007 2163 1133 2210 πεντα·

102 2241 233 2328 γώνων,
258 2246 305 2308 ἔτι
329 2241 366 2308 δὲ
389 2241 444 2307 καὶ
468 2242 582 2327 ἕτερον
606 2241 740 2328 στερεὸν
759 2243 866 2327 σχῆμα
886 2236 1017 2325 ὁμοίως
1038 2270 1132 2336 περι-

103 2348 211 2434 έχεται
224 2344 291 2414 ὑπὸ
309 2334 335 2413 δ
347 2347 521 2432 τριγώνων
540 2347 595 2413 καὶ
610 2338 636 2412 θ
654 2343 872 2432 τετραγώνων
889 2343 983 2430 καὶγ
1003 2374 1132 2420 πεντα-

102 2452 224 2536 γώνων
249 2448 375 2538 ὁμοίων
398 2450 534 2518 πάντων
552 2464 622 2530 τοῖς
640 2451 902 2538 προειρημένοις,
926 2449 1038 2536 ὅμοιά
1061 2460 1133 2526 ἐστι

49 2583 85 2631 το
104 2555 144 2625 τὰ
163 2556 290 2644 στερεά,
312 2562 343 2625 εί
361 2556 398 2625 δὲ
417 2554 461 2643 μὴ
481 2555 589 2642 μόνον
608 2553 675 2624 ὑπὸ
695 2553 820 2643 ὁμοίων
835 2563 918 2622 ίσων
931 2556 971 2624 τὸ
987 2567 1133 2650 πλῆθος

102 2664 286 2749 περιέχεται
311 2664 479 2749 ἑκάτερον,
502 2659 586 2729 ἀλλὰ
609 2662 665 2729 καὶ
689 2670 782 2749 ἴσων,
806 2671 862 2729 ίσα
884 2687 919 2728 τε
941 2663 1001 2730 καὶ
1024 2667 1132 2756 ὅμοια

102 2768 316 2855 κληθήσεται.

175 2918 198 2966 3.
218 2911 284 2965 PVc
302 2910 336 2981 (B
352 2913 452 2980 eum).
525 2917 550 2964 4.
570 2909 670 2967 PV0B.
744 2915 768 2964 5.
788 2907 926 2980 V⁸qfi⁸F²
936 2908 1004 2979 (1³²).

174 3060 197 3106 2.
218 3053 295 3124 αὐτῷ
310 3051 343 3107 V.
399 3047 544 3120 ἁν..ἦσαι
557 3049 591 3105 V.
646 3056 671 3104 4.
686 3057 767 3105 ποιεῖ
776 3051 807 3106 Ρ.
862 3055 888 3104 5.
902 3046 1079 3121 α’πειρώιιεις
1094 3058 1127 3116 P,

138 3128 162 3178 8.
182 3126 325 3192 παραλληλ
344 3121 375 3177 Ρ.
451 3128 491 3175 10.
510 3117 605 3190 κλήσει
623 3120 657 3175 V.
731 3126 772 3176 11.
792 3122 889 3191 κλῆσιν
911 3119 943 3175 V.
1012 3131 1060 3181 15.
1081 3128 1126 3202 εί]

104 3189 154 3248 ἐάν
173 3192 208 3260 F,
228 3210 282 3248 om.
303 3197 327 3266 β.
411 3197 451 3247 16,
476 3193 546 3247 Post
563 3187 706 3261 τριγώνων
727 3193 791 3248 add.
811 3186 955 3246 ἐπιπέδων
975 3211 1068 3265 supra
1088 3219 1126 3255 m.

102 3265 163 3319 ead.
182 3264 212 3318 F.
290 3270 330 3318 17.
352 3261 404 3334 ἔτι]
425 3257 469 3317 ὅτι
488 3265 512 3335 β,
585 3259 701 3335 ὁμοίως]
722 3280 775 3318 om.
796 3263 826 3319 F.
905 3267 947 3317 19.
967 3257 1076 3333 ὅμοιον
1097 3289 1126 3341 q.

137 3333 208 3404 τοῖς]
227 3334 283 3388 τῶν
302 3351 328 3402 q.
409 3333 623 3403 προειρημένων
641 3351 668 3402 q.
750 3338 794 3388 20.
813 3331 908 3403 μόνων
927 3351 955 3402 q.
1037 3339 1112 3395 ἴσων

63 3398 171 3568 &dvlci
179 3405 240 3556 βκαλ
260 3406 327 3460 ίσων
346 3405 377 3461 F.
432 3411 474 3460 21.
494 3402 564 3458 ἀλλὰ
583 3403 633 3458 καὶ
652 3404 733 3475 ἴσων]
752 3406 820 3460 nal?
839 3420 930 3472 comp.
945 3405 976 3460 F.
1037 3412 1111 3466 ἴσον

140 3500 159 3537 ν
198 3525 204 3537 .
