2362 3796
123 139 188 205 106
275 142 431 194 sellom
449 144 487 195 IN
505 142 780 196 ELEMENTORUM
797 145 937 196 LIBRUM
950 146 973 198 1.

121 281 210 371 πέδῳ
234 273 336 350 οὖσαι
358 284 412 350 καὶ
437 282 678 370 ἐκβαλλόμεναι
701 289 748 364 είς
766 282 905 373 ἀπειρου
924 283 976 370 ἐφ’
995 283 1137 373 ἑκάτερα

120 385 161 454 τά
185 387 268 474 μέρη
292 389 345 456 ἐπὶ
368 390 531 476 μηδέτερα
555 395 801 476 συμπίπτουσιν
825 388 991 476 ἀλλήλαις.

187 497 263 560 τίνα
287 493 349 580 μέν
372 508 517 582 στοιχεῖα
544 500 612 564 τῶν
635 494 859 583 παραλλήλων
881 496 938 563 καὶ
959 502 1027 565 τίσι
1049 525 1138 584 γνω-

123 604 270 687 ρίζονται
284 600 535 687 συμπτώμασιν,
550 603 671 681 ἐντοῖς
684 604 764 689 μετὰ
780 613 884 670 ταῦτα
898 603 1138 690 μαθησόμεθα,

89 712 212 786 οτίνες
243 709 284 775 δέ
313 713 399 775 εἰσιν
432 711 470 774 αί
499 708 707 794 παράλληλοι
736 707 883 795 εὐθεῖαι,
915 709 973 777 διὰ
1004 709 1137 778 τούτων

121 811 313 901 ἀφορίζεται
336 825 405 881 τῶν
433 815 599 901 ῥημάτων.
646 819 700 883 δεῖ
724 820 843 882 τοίνυν
871 810 989 900 αότάς,
1017 820 1137 902 φησίν,

121 924 158 988 ἐν
180 946 215 988 τε
239 920 290 988 ἑνὶ
314 921 457 1010 ἐπιπέδῳ
482 912 569 987 εἶναι
589 920 645 987 καὶ
664 920 907 1007 ἐκβαλλομένας
926 919 979 1007 ἐφ’
997 921 1136 1008 ἑκάτερα

120 1024 160 1095 τά
190 1027 273 1113 μέρη
301 1025 345 1111 μὴ
379 1032 578 1112 συμπίπτειν
610 1023 777 1112 ἀλλήλαις.
833 1026 1056 1112 ἐκβάλλεσθαι
1088 1031 1136 1107 είς

121 1130 274 1218 άπειρον·
311 1132 366 1198 καί
394 1131 459 1219 γάρ
488 1137 526 1198 αί
552 1132 595 1220 μὴ
622 1133 830 1220 παράλληλοι
852 1136 947 1222 μέχρι
970 1134 1060 1212 τινὸς
1083 1136 1135 1201 ἐκ-

69 1259 103 1309 10
121 1237 327 1322 βαλλόμεναι
346 1243 495 1323 μείναιεν
515 1235 557 1305 ἀν
577 1237 802 1326 άσόμπτωτοι,
820 1239 859 1308 τὸ
879 1235 911 1307 θ’
929 1244 975 1319 είς
991 1236 1131 1324 άπειρον

121 1344 366 1429 ἐκβαλλομένας
388 1342 433 1430 μὴ
458 1350 655 1430 συμπίπτειν
678 1351 906 1433 χαρακτηρίζει
928 1343 988 1426 τάς
1008 1351 1130 1431 παραλ-

120 1449 253 1534 λήλους,
275 1449 331 1516 καὶ
356 1447 558 1518 οὐδὲτοῦτο
583 1447 711 1534 ἁπλῶς,
739 1448 823 1519 ἀλλά
850 1448 887 1518 τὸ
917 1447 971 1538 ἐφ’
998 1448 1133 1538 ἑκάτερα

121 1555 345 1641 ἐκβάλλεσθαι
364 1552 415 1622 ἐπ’
436 1553 576 1642 ἄπειρον
599 1556 655 1622 καὶ
678 1555 723 1643 μὴ
747 1563 957 1641 συμπίπτειν.
992 1556 1135 1625 καὶτῶν

121 1661 166 1749 μὴ
185 1661 408 1749 παραλλήλων
428 1660 576 1730 δυνατὸν
595 1659 678 1729 κατά
696 1663 825 1749 θάτερα
839 1662 900 1749 μέν
914 1662 977 1748 τὴν
992 1662 1135 1750 ἐκβολὴν

68 1788 102 1838 15
121 1769 172 1837 ἐπ’
202 1767 342 1857 ἀπειρου
370 1771 546 1859 γενέσθαι,
577 1765 660 1837 κατά
692 1767 732 1835 τά
761 1765 859 1836 λοιπά
888 1767 927 1836 δέ
956 1767 1007 1837 οό.
1058 1788 1135 1837 συν-

120 1874 282 1943 νεύουσαι
315 1875 380 1963 γάρ
413 1877 465 1944 ἐπὶ
495 1874 576 1943 τάδε
607 1873 648 1944 τά
681 1877 764 1963 μέρη
799 1876 901 1942 πλέον
933 1872 1134 1960 ἀφίστανται

121 1977 276 2068 ἀλλήλων
289 1981 372 2049 κατά
390 1981 430 2049 τά
450 1983 553 2069 ἕτερα.
585 1979 622 2049 τὸ
642 1981 680 2048 δέ
699 1990 819 2067 αίτιον,
843 1980 894 2049 ὅτι
918 1982 980 2048 δύο
999 1978 1132 2048 εάθείαι

121 2089 286 2173 περιέχειν
309 2085 350 2154 οὐ
371 2088 539 2154 δύνανταί
553 2112 584 2153 τι
602 2091 741 2173 χωρίου·
764 2093 796 2155 εί
814 2088 851 2156 δὲ
864 2086 947 2156 κατὰ
960 2084 1133 2173 ἀμφότερα

123 2192 354 2278 συννεύσαιεν,
376 2204 475 2260 τοῦτο
500 2192 712 2279 συμβήσεται.
749 2194 805 2261 καὶ
828 2196 942 2281 μέντοι
964 2189 1076 2261 καὶτὸ
1096 2195 1134 2261 ἐν

68 2317 104 2366 20
122 2311 167 2390 τῳ
201 2295 291 2387 αὐτῷ
324 2299 467 2387 ἐπιπέδῳ
500 2295 587 2365 εἶναι
618 2297 678 2378 τὰς
713 2297 848 2380 εὐθείας
885 2296 1000 2387 ὀρθῶς
1033 2318 1134 2387 προσ-

122 2410 284 2490 είληπται·
321 2406 352 2483 εί
373 2401 438 2488 γὰρ
462 2400 483 2488 ἡ
505 2403 568 2489 μὲν
591 2412 641 2489 είη
666 2404 703 2472 ἐν
726 2410 771 2495 τῳ
800 2403 1021 2495 ὑποκειμένῳ,
1050 2401 1072 2490 ἡ
1096 2404 1134 2473 δέ

123 2513 161 2579 ἐν
183 2506 347 2599 μετεοόρῳ,
369 2505 452 2576 κατόι
475 2519 588 2576 πᾶσαν
611 2510 711 2577 θέσιν
734 2509 949 2598 ἀσόμπτωτοί
970 2514 1056 2578 είσιν
1079 2508 1136 2577 ἀλ-

122 2614 240 2702 λήλαις
265 2613 321 2680 καὶ
349 2610 390 2680 οὐ
418 2611 475 2681 διὰ
503 2617 602 2683 τοῦτο
631 2615 841 2704 παράλληλοί
864 2621 960 2684 είσιυ.
1004 2619 1041 2684 ἓν
1070 2607 1135 2683 οὖν

122 2727 206 2790 ἔστω
235 2719 274 2788 τὸ
308 2724 480 2806 ἐπίπεδον)
512 2721 568 2788 καὶ
601 2724 880 2807 έκβαλλέσθωσαν
913 2718 964 2791 ἐπ’
995 2719 1136 2804 ἀπειρον

69 2852 104 2903 οε
123 2829 205 2897 κατὰ
228 2826 402 2915 ἀμφότερα
425 2828 480 2895 καί
504 2832 780 2914 συμπιπτέτωσαν
799 2826 958 2915 ἀλλήλαις
976 2826 1058 2897 κατὰ
1077 2854 1136 2914 μη-

123 2936 251 3023 δέτερα·
286 2932 417 3002 τούτων
438 2932 503 3022 γάρ
527 2934 748 3023 ὑπαρχόντων
771 2940 904 3004 ἔσονται
927 2934 1135 3021 παράλληλοι

122 3038 262 3110 εὐθεῖαι.
314 3040 369 3108 καί
399 3037 416 3108 ὁ
445 3039 507 3127 μὲν
535 3037 720 3126 Ιθάκλείθης
745 3051 868 3108 τοῦτον
901 3037 1044 3126 ὁρίζεται
1074 3036 1135 3108 τὸν

192 3206 217 3254 2.
237 3198 400 3268 μηδετέρας.
473 3204 498 3252 4.
518 3199 592 3270 τοῖς]
612 3195 731 3261 τούτοις.
805 3204 828 3253 ό.
848 3194 960 3254 εόθεῖα,
1034 3206 1059 3254 8.
1079 3195 1134 3270 μή]

122 3287 275 3339 suprascr.
333 3276 373 3322 13.
394 3265 575 3339 ἐκβαλέσθαι.
633 3275 675 3324 16.
694 3265 781 3340 κατά]
801 3272 857 3324 καί.
913 3267 959 3341 δέ]
979 3285 1135 3338 suprascr.

157 3335 340 3407 συνεόουσαι,
364 3339 414 3394 sed
432 3355 501 3395 corr.
591 3345 630 3394 16.
655 3337 703 3396 ἐπὶ
726 3336 814 3411 τάδε]
838 3357 906 3394 corr.
926 3358 960 3395 ex
985 3338 1083 3394 ἔπειτα
1102 3339 1136 3394 δέ

121 3427 158 3464 m.
178 3416 203 3464 2.
277 3415 319 3464 17.
338 3407 546 3481 τά-αίτιου]
566 3426 581 3463 e
601 3428 669 3465 corr.
689 3428 726 3463 m.
746 3417 770 3465 2.
845 3416 886 3466 19.
905 3407 1015 3466 τούτωι.
1088 3409 1136 3481 τό]

120 3480 179 3534 τῶι.
251 3485 294 3535 20.
313 3481 505 3549 προείληπται.
579 3486 620 3534 21.
640 3477 760 3551 v‘1](alt.)
780 3479 813 3536 εί.
