2362 3796
201 145 361 199 scHOLIA
378 146 418 197 ιιι
436 144 711 197 ετυαεαυοιευιι
728 147 868 198 LIBRUM
881 148 914 202 x.
1001 143 1064 210 431

56 287 226 374 σύμμετρα
253 290 298 378 τῷ
327 283 394 354 άττὸ
419 287 520 374 ῥητής
541 284 752 376 τετραγώνῳ,
781 280 856 353 οἷον
879 294 912 352 εἴ
932 287 1021 354 ἐστιν
1044 285 1065 374 ἡ

55 400 122 461 ΑΒ
145 389 262 461 εὐθεῖα
285 391 380 480 ῥητή,
404 389 425 478 ἡ
451 390 488 459 δὲ
505 398 568 460 ΓΔ
590 387 800 478 ἀσύμμετρος
823 389 905 480 αὐτή
929 396 969 479 τῇ
989 401 1065 477 ΑΒ,

54 498 92 568 τὸ
118 498 156 567 δὲ
178 495 243 568 άπὸ
266 508 325 586 τῆς
343 505 405 589 ΓΔ
427 497 637 587 τετράγωνον
661 498 851 588 σύμμετρον
869 507 917 584 εἴη
937 504 982 589 τῷ
1000 496 1065 567 άτιὸ

54 616 113 693 τῆς
136 613 216 690 ΑΒ,
248 602 269 692 ἡ
297 613 362 673 ΑΒ
392 605 448 673 καὶ
476 611 538 672 ΓΔ
566 604 707 692 δυνάμει
736 605 800 673 εἰσὶ
830 608 934 693 ῥηταί.
981 602 1065 674 ἀλλὰ

54 708 119 781 κάν
151 709 172 798 ἡ
206 718 281 778 ΖΗ
315 713 371 780 καὶ
403 709 440 779 τὸ
478 707 536 779 ἀπ’
572 709 675 798 αὐτῆς
709 711 921 798 τετράγωνον
959 710 1066 793 οὕτως
1102 743 1119 794 5

57 821 120 901 ἕξει
147 818 232 905 πρὸς
258 821 320 904 τήν
343 826 408 885 ΑΒ
436 817 493 885 καὶ
518 816 556 886 τὸ
580 816 646 886 άπὸ
670 821 727 904 τῆς
750 825 816 886 ΑΒ
844 818 1066 905 τετράγωνον,

56 925 102 1006 άς
124 925 212 1013 εἶχεν
235 924 255 1012 ἡ
276 931 338 994 ΓΔ
361 925 415 992 καὶ
439 925 478 990 τὸ
500 921 566 990 άπὸ
590 928 649 1010 τῆς
667 931 729 992 ΓΔ
751 923 963 1010 τετράγωνον
982 924 1066 1014 πρὸς

54 1033 118 1119 τήν
132 1040 197 1101 ΑΒ
216 1032 328 1100 καὶτὸ
347 1030 403 1098 ἀπ’
426 1028 528 1114 αὐτῆς
546 1031 769 1117 τετράγωνον,
792 1027 856 1099 κάν
875 1024 978 1118 οὖνὴ
999 1039 1070 1100 ΖΗ
1077 1051 1082 1059 ’

54 1140 111 1207 καὶ
133 1143 171 1208 τὸ
194 1138 405 1229 τετράγωνον
428 1138 530 1223 αὐτῆς
553 1136 659 1218 οὕτως
683 1140 794 1219 ἕξουσι
817 1138 900 1224 πρὸς
922 1138 984 1226 τήν
1002 1148 1066 1207 ΑΒ

54 1247 110 1314 καὶ
132 1249 170 1314 τὸ
194 1245 406 1332 τετράγωνον
430 1242 548 1330 αὐτῆς,
576 1243 596 1331 ἡ
622 1253 693 1312 ΖΗ
711 1247 766 1313 καὶ
788 1244 808 1333 ή
833 1254 899 1314 ΑΒ
924 1244 1066 1333 δυνάμει
1086 1277 1120 1328 10

54 1355 119 1421 εἰσὶ
143 1355 249 1440 ῥηταί.
293 1349 358 1420 κάν
381 1352 466 1438 άλλη
490 1351 687 1441 τιςεὺρεδή
711 1353 816 1432 οὕτως
839 1357 960 1440 ἔχουσα
983 1353 1067 1441 πρὸς

54 1458 116 1545 τὴν
140 1467 203 1526 ΑΒ
228 1455 273 1538 ὡς
300 1461 338 1524 αἱ
359 1459 548 1546 εἰρημέναι,
577 1459 719 1544 δυνάμει
743 1465 876 1529 ἔσονται
899 1459 982 1547 πρὸς
1004 1457 1066 1546 τήν

54 1571 122 1632 ΑΒ
146 1566 251 1650 ῥηταί.
297 1565 438 1652 δυνάμει
466 1565 528 1652 μὲν
555 1559 619 1633 οὖν
643 1567 738 1650 ῥηταὶ
767 1557 881 1651 αὗται,
909 1565 1005 1653 μήκει
1029 1566 1067 1634 δὲ

55 1673 164 1759 ῥηταί,
188 1666 269 1736 ὅταν
289 1670 328 1736 τά
349 1669 405 1738 ἀπ’
422 1669 535 1741 αὐτοῖν
554 1673 745 1759 τετράγωνα
759 1670 780 1758 ἢ
796 1674 832 1740 ἐν
845 1671 1067 1759 τετραγώνοις

55 1774 215 1863 άριδμοῖς
241 1768 263 1865 ᾖ
291 1772 312 1860 ή
339 1778 397 1855 τὰς
424 1778 569 1864 πλευράς
598 1785 663 1866 ἔχει
687 1781 895 1866 συμμέτρους
917 1782 957 1868 τῇ
981 1781 1063 1868 ῥητή
1085 1806 1119 1858 15

55 1885 159 1971 μήκει.
204 1883 259 1950 καὶ
283 1882 365 1968 τάχα
393 1881 430 1953 τὸ
454 1885 637 1972 λεγόμενον
664 1887 821 1954 τοιοῦτόν
844 1887 947 1954 ἐστιν·
985 1884 1066 1954 ὅταν

55 1995 287 2079 συγκρίνωμεν
311 1991 375 2056 δύο
394 1988 539 2075 εὐθείας,
563 2000 626 2060 εἴτε
647 1991 787 2078 δυνάμει
808 1993 871 2060 εἰσὶ
886 1991 982 2079 ῥηταὶ
1002 1999 1067 2060 εἴτε
1115 1990 1120 1998 ’

55 2097 167 2185 μήκει,
200 2101 255 2164 δεῖ
280 2094 365 2178 ὁρᾶν
393 2096 476 2183 πρὸς
503 2102 618 2184 τρίτην
646 2096 785 2167 εὐθεῖαν
813 2097 917 2185 ῥητήν
946 2090 1065 2184 οὖσαν,

54 2205 110 2271 καὶ
134 2207 165 2271 εἰ
187 2203 248 2290 μὲν
276 2201 432 2288 εὕροιμεν
461 2201 564 2283 αὐτάς
591 2205 687 2291 μήκει
714 2206 921 2292 συμμέτρους
947 2208 987 2293 τή
1016 2207 1066 2273 ἐκ-

54 2310 189 2398 κειμένη
213 2312 307 2397 ῥητή,
331 2309 385 2375 καὶ
409 2301 508 2376 αὗται
531 2312 627 2396 ῥηταὶ
651 2317 784 2379 ἔσονται
807 2312 917 2398 μήκει·
940 2309 981 2378 τὰ
999 2310 1064 2400 γάρ
1084 2338 1118 2389 20

54 2420 100 2507 τῷ
125 2412 214 2506 αὐτῷ
233 2417 329 2503 μήκει
349 2416 520 2504 σύμμετρα
541 2418 597 2484 καὶ
616 2416 700 2502 ῥητά
719 2418 774 2485 καὶ
793 2414 951 2504 άλλήλοις
969 2416 1065 2504 μήκει

55 2522 226 2609 σύμμετρα
252 2525 307 2591 καὶ
336 2523 418 2610 ῥητά
447 2525 524 2591 ε’στι.
569 2535 669 2595 τοῦτο
694 2523 732 2592 δὲ
756 2527 809 2591 δεῖ
833 2523 889 2590 καὶ
917 2525 969 2592 ἐπὶ
996 2535 1064 2592 ταῖν

56 2626 198 2714 δυνάμει
217 2630 327 2714 ῥητῶν
346 2644 465 2699 ποιεῖν.
497 2631 608 2698 ἰστέον
628 2631 676 2716 δέ,
701 2627 746 2708 ὡς
767 2625 988 2718 ἀντιστρέφει,
1011 2632 1065 2698 καὶ

56 2742 121 2803 εἴτε
145 2732 274 2802 εὐθεῖαι
298 2735 483 2822 σύμμετροί
503 2739 567 2803 εἰσι
593 2736 649 2803 καὶ
674 2734 729 2802 διὰ
753 2745 852 2802 τοῦτο
878 2736 933 2802 καὶ
957 2738 1066 2824 ῥηταί,

54 2842 111 2908 καὶ
129 2837 169 2908 τά
188 2837 245 2908 ἀπ’
263 2838 375 2910 αὐτῶν
393 2841 584 2928 τετράγωνα
602 2841 706 2928 λόγον
725 2846 870 2928 ἔχουσιν,
895 2838 1064 2929 δντετρά-
1085 2872 1120 2923 25

55 2973 165 3033 γωνος
187 2945 269 3034 πρὸς
291 2947 502 3034 τετράγωνον
525 2945 690 3034 άριθμόν,
718 2944 781 3015 κάν
809 2948 849 3015 τὰ
872 2947 1064 3036 τετράγωνα

55 3053 159 3140 λόγον
183 3059 314 3142 ἔχωσιν,
341 3050 382 3121 ὃν
404 3054 611 3142 τετράγωνος
633 3053 717 3140 πρὸς
739 3053 961 3141 τετράγωνον,
987 3053 1066 3140 σύμ-

55 3186 169 3248 μετροι
200 3161 255 3228 καὶ
283 3163 384 3248 ῥηταί
409 3164 494 3228 εἰσιν
527 3164 565 3228 αἱ
590 3158 731 3229 εὐθεῖαι.
775 3160 928 3229 καθόλου
957 3152 1020 3228 οὖν
1045 3160 1065 3247 ή

54 3269 94 3354 τῇ
119 3269 201 3355 ῥητή
226 3266 412 3354 σύμμετρος
430 3273 576 3353 καλεῖται
596 3267 679 3356 ῥητή
700 3275 764 3336 εἴτε
782 3267 878 3354 μήκει
897 3268 981 3354 μέση
1002 3275 1067 3335 εἴτε

54 3423 268 3432 u—.--—.—

127 3505 152 3554 8.
171 3494 202 3570 ἡ]
223 3515 276 3556 om.
296 3518 323 3569 q.
396 3505 438 3558 29.
459 3498 544 3575 μεόη]
563 3517 617 3558 set.
637 3499 811 3575 οάμμετοος.
