2362 3796
94 129 137 194 64
462 129 663 183 ΣΤΟΙΧΕΈΩΝ
682 125 730 184 ιε’.

157 269 229 338 Ἐπὶ
253 269 291 339 δέ
313 275 374 339 τοῦ
399 271 632 358 δωδεκαέδρου
656 268 774 350 οὕτως·
797 269 976 357 νενοήσθω
1000 274 1038 339 ἓν
1061 296 1111 340 τε·

93 376 269 464 τράγωνον
296 382 357 446 τοῦ
384 377 507 464 κύβου,
541 375 600 462 ἀφ’
627 369 669 445 οὗ
697 376 735 446 τὸ
765 376 999 463 δωδεκάεδρον
1028 376 1110 447 ἀνα-

93 483 267 571 γράφεται,
285 486 323 554 τὸ
337 490 470 553 ΑΒΓΔ
488 484 543 552 καὶ
564 483 627 552 δύο
647 485 785 552 ἐπίπεδα
798 487 860 551 τοῦ
874 486 1109 572 δωδεκαέδρου

92 588 133 656 τά
156 598 340 677 ΑΕΒΖΗ,
359 596 505 658 ΗΔΘΓ
505 597 541 659 Z.
587 591 671 677 λέγω
696 588 738 677 δὴ
760 590 816 657 καί
840 591 989 658 ἐνταῦθα
1014 594 1110 660 δεδο-

59 726 76 775 5
94 696 200 783 μένην
216 693 379 783 εἶναιτὴν
392 702 503 765 κλίσιν
516 700 586 764 τών
601 695 664 764 δύο
678 697 910 782 πενταγώνων.
932 697 1109 784 τετμήσθω

92 799 113 888 ἡ
138 809 211 869 ΖΗ
229 806 305 889 δίχα
327 800 410 869 κατά
434 800 472 869 τὸ
496 809 540 887 Κ,
563 803 618 869 καὶ
642 798 708 869 ἀπὸ
732 803 793 868 τοῦ
816 808 850 868 Κ
871 813 911 890 τῇ
936 810 1008 870 ΖΗ
1025 802 1111 891 πρὸς

93 906 203 996 ὀρθάς
220 905 382 994 ἤχθωσαν
402 909 440 975 έν
454 908 596 999 ἑκατέρω
610 911 679 975 τών
694 910 860 976 ἐπιπέδων
874 911 912 974 αί
923 915 958 975 Κ
962 917 1004 994 Α,
1018 917 1108 995 ΚΜ,

92 1014 148 1080 καὶ
172 1012 358 1100 ἐπεζεύχθω
382 1010 403 1098 ἡ
428 1019 512 1081 ΜΛ.
559 1015 644 1100 φημί
669 1010 710 1099 δὴ
735 1016 886 1101 πρώτον,
914 1011 966 1080 ὅτι
993 1012 1015 1100 ἡ
1039 1012 1109 1082 ὑπὸ

93 1124 171 1185 ΜΚ
177 1126 207 1186 Α
229 1124 336 1206 γωνία
359 1116 500 1206 ἀμβλεῖα
525 1121 624 1188 ἐστιν.
661 1120 826 1187 δέδεικται
847 1115 912 1206 γάρ
936 1121 972 1186 ἐν
995 1123 1040 1210 τῷ
1061 1122 1109 1207 ιγ’

43 1254 77 1302 10
95 1228 211 1314 βιβλίῳ
234 1228 302 1292 τών
327 1231 500 1311 στοιχείων
522 1223 596 1311 ἡτοι
619 1229 678 1309 τῆς
700 1223 890 1304 συστάσεως
918 1229 981 1292 τοῦ
1006 1229 1109 1294 δωδε-

94 1329 255 1415 καέδρου,
290 1330 341 1397 ὅτι
369 1327 390 1416 ἡ
419 1328 485 1398 ἀπὸ
511 1334 573 1398 τοῦ
597 1337 632 1397 K
657 1331 801 1409 κάθετος
823 1328 971 1417 ἀγομένη
996 1331 1048 1398 ἐπί
1070 1332 1109 1397 τὸ

95 1440 229 1503 ΑΒΓΔ
260 1435 471 1522 τετράγωνον
502 1433 636 1522 ἡμίσειά
674 1439 742 1504 ἐστι
778 1441 837 1523 τῆς
871 1441 1016 1524 πλευρᾶς
1045 1446 1107 1502 τοῦ

95 1543 318 1627 πἐνταγώνου.
352 1539 436 1609 ὥστε
455 1543 600 1609 ἐλάττων
620 1542 688 1610 ἐστὶ
707 1547 766 1628 τὴς
784 1539 937 1629 ἡμισείας
949 1545 1007 1628 τῆς
1021 1549 1064 1608 Μ
1065 1549 1107 1626 Α,

95 1648 151 1716 καὶ
183 1647 240 1715 διά
272 1652 372 1716 τοῦτο
400 1647 421 1734 ἡ
456 1645 522 1717 ὑπὸ
551 1653 664 1715 ΜΚΑ
695 1653 802 1735 γωνία
835 1645 975 1735 ἀμβλεῖα
1008 1649 1108 1714 ἐστιν.

45 1779 78 1828 15
97 1755 393 1822 συναποδέδεικται
413 1754 450 1822 δὲ
469 1757 507 1823 ἐν
525 1750 614 1843 αὐτῷ
633 1758 679 1845 τῷ
699 1753 903 1842 θεωρήματι,
928 1751 980 1822 ὅτι
997 1753 1053 1821 καὶ
1071 1750 1109 1821 τὸ

62 1900 69 1909 «
96 1860 157 1946 μὲν
171 1857 321 1929 ἀπάΚΛ
339 1870 415 1929 ίσον
430 1861 498 1928 ἐστὶ
513 1864 557 1950 τῷ
572 1857 638 1929 ἀπὸ
651 1864 710 1947 τῆς
728 1858 881 1947 ἡμισείας
892 1863 951 1946 τῆς
964 1862 1111 1946 πλευράς

95 1970 155 2033 τοῦ
178 1966 286 2053 κύβου
308 1967 364 2033 καὶ
386 1969 431 2057 τῷ
456 1964 521 2034 ἀπὸ
545 1969 603 2052 τῆς
625 1963 777 2051 ἡμισείας
799 1970 858 2052 τῆς
879 1968 1026 2051 πλευράς
1047 1973 1109 2029 τοῦ

96 2071 321 2157 πενταγώνου.
368 2070 451 2140 ώστε
474 2059 536 2158 τὴν
560 2067 667 2157 αάτὴν
690 2068 751 2157 τὴν
775 2078 844 2139 ΚΑ
867 2071 922 2139 καί
945 2068 1006 2155 τὴν
1030 2074 1113 2134 ΚΜ

96 2185 170 2257 ίσας
193 2174 296 2255 οὔσας
319 2181 470 2262 μείζονας
493 2173 579 2244 εἶναι
602 2181 660 2262 τῆς
682 2174 834 2263 ἡμισείας
856 2180 914 2263 τῆς
935 2181 1018 2243 ΜΔ.
1050 2176 1110 2258 τὴς

41 2307 77 2355 20
96 2280 162 2366 ἀρα
185 2279 250 2348 ὑπὸ
273 2288 387 2349 ΜΚΛ
410 2289 534 2367 γωνίας
557 2286 717 2368 δοθείσης
745 2280 765 2368 ἡ
794 2286 954 2349 λείπουσα
983 2284 1030 2359 είς
1051 2276 1111 2358 τὰς

98 2386 161 2454 δύο
185 2385 291 2474 ὀρθὰς
313 2385 334 2473 ἡ
357 2392 465 2467 κλίσις
487 2393 578 2456 ἔσται
600 2392 670 2456 τών
694 2387 860 2455 ἐπιπέδων
880 2384 1039 2471 δηλονότι
1059 2389 1109 2452 δε·

98 2493 232 2579 δομένη.
277 2494 346 2560 ἐπεὶ
370 2485 477 2581 οὖνὴ
501 2491 628 2578 πλευρά
654 2496 714 2560 τοῦ
738 2495 871 2558 ΑΒΓΔ
898 2489 1111 2576 τετραγώνου

97 2597 118 2687 ἡ
142 2595 365 2666 ὑποτείνουσά
388 2600 457 2667 ἐστι
481 2599 538 2679 τάς
558 2599 620 2667 δύο
639 2595 785 2686 πλευρὰς
801 2600 863 2663 τοῦ
881 2594 1112 2680 πενταγώνου,

97 2706 231 2773 δέδοται
246 2704 284 2772 δὲ
297 2703 334 2773 τὸ
349 2704 579 2791 πεντάγωνον,
599 2705 733 2772 δέδοται
748 2701 812 2790 ἀρα
826 2698 847 2788 ἡ
863 2707 907 2767 Μ
908 2707 947 2767 Α.
976 2701 1111 2769 δέδοται

46 2835 79 2886 25
100 2813 137 2879 δὲ
159 2812 215 2879 καὶ
238 2812 375 2899 ἑκατέρα
397 2813 465 2879 τών
484 2815 570 2895 ΜΚ,
589 2816 672 2878 ΚΛ·
696 2808 833 2877 κάθετοι
855 2806 922 2896 γάρ
941 2810 1027 2875 είσιν
1046 2804 1112 2875 ἀπὸ

170 2978 193 3025 1.
212 2968 247 3024 ε’
268 2970 297 3024 Ρ.
370 2964 436 3024 ἐπει
450 2969 480 3022 Ρ.
554 2973 581 3022 4.
598 2969 757 3034 AEBzH]
775 2965 832 3020 litt.
851 2969 938 3020 ΒΖΗ
954 2966 983 3020 in
1002 2982 1055 3019 ras.
1074 2981 1110 3017 m.

97 3042 167 3111 Π,
187 3045 267 3095 ΑΕΖ
286 3040 345 3094 ΡΒ.
418 3038 577 3109 ΗΔΘΓΖ]
596 3055 654 3106 mg.
673 3056 710 3093 m.
730 3043 746 3091 2
765 3036 800 3103 V,
819 3039 910 3092 ΔΘΓ
924 3036 984 3105 ΡΒ,
1006 3035 1066 3089 ΗΘ
1083 3051 1109 3086 v.

133 3112 275 3179 δεδομένα
294 3111 354 3163 ΡΒ.
429 3117 453 3165 7.
473 3110 553 3181 ΚΜ]
572 3112 632 3162 ΚΗ
651 3107 681 3161 Ρ.
754 3114 779 3162 9.
799 3102 858 3162 ἔστι
875 3108 994 3163 Bva.
1068 3108 1110 3158 10.

99 3184 211 3254 βιβλίῳ]
233 3200 286 3236 om.
307 3201 331 3236 v.
413 3178 492 3251 ἤτοι]
513 3182 689 3248 corruptum
713 3197 740 3232 οι
759 3177 781 3229 Ρ
800 3180 830 3232 et
848 3192 933 3247 supra
951 3192 1002 3230 scr.
1021 3193 1056 3243 ητ
1073 3171 1111 3240 Β;

98 3253 164 3306 fort.
185 3248 225 3306 ἐκ.
299 3247 420 3314 στάσεως
438 3251 481 3306 V?
556 3255 596 3303 14.
622 3245 680 3304 ἐστι
703 3247 822 3303 Pva.
896 3252 938 3301 17.
962 3245 1017 3318 τῷ]
1043 3260 1112 3298 corr.

99 3337 133 3375 ex
146 3319 178 3376 τό
193 3341 229 3376 m.
245 3329 261 3376 2
276 3323 310 3390 V,
329 3319 361 3378 τό
380 3321 410 3377 Ρ.
485 3327 526 3377 18.
545 3317 608 3392 τήν]
629 3321 701 3389 (alh)
721 3334 806 3388 supra
824 3336 874 3374 sor.
888 3335 926 3372 m.
943 3321 958 3368 1
974 3334 999 3370 v.
1069 3320 1111 3369 19.

98 3392 148 3459 τῆς
165 3387 309 3464 ἡμισείας]
326 3394 383 3447 τάν
402 3388 525 3462 ἡμισέων
542 3409 571 3444 m
590 3392 620 3445 ολ
633 3391 662 3445 in
676 3407 731 3447 ras.
746 3396 814 3444 Μ
832 3387 866 3445 V.
938 3391 981 3440 20.
1001 3386 1111 3456 ΜΚΑ]

98 3463 134 3513 Μ
150 3479 164 3516 ο
184 3479 253 3517 corr.
272 3481 297 3517 v.
371 3469 415 3518 λλ.
433 3463 502 3534 τοῦ]
520 3459 558 3516 τώ
578 3480 604 3517 v.
676 3468 720 3516 23.
743 3457 780 3532 ἡ]
805 3475 858 3514 om.
876 3474 914 3517 m.
987 3451 1063 3512 ἔστιν
1082 3455 1112 3511 Ρ.
