2362 3796
94 153 161 218 534
243 153 399 207 SCHOLIA
417 155 456 205 IN
474 152 749 205 ELEMENTORUM
766 151 907 203 LIBRUM
920 150 955 206 X.

446 350 502 415 Ad
525 372 629 435 prop.
652 346 767 412 XLVI.

163 475 236 541 287.
271 470 326 538 Ἐκ
349 474 407 557 τῆς
429 476 476 550 είς
499 468 625 538 άτοπον
648 466 836 556 ἀπαγωγῆς.

435 665 490 730 Ad
513 687 616 750 prop.
639 663 771 730 XLVII.

161 792 235 856 288.
270 786 326 854 Ἐκ
348 791 406 874 τῆς
429 791 478 867 εἰς
501 784 628 855 ἄτοπον
652 784 838 872 ἀπαγωγῆς.

60 919 76 966 τ
162 897 236 961 289.
278 891 420 960 ΤὸΕΗ
474 891 606 960 τοοκ
662 888 782 979 ἡΚΗ
836 887 949 977 ἡΑΓ
1003 885 1119 975 m

336 1020 361 1070 0
523 1018 548 1068 0
667 993 769 1064 οὐδέν
880 1001 886 1063 Ι
1042 1002 1049 1063 Ι

319 1125 376 1194 νο
504 1125 562 1195 νο
690 1125 752 1194 νιν
869 1105 908 1191 λ·
1029 1105 1071 1190 λ·

322 1215 376 1300 λιν
508 1214 562 1299 λιν
704 1214 744 1299 ιλ
874 1229 915 1298 ιι
1041 1214 1079 1299 'o

318 1339 370 1405 νο
504 1320 556 1405 νο
706 1320 738 1404 v*

42 1446 75 1495 10
324 1443 371 1513 γο
515 1426 555 1512 γρ
709 1426 744 1507 1η

332 1536 356 1596 Ι.

273 1726 330 1791 Ad
355 1725 611 1790 definitiones
635 1725 779 1790 alteras
803 1747 833 1809 p.
859 1722 931 1788 136.

160 1850 233 1916 290.
271 1846 431 1933 Πέμπτον
457 1844 643 1931 κεφάλαιον
669 1842 733 1932 τὴν
761 1847 797 1913 ἐκ
826 1843 888 1912 δύο
920 1841 1115 1931 ὀνομάτων,

93 1950 165 2038 ἥτις
197 1954 266 2020 ἐστὶ
298 1952 412 2040 πρω’τη
446 1955 514 2021 τῶν
548 1949 630 2020 κατὰ
664 1952 845 2037 σύνθεσιν,
883 1951 1004 2036 ἕξπχῶς
1040 1954 1115 2019 διοι-

42 2082 76 2131 15
95 2059 355 2146 ποικιλλομένην
379 2057 590 2147 άνενρίσκον.
1139 2052 1141 2057 ’

160 2169 235 2235 291.
268 2162 312 2233 Τὸ
333 2171 445 2251 μεῖζον
460 2162 569 2251 ὄνομα
587 2188 618 2251 p.
634 2167 707 2251 136,
721 2167 756 2248 3]
776 2169 888 2250 μεῖζον
903 2160 1010 2250 ὄνομα
1026 2161 1114 2233 αὐτὸ

91 2269 129 2338 τὸ
155 2276 268 2356 μεῖζον
291 2274 401 2357 τμῆμα
423 2278 579 2338 καλεῖται.

158 2378 232 2442 292.
270 2373 314 2442 Ἡ
339 2373 399 2461 ὅλη
427 2402 458 2463 p.
485 2378 561 2462 136,
585 2379 623 2460 6]
653 2375 715 2461 ὅλη
749 2375 907 2462 δηλονότι
933 2371 954 2461 ἡ
984 2374 1021 2442 ἐκ
1047 2374 1116 2444 δύο

94 2478 272 2566 ὀνομάτων
295 2482 351 2548 καὶ
374 2485 596 2569 διαιρεθεῖσα,
620 2478 665 2560 ὡς
687 2479 870 2552 ὑπόκειται.

40 2718 75 2766 20
420 2679 477 2743 Ad
501 2701 606 2764 prop.
629 2677 779 2745 XLVIII.

156 2803 232 2868 293.
259 2798 368 2868 Ἔστω
393 2797 410 2868 ὁ
436 2808 497 2868 ΕΖ
526 2798 674 2889 ἀριθμὸς
696 2802 856 2888 μονάδων
878 2807 912 2886 ξ,
940 2797 958 2867 ὁ
982 2798 1020 2867 δὲ
1045 2807 1117 2868 ΖΗ

93 2906 255 2992 μονάδων
279 2895 300 2973 δ
324 2906 379 2974 καὶ
403 2915 533 2975 λεπτῶν
556 2906 697 2996 πριότων
720 2913 759 2994 μ,
783 2897 832 2974 ὦν
855 2904 1028 2992 τεσσάρων
1053 2932 1115 2994 μο·

94 3010 211 3079 νάδων
225 3013 280 3080 καὶ
295 3017 425 3081 λεπτῶν
439 3012 619 3101 πριότωνμ
638 3017 729 3081 ἔσται
748 3011 892 3099 δύναμις
908 3011 983 3099 ἤτοι
997 3012 1116 3100 τετρά-

93 3143 203 3202 γωνος
227 3116 244 3185 ὁ
268 3123 289 3184 ιί
312 3117 470 3205 ἀριθμός·
506 3123 567 3188 τοῦ
591 3118 656 3206 γδιρ
680 3127 785 3187 εἴκοσι
814 3116 942 3205 πλευρά
965 3121 1053 3187 εἰσιν
1077 3123 1119 3186 αἶ

97 3238 311 3246 -—-—-———.—

164 3283 225 3332 287.
245 3277 304 3333 BF.
391 3283 451 3333 288.
472 3278 530 3333 BF.
621 3284 682 3333 289.
701 3277 788 3332 Vbin
808 3277 905 3349 figura.
995 3281 1059 3335 290.
1078 3279 1112 3334 P.

126 3353 186 3401 291.
206 3366 232 3416 q.
307 3353 367 3403 292.
387 3367 413 3417 q.
486 3348 667 3419 οοο.η(Ρ).

94 3447 311 3459 ¹—-

153 3497 199 3549 24.
222 3489 348 3569 πλευρά]
371 3494 493 3565 πλευραί
514 3512 545 3564 q.
