2362 3796
330 171 512 222 Αεεωωοωι
531 171 766 222 εοΗοιιοιιωιι
784 171 820 224 11.
1020 164 1082 230 701

71 311 368 398 προσννεσταμένα
395 337 430 377 τε
456 311 509 377 καὶ
538 311 802 397 προδεδειγμένα
829 307 909 396 ἡμῖν
938 306 1085 391 σαπρὸς

72 416 134 505 τήν
157 415 287 486 τούτων
310 415 518 502 κατασκευήν
540 418 791 503 χρησιμεύοντα.
829 420 859 483 εί
879 416 919 483 δέ
934 441 972 500 γε
990 418 1085 501 χρεία

72 517 117 611 ήν
139 528 185 615 τῷ
210 526 402 609 στοιχειωτή
427 519 551 600 παντὸς
570 526 683 601 είδους
701 525 905 606 ίσοσκελοῦς,
929 523 1030 612 ἐντῷ
1051 523 1085 588 δ’

72 630 269 718 θεωρήματι
287 621 330 716 ήν
349 624 394 695 δν
411 625 513 718 αὐτῷ,
534 628 590 694 καὶ
608 626 702 714 ἡμεῖς
721 624 764 695 ἂν
784 629 960 713 δεηθέντες
973 632 1034 696 τοῦ
1048 627 1083 713 β’

74 763 108 804 τε
131 737 187 804 καί
209 741 269 804 τού
292 741 407 822 τρίτου
429 738 496 801 πᾶν
515 730 606 813 εἶδος
624 738 817 814 ίσοσκελούς
836 733 1085 822 σννεστήσαμεν
1121 757 1138 804 5

75 841 164 927 παρὰ
185 841 224 910 τὸ
249 844 465 927 ἰσόπλευρον,
494 839 563 907 ἐπεὶ
592 851 692 908 τοῦτο
720 838 823 920 αὐτὸς
846 845 1042 925 συνίστησιν
1066 838 1083 907 ὁ

76 948 261 1034 Εὐκλείδης
283 945 346 1040 πρὸ
369 956 437 1014 τῶν
461 943 574 1013 ἄλλων
592 944 728 1014 πάντων
747 945 934 1033 σχημάτων.
966 946 1023 1013 καὶ
1041 945 1084 1032 δή

74 1060 215 1141 συσταίη
239 1050 283 1120 δν
306 1052 473 1132 ἰσοσκελὲς
496 1057 649 1139 μείζονας
672 1056 750 1139 ἔχον
771 1050 831 1130 τὰς
849 1051 912 1119 δύο
931 1055 989 1138 τῆς
1008 1055 1085 1138 μιᾶς

77 2323 131 2391 ἐπὶ
162 2334 221 2408 της
253 2327 413 2411 δοθείσης
445 2321 581 2402 εὐθείας
614 2320 732 2402 οὕτως·
774 2327 856 2392 ἔστω
889 2320 909 2410 ἡ
946 2327 1088 2391 δοθεῖσα

76 2427 195 2498 εὐθεῖα
213 2427 234 2515 ἡ
249 2438 313 2497 ΑΒ
332 2431 388 2498 καὶ
408 2429 623 2516 ἐκβεβλήσθω
642 2427 696 2516 ἐφ’
714 2427 852 2517 ἑκάτερα
866 2430 919 2498 ἐπὶ
933 2431 973 2498 τὰ
988 2436 1027 2516 Γ,
1043 2438 1086 2514 Λ,
1109 2450 1142 2500 10

76 2535 133 2603 καὶ
155 2540 279 2603 κείσθω
304 2545 359 2624 ίση
383 2535 404 2622 ἡ
428 2546 456 2604 Α
463 2546 495 2604 Δ
518 2541 557 2626 τή
575 2541 648 2622 ΒΓ,
673 2535 728 2602 καί
751 2538 876 2627 κέντρῳ
901 2536 962 2622 μὲν
980 2547 1025 2626 τῷ
1046 2545 1088 2620 A,

78 2641 273 2727 διαστήματι
301 2643 339 2711 δὲ
366 2647 411 2733 τῷ
439 2653 472 2710 Α
478 2649 510 2710 Γ
536 2642 659 2721 κύκλος
683 2641 868 2728 γεγράφθω
896 2639 915 2709 ὃ
942 2647 1087 2726 ΕΖΗΓ,

77 2746 203 2837 κέντρῳ
232 2747 269 2816 δὲ
297 2753 342 2839 τῷ
365 2755 410 2833 Β,
443 2747 642 2833 διαστήματι
670 2747 707 2815 δὲ
729 2750 774 2839 τῷ
798 2753 866 2814 ΒΔ
893 2747 1014 2826 κύκλος
1037 2772 1089 2833 γε-

78 2851 225 2938 γράφθω
245 2849 431 2938 δΕΘΗΔ,
449 2853 504 2920 καὶ
524 2853 775 2940 ἐπεζεύχθωσαν
794 2856 831 2919 αἱ
842 2860 875 2918 A
881 2860 920 2936 E,
934 2857 1007 2918 ΒΕ.
1034 2851 1090 2918 καί
1152 2837 1155 2844 ’

78 2961 278 3026 συνέσταται
302 2959 354 3025 ἐπὶ
377 2963 435 3046 τής
458 2966 523 3026 ΑΒ
548 2964 714 3045 τρίγωνον
739 2958 907 3036 ἰσοσκελὲς
928 2955 966 3025 τὸ
990 2962 1090 3024 ΑΕΒ
1110 2978 1143 3028 15

78 3064 132 3133 ἐπὶ
163 3069 223 3150 τῆς
253 3073 332 3133 AB·
375 3066 444 3132 ε’πεὶ
480 3064 545 3153 γὰρ
582 3067 723 3150 κέντρον
760 3065 830 3132 ἐστὶ
861 3067 922 3132 τοῦ
954 3071 1017 3131 ΕΖ
1026 3069 1095 3130 ΗΓ

77 3169 204 3238 κύκλον
230 3169 268 3238 τὸ
292 3180 339 3255 Α,
368 3179 422 3256 ἴση
450 3171 543 3239 ἐστίν
570 3168 591 3256 ἡ
615 3177 685 3238 ΑΓ
707 3174 747 3258 τῇ
772 3175 847 3238 ΑΕ.
892 3168 993 3238 πάλιν
1021 3169 1090 3236 ἐπεὶ

77 3277 219 3362 κέντρον
242 3276 311 3343 ἐστὶ
333 3279 395 3344 τού
418 3282 561 3343 ΕΘΗΔ
587 3275 713 3343 κύκλον
740 3272 778 3344 τὸ
802 3281 846 3360 Β,
877 3283 931 3360 ίση
955 3272 1090 3361 ἐστίνή

79 3389 148 3448 ΒΔ
169 3384 209 3470 τῇ
232 3387 304 3449 ΒΕ.
350 3389 405 3467 ἴση
430 3380 467 3450 δὲ
491 3377 511 3467 ή
535 3386 605 3447 ΑΓ
627 3383 667 3468 τῇ
690 3386 774 3468 ΒΔ,
802 3380 873 3448 ἐπεὶ
893 3381 955 3446 καί
980 3379 1012 3461 δή
1034 3390 1104 3442 ΑΔ

77 3490 117 3574 τῇ
132 3494 200 3555 ΒΓ
217 3497 282 3574 ίση.
314 3488 461 3559 ἐλύττων
481 3485 561 3579 δδὴ
585 3495 654 3558 ΑΒ
675 3484 851 3578 δαοτὲρας
864 3488 940 3552 των
964 3486 1052 3554 A&
1066 3474 1148 3534 AY-
