2362 3796
235 122 392 176 SOHOLIA
410 123 449 174 IN
467 123 741 202 ELEMENTQRUM
758 124 899 176 LIBRUM
912 124 934 178 I.
1045 120 1087 185 87

69 289 186 350 γονον
208 262 264 330 καὶ
287 261 420 347 άνισον,
444 289 489 342 τις
511 262 634 348 ποσόν,
659 260 743 330 ἀλλὰ
765 261 832 350 μὴν
856 268 923 349 ἔχει
946 263 1001 330 καὶ
1024 261 1088 350 τὴν

70 367 156 436 κατὰ
174 366 211 436 τὸ
232 372 340 455 σχῆμα
359 368 530 454 ποιότητα,
553 372 620 454 ἔχει
638 367 676 435 δὲ
693 368 749 434 καὶ
763 366 906 455 τὴντῶν
925 379 1088 456 γραμμῶν

53 472 156 560 Ιπρὸς
182 472 310 560 άλληλα
335 478 457 542 κλίσιν.
502 473 559 542 καὶ
585 471 606 559 ἡ
635 480 743 560 γωνία
766 479 882 543 τοίνυν
906 479 1009 543 δείται
1031 474 1087 543 καὶ

35 581 36 584 '
67 579 264 666 ποιότητος,
300 577 380 648 καθ’
414 577 459 666 ἣν
491 574 565 649 οἷον
598 578 735 668 μορφὴν
769 583 895 648 οἰκείαν
932 584 997 667 ἔχει
1032 580 1088 647 καλ

69 690 263 773 χαρακτῆρα
285 690 344 772 τῆς
361 682 544 773 ὑπάρξεως·
570 689 675 754 δείται
694 687 750 754 καλ
773 686 837 772 τῆς
854 685 996 772 σχέσεως
1017 688 1088 753 τῶν
1125 709 1142 758 ο

73 789 309 880 άφοριζονσῶν
324 789 430 878 αὐτὴν
443 795 617 880 γραμμῶν,
632 792 687 860 καὶ
702 789 852 880 διαιρετὴ
868 792 983 878 μέντοι
997 790 1088 858 ἐστὶν

70 898 130 964 καὶ
155 895 305 983 ἰσότητος
326 898 381 965 καλ
404 895 601 984 άνισότητος
620 897 763 984 δεκτική,
787 894 850 965 ούκ
869 896 1088 983 ἀναγκάζεται

74 1002 112 1071 δὲ
134 1028 195 1071 τον
217 1001 320 1089 λόγον
343 1004 555 1089 ἐπιδέχεσθαι
573 1007 642 1072 τῶν
660 1001 836 1091 ὁμογενῶν
855 1006 1012 1091 μεγεθῶν
1030 999 1089 1070 διά

70 1107 110 1178 τὸ
132 1110 189 1178 καί
210 1108 369 1196 ποιότητα
389 1109 586 1191 ἰδιάζουσαν
604 1114 701 1197 ἐχειν,
720 1107 800 1178 καθ’
818 1105 861 1197 ἣν
879 1108 1091 1197 άσύμβλητοί

71 1219 157 1284 εἰσιν
169 1214 331 1295 πολλάκις
344 1222 466 1303 γωνίαι
480 1214 579 1283 άλλαι
593 1214 718 1296 άλλαις.
746 1221 778 1284 εἰ
790 1216 832 1302 δὴ
847 1215 932 1305 πρὸς
944 1214 1086 1295 τούτους
1106 1240 1141 1288 10

68 1319 315 1408 άποβλέποιμεν
333 1318 414 1400 τοὺς
431 1321 727 1410 κροσδιορισμούς,
751 1321 807 1390 καί
825 1320 866 1389 τδι
884 1320 995 1409 άπορα
1014 1323 1084 1388 δια-

66 1427 215 1514 λύσομεν
233 1428 290 1495 καὶ
307 1425 371 1514 τὴν
386 1427 537 1513 ἰδιότητα
551 1431 609 1513 τῆς
623 1435 747 1515 γωνίας
766 1425 963 1516 εὑρήσομεν.
1000 1423 1085 1494 άλλδι

66 1543 173 1600 ταῦτα
201 1532 263 1618 μὲν
293 1529 413 1610 οὕτως·
454 1537 522 1599 τῶν
551 1532 588 1600 δὲ
615 1537 751 1619 γιινιῶν
778 1534 837 1611 τὰς
864 1533 925 1619 μέν
953 1534 991 1600 ἐν
1019 1532 1086 1598 ἐπι-

68 1643 194 1724 φανείᾳ
217 1641 444 1703 συνίστασθαι
466 1638 614 1720 λεκτέον,
643 1637 701 1714 τὰς
724 1635 756 1701 δ’
782 1639 819 1705 ἐν
842 1648 1004 1725 στερεοῖς,
1031 1635 1086 1702 καὶ

69 1744 140 1808 τῶν
155 1742 191 1807 ἐν
207 1741 415 1825 ἐπιφανείαις
428 1738 487 1819 τὰς
500 1739 562 1826 μὲν
577 1743 613 1808 ἐν
627 1740 758 1825 ἁπλαῖς,
772 1740 831 1820 τὰς
845 1739 876 1808 δ’
893 1743 930 1810 έν
944 1753 1085 1827 μικταίς·
1106 1768 1141 1817 15

70 1846 128 1914 καλ
155 1843 222 1932 γάρ
251 1846 288 1911 ἐν
314 1855 355 1933 τῇ
386 1847 582 1934 κυλινδρικῇ
612 1849 790 1936 ἐπιφανείᾳ
816 1844 939 1933 γένοιτ’
965 1840 1009 1912 άν
1031 1847 1087 1913 καὶ

69 1954 107 2020 ἐν
129 1955 170 2041 τῇ
194 1954 333 2039 κωνικῇ·
364 1954 433 2019 τῶν
457 1949 489 2018 δ’
516 1955 553 2020 ἐν
576 1966 648 2033 ταῖς
670 1950 790 2032 διπλαῖς
812 1955 850 2020 αἰ
870 1950 932 2039 μέν
956 1954 993 2019 ἐν
1014 1964 1087 2032 ταίς

68 2062 240 2146 σφαίραις,
260 2060 298 2123 αἰ
313 2057 351 2125 δὲ
369 2060 495 2138 ἐντοῖς
514 2060 683 2138 ἐπιπέδοις
701 2063 815 2146 έχουσι
833 2055 897 2146 τὴν
915 2056 1085 2127 σύστασιν.

66 2169 136 2232 τῶν
152 2162 184 2230 δ’
203 2164 240 2229 ἐν
252 2177 322 2242 τοῖς
341 2165 508 2243 ἐπιπέδοις
527 2167 564 2231 αλ
580 2163 642 2251 μὲν
654 2162 721 2232 ὑπὸ
741 2162 858 2234 ἁπλῶν
875 2165 1083 2253 περιέχονται

68 2274 248 2358 γραμμῶν,
276 2272 314 2336 αί
340 2269 377 2337 δὲ
404 2267 470 2338 ὑπὸ
499 2275 640 2358 μικτῶν,
668 2274 706 2338 αί
728 2270 765 2339 δέ
787 2268 844 2340 ὑπ’
869 2267 1081 2360 άμφοτέρων·
1101 2298 1136 2348 20

70 2379 106 2444 ἐν
124 2375 189 2464 γδιρ
206 2385 253 2466 τῷ
272 2380 385 2467 θυρεῷ
404 2377 588 2464 περιέχεται
605 2383 713 2464 γωνία
726 2403 776 2457 τις
793 2376 860 2446 ὑπὸ
881 2382 942 2447 τού
962 2377 1084 2459 ἄξονος

68 2483 125 2550 καὶ
145 2485 204 2568 τῆς
226 2485 287 2549 τού
311 2485 440 2566 θυρεοῦ
458 2487 623 2571 γραμμῆς,
647 2483 851 2552 καὶτούτων
869 2483 890 2570 ἡ
910 2485 972 2570 μέν
991 2487 1082 2553 ἐστιν

67 2586 167 2674 ἁπλῆ,
190 2585 211 2675 ἡ
236 2587 274 2656 δδ
297 2587 405 2676 μικτή,
428 2592 483 2657 καὶ
507 2587 593 2668 ὅλως
610 2592 731 2658 πολλαὶ
749 2594 900 2659 τοιαῦται
919 2589 1082 2676 διαφοραὶ

67 2707 138 2773 τοῖς
156 2699 409 2779 φιλομαθοῦσιν
429 2693 652 2784 ὀφθησονται.
678 2695 801 2776 ταύτας
818 2701 937 2764 τοίνυν
952 2692 1082 2772 ἁπάσας

66 2797 127 2878 τὰς
149 2800 186 2867 ἐν
204 2800 370 2882 ἐπιπέδοις
389 2802 632 2888 συνισταμένας
650 2829 669 2870 ο
687 2803 876 2889 γεωμέτρης
895 2802 931 2868 ἐν
950 2796 1082 2877 τούτοις
1100 2825 1135 2874 25

67 2901 258 2992 ἀφορίζεται
280 2905 399 2976 κοινὸν
422 2906 532 2995 όνομα
556 2909 699 2993 θέμενος
722 2905 839 2986 αύταίς
865 2902 904 2974 τὸ
931 2907 990 2990 τῆς
1013 2906 1082 2972 ἐπι-

64 3011 171 3079 πέδου
193 3017 329 3098 γωνίας,
352 3015 390 3080 τδ
414 3013 475 3100 μέν
498 3014 596 3099 γένος
619 3011 731 3081 αύτῶν
753 3015 864 3080 κλίσιν
884 3008 998 3095 εἰκῶν,
1020 3007 1081 3078 τὸν

62 3116 103 3184 ’δέ
125 3117 229 3186 τόπον
253 3120 421 3188 ἐπίπεδον.
456 3118 600 3207 καὶγὰρ
624 3117 688 3187 δύο·
710 3117 919 3207 περιφέρειαι
938 3114 1081 3204 ἐφαπτό-
1122 3118 1124 3122 '

136 3287 163 3371 λ,
184 3287 352 3385 ποιότητος]
376 3329 448 3370 corr.
465 3330 500 3368 ex
517 3309 672 3381 ποσότητος
689 3329 726 3366 m.
747 3315 771 3365 1.
846 3314 888 3367 18.
910 3311 987 3384 τοῖς]
1009 3322 1081 3381 om
1112 3344 1120 3371 -,

64 3392 189 3526 aaz
272 3391 316 3441 21.
334 3385 457 3457 θνραιῷ.
539 3383 593 3454 τις]
611 3401 653 3444 τις
671 3380 737 3451 μέν,
761 3396 846 3450 supra
863 3396 916 3438 ωτι
932 3378 1120 3512 §2⁴OE
