2362 3796
215 149 371 200 SCHOLIA
389 150 427 200 IN
445 149 720 201 ELEMENTORUM
739 149 878 199 LIBRUM
892 150 952 200 XII.
1023 142 1086 210 627

145 292 195 356 30.
233 288 303 355 Καὶ
328 287 371 354 δι’
395 295 471 354 ίσου
494 285 559 373 άρα
582 313 611 373 p.
629 292 701 374 172,
720 291 754 370 5]
778 294 854 374 τρία
879 287 1002 372 μεγέθη
1023 288 1088 354 ἐπί-

74 399 158 462 πεδα
181 391 221 461 τά
245 399 423 478 ΑΒΓΔΕ,
447 400 562 477 ΑΔΕ,
582 399 682 459 ΖΗΘ
705 393 761 459 καὶ
785 390 870 459 άλλα
894 391 1007 471 αὐτοῖς
1032 401 1088 460 ἴσα

73 505 118 590 τῷ
134 499 256 586 πλήθει
273 499 387 584 στερεὰ
402 503 569 585 πρίσματα
578 503 654 586 τρία
664 498 703 565 τὰ
714 504 927 578 ΑΒΓΔΕΜ,
938 506 1035 565 ΑΔΕ
1041 507 1087 587 M,

74 613 220 674 ΖΗΘΝ
239 604 367 673 σύνδυο
387 604 624 690 λαμβανόμενα
647 605 702 671 καὶ
726 607 763 672 ἐν
787 609 832 697 τῷ
854 602 942 696 αὐτῷ
966 604 1064 697 λόγῳ.

442 801 497 865 Ad
520 823 624 886 prop.
648 800 721 867 VII.
1124 822 1140 871 5

141 928 191 992 31.
229 924 296 991 Καὶ
314 922 335 1009 ἡ
355 924 500 1011 πυραμὶς
519 920 584 1011 άρα
602 949 633 1011 p.
650 927 722 1010 172,
742 926 799 1006 24]
824 925 861 989 αί
878 922 942 1009 γὰρ
961 920 1027 990 ὑπο
1047 921 1084 990 τὸ

74 1028 156 1099 αὐτὸ
180 1028 266 1111 ὅυος
290 1022 388 1097 οὖσαι
411 1033 597 1116 πυραμίδες
615 1026 697 1116 πρὸς
716 1026 864 1114 άλλήλας
883 1028 968 1095 εἰσὶν
988 1026 1032 1107 ὡς
1052 1031 1089 1094 αί

72 1139 200 1223 βάσεις·
224 1143 294 1202 ίσαι
313 1134 350 1202 δὲ
374 1137 410 1202 αλ
427 1133 555 1220 βάσεις·
581 1143 650 1202 ίσαι
673 1132 739 1222 ὅρα
762 1134 875 1201 καλαί
894 1138 1087 1220 πυραμίδες.

140 1245 192 1310 32.
229 1241 295 1308 Καὶ
318 1238 404 1327 ὡςη
431 1239 491 1327 ὅλη
517 1241 614 1327 βάσις
638 1240 722 1330 πρὸς
746 1243 885 1309 ἕκαστον
908 1247 1086 1327 τρίγωνον,

75 1346 182 1426 οὕτως
202 1347 262 1432 ὅλη
282 1343 303 1432 ἡ
321 1346 467 1435 πυραμὶς
484 1345 568 1435 πρὸς
588 1345 729 1432 ἑκάστην
748 1351 917 1434 πυραμίδα
934 1346 989 1413 καλ
1004 1344 1086 1414 ὅλον
1107 1369 1139 1419 10

72 1453 110 1522 τδ
134 1458 260 1542 πρίσμα
283 1453 366 1540 πρὸς
389 1455 529 1520 ἕκαστον
553 1457 692 1540 πρίσμα·
717 1450 761 1531 ὡς
779 1449 844 1538 γάρ
863 1451 901 1519 τὸ
919 1458 1086 1540 τρίγωνον

74 1558 158 1647 πρὸς
176 1557 213 1627 τὸ
233 1565 409 1645 τρίγωνον,
432 1556 452 1645 ἡ
472 1558 618 1645 πυραμὶς
636 1556 720 1644 πρὸς
738 1556 800 1644 τὴν
815 1561 994 1645 πυραμίδα.
1030 1559 1086 1626 καὶ

75 1666 237 1734 συνθέντι
259 1665 314 1730 καὶ
337 1663 439 1730 πάλιν
463 1663 625 1730 συνθέντι
649 1660 693 1743 ὡς
713 1660 772 1749 ὅλη
793 1662 813 1750 ἡ
833 1663 929 1749 βάσις
948 1664 1032 1752 πρὸς
1049 1663 1086 1731 τὸ

75 1776 112 1838 ἓν
141 1776 323 1859 τρίγωνον,
356 1767 462 1848 οὕτως
495 1768 555 1855 ὅλη
586 1766 606 1854 ἡ
634 1769 779 1856 πυραμὶς
806 1768 889 1856 πρὸς
915 1768 976 1856 τὴν
1004 1776 1086 1856 μίαν

74 1880 254 1964 πυραμίδα.
286 1874 388 1942 πάλιν
403 1873 448 1954 ὥς
466 1872 486 1961 ἡ
506 1880 673 1963 τρίγωνον
689 1859 810 1961 ἔχουσα
825 1874 926 1959 βάσιν
940 1878 1086 1965 πυραμὶς
1106 1901 1139 1950 15

74 1982 158 2072 πρὸς
181 1982 243 2069 τὴν
268 1987 434 2070 τρίγωνον
461 1980 565 2066 βάσιν
594 1985 736 2067 ἔχουσαν
763 1986 949 2068 πυραμίδα,
981 1980 1086 2063 οὸτως

76 2090 115 2158 τὸ
139 2095 266 2178 πρίσμα
293 2085 376 2173 πρὸς
399 2084 436 2154 τὸ
458 2093 586 2174 πρίσμα
615 2085 671 2154 διὰ
695 2085 737 2154 ιε’
759 2097 820 2155 τοῦ
844 2085 882 2154 ε’.
926 2087 982 2155 καὶ
1007 2109 1086 2156 συν-

74 2198 171 2264 θέντι
194 2194 249 2261 καλ
272 2191 374 2260 πάλιν
398 2195 558 2261 συνθέντι
582 2193 637 2260 καὶ
656 2191 700 2272 ὡς
719 2190 780 2279 ὅλη
800 2221 822 2278 η
840 2195 985 2283 πυραμὶς
1003 2195 1086 2281 πρὸς

71 2302 135 2387 τὴν
159 2306 239 2386 μίαν
262 2304 449 2387 πυραμίδα,
480 2297 586 2378 οὕτως
613 2297 694 2366 ὅλον
722 2298 759 2366 τὸ
789 2306 916 2388 πρίσμα
942 2300 1025 2389 πρὸς
1048 2305 1085 2368 ἓν

72 2411 141 2474 τῶν
160 2405 363 2492 πρισμάτων.
400 2411 467 2472 ἔστι
488 2406 526 2472 δὲ
545 2405 600 2472 καὶ
619 2402 664 2484 ὡς
682 2403 719 2472 τὸ
740 2405 939 2492 πολύγωνον
954 2405 974 2493 ἡ
990 2405 1086 2492 βάσις
1104 2432 1140 2481 20

72 2511 156 2598 πρὸς
184 2509 220 2578 τὸ
249 2517 430 2599 τρίγωνον,
463 2510 569 2591 οὕτως
593 2509 652 2597 ὅλη
681 2508 702 2597 ἡ
726 2513 872 2600 πυραμὶς
897 2512 981 2601 πρὸς
1004 2518 1085 2600 μίαν

73 2622 142 2685 τῶν
166 2622 364 2706 πυραμίδων
385 2617 440 2685 καλ
461 2616 517 2685 διδι
538 2616 585 2684 ια’
605 2620 665 2684 τοῦ
686 2618 713 2684 ε’
727 2617 782 2684 καὶ
803 2615 884 2685 ὅλον
903 2616 940 2686 τὸ
958 2626 1085 2706 πρίσμα

75 2721 159 2808 πρὸς
182 2727 218 2790 ἓν
242 2729 310 2791 των
333 2725 536 2812 πρισμάτων.
574 2723 675 2790 πάλιν
700 2725 772 2790 ἐπεί
792 2725 882 2791 ἐστιν
902 2721 946 2804 ὡς
965 2725 1084 2812 ἑκάστη

73 2832 141 2896 τῶν
174 2833 371 2917 πυραμίδων
404 2827 486 2915 πρὸς
519 2831 659 2897 ἕκαστον
687 2832 755 2897 τῶν
783 2828 977 2915 πρισμάτων
1005 2828 1081 2897 άνά-

73 2943 186 3019 λογον,
211 2934 266 3001 διὰ
291 2934 338 3020 ιβ’
361 2939 422 3002 τοί
447 2932 475 3002 ε’
499 2935 553 3001 καὶ
578 2931 623 3012 ὡς
645 2932 666 3020 ἡ
690 2940 749 3021 μία
772 2935 915 3021 πυραμὶς
939 2933 1021 3023 πρὸς
1045 2938 1082 3002 ἓν

73 3062 287 3074 --——--

146 3120 187 3166 30.
207 3113 253 3165 V⁸.
328 3119 370 3167 81.
390 3113 420 3165 B.
493 3118 534 3165 32.
554 3111 604 3178 νὴ
626 3111 661 3164 ad
680 3110 775 3166 coroll.
795 3129 822 3180 p.
840 3117 900 3165 176.

142 3280 166 3327 9.
183 3269 313 3343 ἕκαστον]
330 3270 414 3325 dubio
425 3288 513 3342 comp.
525 3265 698 3340 (ἕκάτερονλ)
708 3269 741 3338 V,
757 3272 789 3324 ut
800 3268 850 3324 lin.
863 3274 905 3336 10,
915 3275 959 3324 23.
1027 3271 1084 3338 τρί-

73 3363 166 3415 γωνον
198 3342 374 3412 τετράγωνον
392 3341 426 3398 V.
494 3347 535 3397 11.
556 3339 687 3412 ἕκαστον]
708 3337 843 3409 ἑκάτερον
863 3339 897 3395 V.
967 3345 1009 3395 12.
1028 3343 1083 3408 τρί-

74 3434 167 3485 γωνον
199 3409 374 3482 τετράγωνον
393 3411 426 3467 V.
486 3418 528 3467 20.
548 3409 579 3483 ἡ]
600 3427 668 3467 corr.
685 3428 718 3467 ex
732 3407 765 3465 αλ
777 3410 811 3466 V.
871 3417 913 3467 21.
933 3412 1094 3479 velpmvovI

72 3482 248 3554 τετράγωνον
266 3484 299 3538 V.

900 3563 955 3617 m*
