2362 3796
240 167 397 218 SOHOLIA
414 167 454 218 IN
471 165 747 218 ELEMENTORUM
764 164 904 215 LIBRUM
918 165 950 216 X.
1034 160 1100 225 535

90 309 244 393 τέσσαρες
267 305 412 391 μονάδες
434 306 489 372 καὶ
511 309 535 390 μ
557 302 669 372 λεπτοί.
714 303 843 371 τούτων
867 295 931 370 οὖν
954 301 1102 388 ἐχόντων

92 411 134 493 ὡς
158 412 176 481 6
196 405 226 480 6
248 412 332 499 πρὸς
353 410 414 480 τὸν
436 412 546 479 πέντε·
575 416 641 498 ἔχει
663 410 727 497 γὰρ
750 408 856 478 αὐτὸν
879 408 935 476 καὶ
958 410 1102 493 τέσσαρα

93 517 197 587 αὐτοῦ
221 518 317 605 μέρη·
355 516 461 598 οὕτως
488 514 506 586 6
530 522 570 589 λς
597 516 803 604 τετράγωνος
827 513 844 584 6
868 511 933 582 666
958 518 1016 600 τῆς
1039 522 1101 582 ΕΖ

32 644 34 650 ’
91 627 150 710 τῆς
168 626 272 710 οὔσης
288 629 309 695 ξ
327 621 487 710 μονάδων
506 606 590 711 πρὸς
611 622 671 693 τὸν
691 631 795 690 είκοσι
813 620 1024 709 τετράγωνον
1040 621 1102 689 τὸν

91 728 157 798 ἀπὸ
176 735 233 816 τῆς
252 735 320 797 ΖΗ
343 727 447 858 06666
467 729 628 816 μονάδων
647 718 668 796 6
690 730 746 796 καὶ
764 731 893 796 λεπτῶν
911 751 1053 815 πρωτων
1071 754 1102 813 μ
1139 749 1156 799 5

93 841 159 924 ἔχει
176 833 328 905 τοίνυν
313 829 376 904 06
398 833 459 904 τὸν
481 837 578 904 πέντε
600 836 655 903 καὶ
673 836 817 918 τέσσαρα
837 832 942 902 αὐτου
928 834 1103 920 πέμπτα·

91 944 148 1011 καὶ
177 939 195 1010 6
221 945 260 1015 λξ
288 934 352 1010 οὖν
379 940 440 1010 τὸν
467 947 487 1009 6
518 942 585 1008 καὶ
601 943 744 1026 τέσσαρα
772 938 878 1008 αὐτοῦ
905 941 1047 1027 πέμπτα·
1084 936 1103 1007 6

92 1047 157 1135 γὰρ
180 1053 273 1141 ι’ς,
260 1077 287 1117 ω
274 1042 467 1148 ὑπερέχει
495 1044 576 1119 ὁλς
607 1050 668 1115 τοῦ
691 1053 752 1165 6,·
760 1044 778 1114 6
808 1038 871 1114 οὖν
896 1052 928 1117 ιῖ
959 1047 1105 1132 τέσσαρα

91 1158 222 1241 πέμπτα
246 1157 314 1223 ἐστὶ
337 1158 398 1224 τοῦ
420 1161 449 1223 6.

161 1265 235 1328 294.
263 1246 894 1345 ”ΕστωδΑΓδε,ὁδὲΓΒδδ.
941 1249 1159 1338 δοῦνέξιο

93 1363 206 1434 αὐτῶν
226 1392 244 1435 ο
261 1377 288 1435 5
310 1365 395 1455 πρὸς
413 1364 525 1453 μὲν
493 1391 554 1435 τον
573 1353 594 1434 6
612 1364 716 1494 λέγον
735 1361 858 1453 ἔχει,“
840 1392 882 1434 ον
899 1363 1107 1451 τετράγωνος

93 1470 177 1557 πρὸς
199 1471 422 1559 τετράγωνον,
445 1471 529 1558 πρὸς
552 1471 643 1540 δὲ
611 1499 672 1541 τον
695 1498 711 1540 ε
735 1468 797 1540 οὐκ
820 1477 895 1558 ἔχει.
941 1470 1044 1556 λόγον
1069 1469 1106 1538 66

95 1581 183 1663 ἔχειν
206 1579 334 1664 λέγεται
358 1577 503 1665 ἀριθμὸς
530 1576 613 1666 πρὸς
636 1575 841 1664 ἀριθμόν,
832 1577 872 1646 δν
899 1576 1107 1664 τετράγωνος

92 1679 178 1768 πρὸς
199 1681 422 1768 τετράγωνον,
446 1680 528 1751 ὅταν
551 1682 673 1769 μεταξὺ
696 1686 836 1811 ἐμπίπτῃ
861 1680 1046 1784 666663’
1028 1709 1106 1750 ανα-

95 1795 214 1875 λογίαν
243 1786 371 1916 σώζων·
409 1786 504 1856 διδ’
490 1816 508 1857 ο
533 1808 565 1861 ις
592 1791 647 1858 καὶ
671 1788 688 1857 6
712 1783 744 1857 5
765 1788 848 1877 πρὸς
871 1786 930 1857 τὸν
953 1777 974 1857 6
1001 1788 1106 1875 λόγον
1125 1810 1160 1860 15

96 1891 284 1982 έχονσιν,“
265 1922 307 1963 ον
330 1893 539 1981 τετράγωνος
561 1893 645 1981 πρὸς
666 1895 891 1982 τετράγωνον·
914 1901 1023 1964 πίπτει
1041 1893 1106 1982 666

95 1999 218 2089 μεταξὺ
235 2007 297 2070 τοῦ
315 1995 344 2070 6
364 2002 418 2069 καὶ
439 1988 493 2069 6
479 2028 496 2069 ο
516 2007 546 2087 ξ,
569 2027 626 2068 και
621 1999 776 2069 ἐστιν’
754 2028 799 2081 ως
818 1999 836 2069 6
855 1995 886 2070 6
900 2001 984 2089 πρὸς
1002 1998 1062 2069 τὸν
1076 2019 1106 2086 5,

96 2107 205 2189 οὕτως
228 2106 245 2177 6
269 2115 289 2180 ξ
312 2107 397 2193 πρὸς
418 2107 478 2176 τὸν
502 2095 538 2193 6,
567 2105 687 2193 μεταξὺ
712 2107 749 2175 66
772 2111 833 2175 τοῦ
856 2127 888 2180 ις
911 2108 967 2175 καὶ
991 2095 1049 2175 6‘
1035 2111 1108 2194 06

164 2217 238 2300 295.
264 2212 410 2282 ”Eovm‘
393 2240 414 2300 6
434 2211 506 2280 A‘
490 2240 511 2300 6
534 2211 661 2298 πλευρὰ
684 2239 746 2281 τον
765 2241 777 2280 ι
800 2205 886 2281 οὖσα
909 2213 1108 2300 μονάδωνγ

97 2323 226 2388 λεπτῶν
249 2327 298 2387 λε
335 2325 418 2388 ἔστω
443 2318 485 2407 66
513 2317 612 2387 ταδ’
596 2346 617 2406 6
641 2327 713 2387 ZH
740 2320 795 2386 καὶ
823 2317 906 2406 αὐτὴ
935 2347 956 2407 6
980 2318 1106 2406 πλενρα
1126 2340 1161 2390 20

96 2430 157 2493 τοῦ
181 2429 207 2494 ῖ·
244 2423 350 2511 ίση”
328 2452 395 2512 αμα
422 2422 443 2511 6
467 2434 501 2492 A
527 2434 566 2513 τῇ
592 2431 674 2491 ΖΗ·
711 2424 892 2512 σύμμετροι
915 2423 980 2511 ἄρα
1004 2424 1108 2512 μήκει.

97 2559 118 2617 6
138 2531 176 2600 δε
195 2538 264 2599 ΕΗ
287 2523 372 2599 οὖσα
394 2533 554 2618 μοναδων
577 2516 603 2597 6
622 2534 781 2599 λεπτῶν
768 2530 910 2617 πρώτων
930 2550 962 2603 65
985 2530 1104 2600 ἔστω
1087 2559 1108 2618 η

97 2637 224 2725 πλευρὰ
246 2648 307 2705 τοῦ
332 2665 374 2724 ιη.
421 2642 490 2706 ἔστι
512 2635 676 2706 τοίνυν“
655 2665 700 2716 ως
722 2634 740 2705 6
766 2635 868 2703 ΓΑ”
846 2664 921 2723 ητοι
945 2634 962 2704 6
987 2664 1002 2704 ε
1026 2634 1110 2723 πρὸς

96 2742 158 2811 τὸν
173 2752 205 2810 A
211 2751 251 2811 Β·
275 2749 382 2829 ἔχεται
401 2743 464 2829 γὰρ
484 2739 585 2823 αὐτὸς
607 2745 662 2811 καὶ
681 2744 825 2828 τέσσαρα
844 2740 949 2811 αὐτοῦ
968 2743 1109 2827 πέμπτα·

100 2849 207 2928 οὕτως
234 2850 290 2916 καὶ
318 2846 336 2916 6
366 2847 432 2917 ἀπὸ
460 2853 519 2935 τῆς
542 2855 613 2916 ΖΗ
635 2847 842 2937 τετράγωνος
865 2845 882 2916 6
908 2848 1027 2935 ῐπρὸς
1048 2845 1107 2915 τὸν
1127 2867 1163 2920 25

99 2953 163 3022 ἀπὸ
187 2959 246 3040 τῆς
265 2961 327 3022 ΕΖ
350 2954 562 3041 τετράγωνον
585 2954 645 3024 τὸν
668 2961 716 3043 6·
740 2959 846 3043 έχεται
868 2953 933 3041 666
952 2954 1016 3024 αᾶν
1034 2953 1110 3024 τού-

98 3087 169 3140 τοις
192 3058 209 3127 6
233 3057 336 3128 ῖὺπὸ
360 3071 422 3128 τοῦ
445 3063 536 3129 ῖκαὶ
557 3067 579 3148 6
603 3064 659 3130 καὶ
681 3065 825 3149 τέσσαρα
844 3059 949 3129 αὐτοῦ
967 3063 1109 3146 πέμπτα·

98 3166 139 3234 τὰ
163 3165 228 3252 γὰρ
252 3162 353 3250 ὀκτώ,
386 3162 436 3245 οἷς
458 3163 610 3255 ὑπερέχει
634 3165 652 3235 6
676 3174 712 3254 66
734 3171 794 3233 τοῦ
817 3171 845 3250 ῐ,
877 3164 1021 3253 τέσσαρά
1045 3170 1111 3234 είσι

98 3277 160 3342 τοῦ
184 3273 263 3341 δέκα
286 3273 422 3360 πέμπτα.

99 3376 349 3466 ἜΖῙἾ.
422 3402 483 3452 νοτ.
502 3395 600 3467 (16³²).

173 3511 214 3559 14.
235 3499 369 3575 6666663]
391 3499 490 3574 6666*
515 3520 543 3574 q.
616 3508 662 3559 ⁸22.
682 3501 765 3574 En&
779 3519 837 3556 m.
853 3503 923 3552 67..
