2362 3796
116 255 182 321 314
273 257 429 310 SOHOLIA
446 257 486 310 IN
502 256 777 310 ELEMENTORUM
794 257 934 310 LIBRUM
946 258 978 310 V.

182 400 234 465 83.
268 394 358 482 Ἐάν,
382 402 477 484 φησί,
500 400 634 485 πρῶτον
657 399 816 485 δευτέρου
840 397 948 478 ἰσάκις
970 389 991 486 ᾖ
1012 403 1128 464 πολλα·

115 505 258 572 πλάσιον
281 504 337 570 καί
359 508 473 590 τρίτον
496 505 665 591 τετάρτου,
689 508 780 571 ἔσται
799 503 855 571 καί
876 499 921 584 ὡς
939 506 976 570 τὸ
997 505 1128 592 πρῶτον

114 612 198 697 πρὸς
220 611 258 677 τὸ
283 607 452 695 δεύτερον,
477 607 584 689 οὕτως
605 635 643 677 το
666 614 781 696 τρίτον
803 612 887 696 πρὸς
904 610 941 677 τὸ
960 609 1127 695 τέταρτον,

115 716 175 783 ἐάν
199 715 237 784 δὲ
256 713 300 794 ὡς
317 718 354 783 τὸ
374 717 508 802 πρῶτον
530 738 615 802 προς
632 714 669 783 τὸ
690 714 860 804 δεύτερον,
883 714 939 782 καί
957 716 996 783 τό
1016 720 1127 804 τρίτον

80 825 199 909 ιπρός
221 823 258 890 τό
278 822 447 909 τέταρτον,
472 818 533 888 οὐκ
554 818 683 908 ἀνάγκη
703 822 758 890 καί
778 821 885 901 ἰσάκις
903 817 991 889 εἰναι
1011 828 1126 890 πολλα·

114 926 258 996 πλάττον
281 930 319 995 τό
339 931 473 1013 πρῶτον
491 936 552 994 τοῦ
570 926 605 1013 β’
629 928 741 996 καὶτὸ
760 933 875 1015 τρίτον
892 931 954 996 τοῦ
973 927 1018 996 δ’.
1054 925 1124 996 ἀλλ’

114 1039 145 1102 εἰ
180 1033 241 1120 μὲν
279 1031 387 1112 ἰσάκις
418 1032 483 1100 εἰσί
514 1031 760 1118 πολλαπλάσια,
798 1038 888 1101 ἔσται
920 1033 976 1100 καί
1009 1030 1057 1113 ὥς
1091 1032 1126 1102 τό

113 1143 247 1227 πρῶτον
269 1161 352 1224 προς
374 1141 412 1206 τὸ
438 1136 609 1225 δεύτερον,
634 1136 740 1218 οὕτως
763 1139 819 1207 καί
840 1141 878 1208 τὸ
901 1140 1024 1208 λοιπὸν
1046 1142 1127 1227 πρὸς

113 1248 151 1313 τὸ
175 1244 308 1313 λοιπόν·
337 1241 379 1313 οὐ
402 1246 470 1331 μὴν
493 1249 524 1311 εἰ
544 1246 583 1313 τὸ
606 1248 742 1333 πρῶτον
764 1249 826 1313 τοῦ
847 1242 883 1331 β’
906 1242 1076 1332 ἡμιόλιον,
1098 1250 1127 1315 εἰ

62 1375 96 1423 10
114 1349 207 1439 τύχῃ,
230 1351 286 1418 καὶ
304 1352 342 1418 τὸ
360 1350 395 1436 γ’
414 1360 475 1418 τοῦ
495 1348 528 1417 δ’
548 1348 678 1438 ἀνάγκη
701 1352 757 1418 καί
776 1349 885 1430 ἰσάκις
903 1348 993 1419 εἰναι
1008 1358 1125 1421 πολλα·

113 1454 266 1524 πλάσιον.
316 1451 391 1525 οἰον
418 1459 459 1525 τά
487 1462 508 1542 γ
534 1460 602 1525 τῶν
631 1463 652 1543 β
680 1458 735 1525 καί
761 1461 802 1525 τά
830 1462 850 1527 ξ
875 1460 945 1525 τοῖν
969 1448 996 1525 ὅ
1017 1458 1053 1526 ἐν
1078 1468 1147 1549 τῷ.

113 1560 203 1654 αὐτῷ
222 1562 284 1650 μὲν
302 1561 391 1654 λόγῳ
411 1566 507 1648 εἰσίν,
526 1562 636 1643 ἰσάκις
649 1563 687 1632 δὲ
700 1563 932 1632 πολλαπλάσια
946 1560 1010 1631 οὐκ
1028 1567 1125 1632 εἰσίν·

114 1665 271 1756 οὐδὲγάρ
286 1669 377 1737 ἐστιν
391 1665 409 1737 ό
425 1672 447 1754 γ
469 1673 531 1737 τοῦ
546 1676 568 1755 β
586 1670 834 1750 πολλαπλάσιος
853 1665 966 1738 0όίὲὸ
983 1675 1002 1739 ξ
1021 1673 1085 1737 τοῦ
1097 1662 1126 1746 ἰ,

111 1773 188 1843 ἀλλ’
204 1773 361 1861 ημιόλιον
380 1775 538 1861 ἑκατέρου
557 1776 718 1860 ἑκάτερος.
756 1773 773 1843 ὁ
795 1778 836 1863 ἰὴ
856 1773 1010 1863 ἡμιόλιος
1030 1775 1127 1862 λόγος

58 1903 94 1954 15
113 1879 224 1967 ἕτερός
237 1883 306 1949 ἐστι
319 1884 381 1949 τοῦ
401 1883 508 1962 ἰσάκις
526 1886 789 1949 πολλαπλασίου·
815 1883 849 1949 οἰ
866 1881 1011 1968 μὲνγὰρ
1032 1881 1126 1968 λόγοι

112 1987 167 2054 καί
191 1989 228 2054 αἰ
249 1983 427 2072 άναλογίαι
449 1990 518 2054 τῶν
540 1995 709 2073 μεγεθῶν,
740 1976 897 2067 ὦσαόταος
920 1986 957 2055 δὲ
981 1987 1126 2056 καὶτῶν

112 2090 270 2180 ἀριθμῶν
284 2092 337 2159 ἐπὶ
351 2092 448 2159 πέντε
462 2090 591 2160 τούτων
605 2094 707 2160 εἰδῶν
720 2095 932 2180 θεωροῦνται
941 2093 1126 2181 ἰπιμοοίον,

112 2197 577 2284 ἐπιμεροῦς,ἰπολλαπλασίον,
591 2204 986 2286 πολλαπλασιεπιμορίον,
1004 2208 1127 2269 πολλα-

112 2305 420 2388 πλασιοεπιμεροῦς,
443 2293 493 2370 ὦν
512 2303 651 2372 ἕκαστον
671 2307 775 2389 λόγον
794 2309 881 2391 ἔχειν
898 2305 1030 2389 λέγεται
1044 2305 1128 2394 πρὸς

56 2432 94 2480 20
113 2409 252 2475 ἕκαστον
275 2405 422 2494 ἀριθμὸς
444 2406 529 2495 πρὸς
551 2407 699 2496 ἀριθμὸν
722 2410 778 2478 καί
800 2411 944 2497 μέγεθος
965 2409 1052 2495 πρὸς
1075 2413 1128 2500 μέ·

110 2521 227 2599 γεθος,
254 2511 292 2580 τὸ
318 2512 355 2580 δὲ
380 2511 488 2592 ἰσάκις
510 2515 760 2584 πολλαπλάσιον
788 2517 840 2584 ἐπί
865 2514 973 2603 μόνον
995 2517 1129 2604 λέγεται

110 2621 172 2686 τοῦ
198 2624 449 2687 πολλαπλασίου
478 2619 598 2708 λόγον,
631 2619 677 2701 ὡς
705 2627 795 2690 ἔστιν
823 2627 945 2708 εἰπεῖν,
979 2621 1032 2690 ὅτι
1057 2629 1128 2694 πάν

111 2723 361 2793 πολλαπλάσιον
376 2726 480 2812 λόγον
495 2731 572 2814 ἔχει,
588 2725 670 2812 πρὸς
683 2723 705 2794 ά
719 2728 970 2796 πολλαπλάσιον
984 2731 1128 2818 λέγεται,

111 2828 153 2899 οὐ
171 2828 238 2917 μὴν
263 2831 301 2900 δὲ
323 2835 391 2900 πάν
413 2834 446 2900 τί
475 2831 579 2917 λόγον
602 2837 680 2920 ἔχον
703 2835 759 2900 καί
783 2835 891 2914 ἰσάκις
914 2836 983 2903 ἐστί
1003 2845 1129 2906 πολλα·

56 2961 91 3010 25
109 2935 262 3007 πλάσιον.

109 3236 173 3292 8ᾱά
181 3173 232 3291 833⁷}
246 3166 304 3292 {tn
302 3167 352 3293 (Of.
363 3168 472 3236 (eodem
489 3167 636 3239 pertinet);
666 3167 766 3224 ultima
784 3168 849 3224 inde
873 3170 909 3223 ab
933 3167 995 3224 οἷον
1019 3171 1073 3230 lin.
1096 3178 1126 3228 11

180 3454 205 3503 4.
226 3446 271 3519 δέ]
293 3465 347 3504 om.
367 3449 402 3504 V.
484 3455 509 3505 5.
529 3444 595 3522 οὐκ]
615 3467 669 3507 om.
688 3451 722 3506 V.
805 3457 846 3507 12.
866 3450 930 3524 μέν]
952 3470 1038 3525 supra
1059 3456 1127 3512 add.

68 3488 161 3655 had.
182 3534 257 3575 man.
281 3517 312 3576 V.
394 3525 436 3577 16.
460 3522 533 3576 Ante
558 3522 689 3592 μεγεθῶν
713 3521 767 3578 del.
786 3517 918 3593 ἀριθμῶν
936 3542 966 3579 τε
986 3525 1040 3579 καί
1063 3529 1126 3584 ead.

117 3600 164 3640 an.
192 3588 221 3643 V,
301 3597 346 3649 23.
369 3590 444 3668 ἔχει]
462 3593 578 3652 οἱᾱελοτ
597 3609 670 3652 nott.
686 3593 719 3649 'm
736 3591 797 3662 ἔχοι
809 3592 850 3646 ¹1.
