2362 3796
92 168 159 233 394
228 168 384 222 SCHOLIA
400 170 440 221 IN
458 168 733 221 ELEMENTORUM
750 167 890 220 LIBRUM
903 168 976 220 VIII.

93 309 244 396 ἀριθμοῦ
271 312 339 377 τῶν
364 309 537 377 δοθέντων
567 306 630 377 δύο
658 304 815 396 ἀριθμῶν
842 308 898 376 καὶ
925 305 1114 394 ἀφελόντες

93 413 159 484 ἀπὸ
187 416 310 484 τούτου
337 418 398 483 τοτ’
428 413 533 500 λόγου
560 413 620 482 τὸν
647 413 770 501 μεταξὺ
796 416 856 500 τῆς
878 414 1030 499 μονάδος
1052 413 1113 480 καὶ

93 526 154 590 τοῦ
177 527 328 609 μείζονος
351 519 502 608 ἀριθμοῦ
530 530 598 589 τῶν
622 522 798 589 δοθέντων
821 521 884 589 δύο
907 517 1066 606 ἀριθμῶν
1090 517 1111 588 6

93 629 329 713 καταλειφθεὶς
356 630 391 696 ἐν
419 631 478 713 τῆς
500 623 708 714 ἀφαιρέσεως
735 626 836 712 λόγος
859 623 1047 713 εὑρίσκεται
1071 628 1111 695 ἐν

58 736 138 823 5τῷ
161 732 282 819 μεταξὺ
305 737 374 801 τῶν
398 734 572 800 δοθέντων
595 731 753 820 ἀριθμῶν
777 733 935 819 δηλονότι
961 730 1045 800 κατὰ
1067 731 1109 800 τὸ

92 841 209 925 ἐφεξῆς
232 839 413 925 ἀνάλογον,
437 835 482 918 ὡς
506 835 608 924 οίμαι.

469 1034 526 1099 Ad
548 1056 654 1119 prop.
676 1034 733 1100 XI.

160 1161 212 1224 24
250 1158 386 1238 Μεταξὺ
413 1153 479 1243 γάρ
501 1157 563 1223 τοῦ
586 1143 617 1222 θ
639 1156 779 1224 καὶτοῦ
803 1145 824 1223 δ
851 1152 869 1223 6
895 1160 930 1240 ξ,
958 1151 997 1234 ὃς
1023 1154 1110 1241 πρὸς

95 1259 305 1348 ἀμφοτέρους
336 1261 395 1329 τὸν
427 1258 584 1348 ἡμιόλιον
617 1261 714 1343 σάζει
746 1261 866 1348 λόγον,
898 1261 954 1329 καὶ
986 1260 1109 1349 μεταξὺ

42 1392 75 1441 0
42 1366 240 1453 διέχειαν
262 1371 323 1436 τοῦ
347 1374 381 1439 ιξ
407 1368 546 1436 καὶτοῦ
570 1355 591 1435 δ
614 1364 743 1435 έστιν“
728 1393 747 1435 ο
771 1371 809 1454 ἦ,
837 1365 962 1456 πλευρὰ
986 1366 1024 1435 δὲ
1046 1371 1110 1437 τοῦ

93 1471 155 1557 μὲν
174 1460 252 1559 ι’ςδ,
275 1474 398 1542 τοῦδέ
417 1462 488 1560 δβ,
510 1471 599 1541 καθ’
585 1500 603 1541 ο
622 1500 646 1560 μ
647 1472 685 1540 ὲν
704 1461 726 1541 δ
747 1475 808 1541 τοῦ
832 1472 894 1541 δύο
918 1471 1106 1560 διπλάσιος,

94 1576 112 1645 6
138 1578 176 1647 δέ
199 1578 313 1661 δεκαέξ
335 1605 398 1647 του
383 1584 438 1647 δ
460 1578 706 1667 τετραπλάσιος.

160 1688 212 1753 25.
218 1683 284 1781 ,Τὸ
300 1689 500 1754 διπλασίονα
515 1685 618 1772 λόγον
633 1681 746 1773 ἔχει,
724 1710 769 1763 ως
782 1684 941 1764 πολλάκις
954 1684 1109 1772 πρόσθεν

93 1799 235 1878 εἴρηται,
263 1799 339 1859 ίσον
362 1792 431 1860 ἐστὶ
452 1795 498 1884 τῷ
523 1790 645 1860 ἐκδύο
675 1788 790 1875 λόγων
817 1789 1003 1877 σύγκειται,
1030 1790 1108 1878 ἤτοι

41 1920 74 1970 15
94 1896 156 1964 δύο
181 1896 277 1983 λόγοι
300 1898 364 1965 είσὶ
387 1902 447 1966 τοῦ
469 1923 505 1966 τε
524 1908 556 1965 Α
578 1895 663 1986 πρὸς
684 1923 746 1965 τον
764 1903 796 1963 Ε
817 1897 872 1964 καὶ
890 1900 951 1964 τοῦ
969 1905 1002 1964 Ε
1022 1897 1109 1986 πρὸς

92 2001 152 2070 τὸν
175 2009 213 2070 Β.

159 2112 210 2176 26.
248 2106 317 2176 Διά
339 2108 399 2176 τὸν
426 2107 508 2191 ὅρον
535 2111 596 2176 τοῦ
624 2107 652 2174 ε’
676 2105 738 2175 τὸν
766 2108 919 2194 λέγοντα·
958 2105 1040 2176 ὅταν
1069 2108 1108 2178 δέ

92 2219 167 2298 τρία
186 2216 311 2300 μεγέθη
336 2212 506 2299 ἀνάλογον
528 2204 565 2300 ᾗ,
593 2211 631 2280 τδ
656 2217 792 2302 πρῶτον
818 2212 902 2301 πρὸς
927 2211 966 2282 τὸ
990 2219 1106 2302 τρίτον

94 2321 294 2385 διπλασίονα
316 2317 420 2404 λόγον
445 2322 532 2403 ἔχειν
555 2318 729 2403 λέγεται”
707 2343 790 2405 ηπερ
814 2318 897 2404 πρὸς
919 2316 956 2387 τὸ
980 2319 1025 2406 β’.

40 2449 74 2498 20
160 2427 212 2492 27.
255 2429 467 2492 Διπλασίονα
499 2426 601 2510 λόγον
621 2429 762 2555 μάλλρν
796 2423 932 2513 ἔχειν
917 2452 934 2493 ο
965 2435 991 2493 θ
1022 2427 1109 2514 πρὸς

92 2555 152 2597 τον
173 2526 244 2595 δ
223 2557 243 2616 ιγ
269 2527 286 2597 6
311 2558 332 2615 γ
357 2529 439 2618 πρὸς
461 2522 564 2616 τὸνβ
591 2528 632 2599 οὐ
658 2529 741 2600 κατά
764 2529 827 2599 τάν
850 2535 1107 2619 παραδοθεῖσαν

92 2639 160 2703 τῶν
182 2638 411 2722 πηλικοτήτων
438 2634 685 2724 ἀπαρίθμησιν,
713 2635 788 2706 ἀλλ’
815 2637 866 2705 ὅτι
894 2637 956 2704 δάο
984 2638 1107 2725 λόγους

92 2738 268 2828 ἡμιολίους
290 2740 394 2828 ἔχει’
380 2770 398 2810 ο
422 2752 448 2809 θ
475 2742 558 2831 πρὸς
581 2768 641 2811 τον
665 2748 701 2828 δ
730 2737 869 2811 οἷον’
827 2741 930 2823 αυτὸς
953 2741 1052 2830 μὲν
1037 2770 1055 2812 ο
1078 2753 1106 2812 θ

93 2846 176 2932 πρὸς
199 2851 258 2915 τὸν
282 2853 316 2933 ξ,
341 2845 359 2915 6
383 2848 461 2916 δὲ
444 2872 462 2920 ς
485 2846 569 2936 πρὸς
590 2837 708 2916 τὸνδ·
746 2846 764 2916 6
789 2848 869 2916 δὲ
849 2876 870 2934 γ
896 2849 981 2938 πρὸς
1002 2848 1108 2937 τὸνβ

41 2977 74 3026 25
94 2955 153 3021 ἕνα
176 2953 279 3041 λόγον
301 2955 416 3042 ἔχει
384 2982 445 3023 τον
463 2952 630 3041 ἡμιόλιον.
667 2953 802 3034 είκότως
821 2946 885 3022 οὖν
905 2959 1109 3025 διπλασίονα

164 3173 206 3222 24.
226 3167 273 3223 V4.
347 3172 389 3220 25.
408 3165 480 3235 Vbq.
553 3172 595 3221 26.
615 3165 655 3219 V⁵
673 3165 717 3220 bis
736 3165 836 3237 (VW),
855 3185 881 3236 q.
954 3173 997 3223 27.
1017 3168 1065 3224 V⁸.

164 3366 206 3415 10.
225 3359 344 3432 πλευρά]
365 3377 454 3447 ροωρ.
471 3377 540 3415 corr
556 3375 629 3414 exn
630 3356 746 3416 άλινλί.
803 3367 844 3417 17
865 3359 926 3487 τόνρ
942 3362 1014 3432 (alt.)
1032 3379 1106 3420 corr.

92 3447 126 3483 ex
149 3451 198 3485 το
181 3430 256 3485 6V.
347 3430 396 3502 δέ]
425 3433 497 3499 Wq;
527 3446 582 3485 om.
605 3428 638 3485 V.
739 3438 779 3487 19.
808 3433 1034 3488 διπλαοονα-
1059 3433 1107 3509 β’]

79 3515 135 3554 om
163 3501 202 3559 77,
279 3502 459 3578 w'Jom.V
