2362 3796
235 134 394 188 scflom
410 136 452 187 m
468 135 742 187 Emfflu'rossrn
760 137 899 186 Lfflmi
913 136 934 188 1.
1024 133 1088 196 145

72 272 116 344 οὗ
130 272 288 361 τυγχάνει
302 275 477 361 ζητήσεως,
497 267 571 342 οἷον
591 273 633 361 δή
651 273 759 342 καὶτὸ
774 285 840 340 νῦν
854 281 1087 361 προκείμενον·

72 384 217 468 ἐζητεῖτο
239 378 301 468 μὲν
322 380 399 469 γάρ,
422 385 455 448 εί
476 381 539 449 δύο
562 378 709 448 εὐθειῶν
729 391 924 467 τεμνονσεόν
942 379 1089 467 ἀλλήλας

72 490 112 554 αί
136 485 222 555 κατὰ
242 485 398 574 κορυφήν
419 493 542 573 γωνίαι
564 495 636 555 ίσαι
658 491 736 554 είσί·
758 486 883 554 τούτου
902 486 939 554 δὲ
959 492 1088 555 δεικνν·

74 596 183 682 μένον
210 598 512 661 στωαποδείκννται
537 591 576 660 τὸ
602 592 659 660 καὶ
685 591 745 672 τὰς
770 594 934 679 τέσσαρας
965 599 1090 678 γωνίας

74 698 164 768 εἶναι
191 700 344 787 τέτρασιν
370 696 494 785 όρθατς
520 706 603 778 ἴσας.
654 704 745 766 ἔστιν
775 691 840 767 οὖν
871 697 911 766 τὸ
942 698 1089 785 πόρισμα
1125 724 1142 772 5

74 805 239 892 θεώρημα
260 804 319 873 διά
339 809 401 893 τής
426 804 534 873 ἀλλον
560 805 795 892 προβλήματος
823 801 843 891 ἢ
870 803 1091 890 θεωρήματος

74 910 278 992 ἀποδείξεως
298 911 580 999 ἀπραγματεύτως
602 909 886 998 ἀναφαινόμενον.
928 906 1002 978 οἷον
1024 909 1091 995 γὰρ

75 1016 159 1085 κατὰ
181 1016 286 1105 τύχην
307 1025 517 1105 περιπίπτειν
540 1020 695 1104 ἐοίκαμεν
716 1033 787 1097 τοῖς
807 1024 1023 1105 πορίσμασιν
1049 1013 1091 1084 οὐ

75 1123 142 1213 γὰρ
163 1125 390 1211 προθεμένοις
416 1123 498 1193 οὐδὲ
526 1124 705 1210 ζητήσασιν
731 1123 878 1214 ἀπαντᾷ,
907 1120 979 1192 ἀλλ’
1006 1120 1024 1190 ὁ
1053 1125 1090 1190 ἐν

73 1227 157 1317 ήμίν
173 1230 280 1314 πόρος
297 1227 385 1298 αότά
404 1226 587 1319 ἀπογεννᾷ,
604 1231 659 1297 καὶ
678 1227 699 1315 ή
719 1229 858 1316 γόνιμος
876 1230 1019 1317 δύναμις
1032 1233 1091 1315 τής
1111 1255 1145 1303 10

74 1339 258 1423 ἐπιστήμης
282 1335 489 1422 προσβάλλει
515 1348 589 1414 ταῖς
616 1338 884 1422 προηγουμέναις
915 1335 1089 1423 ζητήσεσιν

73 1441 236 1526 εὐπορίας
257 1440 439 1527 ἀφθόνους
459 1440 690 1529 θεωρημάτων
712 1438 965 1528 ἀναφαίνουσα,
988 1440 1010 1508 ἀ
1033 1443 1090 1509 καὶ

76 1545 189 1634 ἀληθή
212 1550 275 1615 τοῦ
296 1550 384 1614 θεοῦ
407 1550 516 1631 δῶρα,
543 1547 599 1613 καλ
626 1544 689 1632 οὐχ
719 1541 774 1614 οἷα
796 1546 837 1613 τὰ
860 1552 1010 1633 χαμερπή
1034 1548 1090 1614 καλ

76 1652 154 1740 περὶ
175 1648 196 1718 ἀ
218 1655 254 1719 οί
268 1651 390 1719 πολλοὶ
408 1650 584 1736 ἐπτόηνται
603 1653 716 1735 κέρδη,
740 1649 824 1718 ὅθεν
843 1650 928 1718 αὐτὰ
947 1652 1002 1717 καλ
1021 1666 1092 1731 τοῖς

77 1758 229 1844 ἑρμαίοις
240 1758 430 1842 είκάσαμεν.
464 1761 673 1844 διαιροῦνται
692 1756 729 1823 δὲ
748 1758 788 1822 τὰ
805 1763 993 1842 πορίσματα
1010 1756 1093 1823 κατά
1113 1782 1147 1831 15

75 1862 138 1943 τάς
160 1863 351 1951 ἐπιστήμας
387 1861 513 1949 τὰμὲν
536 1866 601 1949 γὰρ
624 1859 737 1928 αὐτῶν
761 1866 825 1928 εἰσι
848 1861 1028 1946 γεωργικά,
1051 1863 1092 1930 τὰ

75 1968 115 2039 δὲ
137 1968 361 2056 ἀριθμητική,
387 1969 428 2035 τά
451 1967 490 2037 δὲ
512 1968 724 2056 γεωμετρικά.
770 1967 807 2036 τὸ
832 1969 895 2054 μὲν
922 1966 987 2053 γὰρ
1015 1994 1093 2055 προ-

74 2082 235 2162 κείμενον
262 2076 484 2162 γεωμετρικόν
514 2079 619 2160 ἐστιν,
647 2074 684 2142 τό
713 2073 750 2142 δὲ
779 2075 831 2142 ἐπὶ
859 2075 945 2142 τέλει
972 2079 1033 2142 τοῦ
1057 2075 1092 2162 β’

76 2180 299 2268 θεωρήματος
324 2185 386 2248 τοῦ
414 2180 442 2263 ζ’
467 2186 603 2267 βιβλίου
631 2186 698 2249 τῶν
728 2180 961 2268 ἀριθμητικῶν
992 2186 1092 2252 ἐστιν.

78 2288 218 2355 ἕπονται
232 2284 325 2354 δὲτὰ
338 2295 527 2373 πορίσματα
540 2288 595 2353 καλ
608 2290 836 2374 θεωρήμασιν,
856 2287 965 2377 ὥσπερ
980 2294 1093 2376 τοῦτο,
1112 2313 1148 2361 νο

74 2392 135 2460 καλ
156 2395 398 2481 προβλήμασιν,
421 2392 532 2477 ὥσπερ
554 2393 592 2461 τὸ
612 2395 712 2485 ἐντῷ
731 2396 766 2480 β’
783 2402 903 2485 βιβλίῳ
922 2403 1092 2483 κείμενον·

76 2505 127 2568 ἐτι
155 2500 522 2586 στηινατασκενάζονται
547 2514 619 2580 ταῖς
645 2499 717 2567 κατ’
746 2498 884 2569 εὐθεῖαν
918 2505 1096 2581 δεικτικαϊς

78 2604 231 2692 ἐφόδοις,
264 2604 377 2690 ὥσπερ
403 2610 442 2674 τὸ
471 2611 536 2673 νῦν
562 2613 783 2694 προκείμενον
809 2612 849 2694 τή
879 2606 930 2673 ἐπ’
956 2607 1094 2686 εὐθείας

80 2712 183 2790 δείξει
201 2714 282 2795 ἐστί,
301 2715 340 2778 τὰ
359 2711 396 2779 δὲ
413 2725 486 2791 ταῖς
505 2717 552 2791 είς
569 2711 741 2779 ἀδύνατον
759 2711 964 2796 ἀπαγωγαῑς,
983 2711 1096 2794 ὥσπερ

80 2813 120 2883 τὸ
144 2817 181 2882 ἐν
203 2826 250 2905 τῷ
273 2820 371 2907 τρίτφ
389 2823 451 2886 τοῦ
473 2818 507 2902 γ’
527 2824 662 2902 βιβλίου
684 2817 1033 2901 συναποδεδειγμένον
1051 2826 1092 2903 τῇ
1110 2834 1149 2883 25

79 2925 130 3000 είς
151 2917 323 2989 ἀδύνατον
344 2922 506 3011 ἀπαγωγῇ
531 2921 758 3006 σννανεφάνη.
803 2921 840 2988 τό
866 2922 903 2988 δὲ
927 2924 992 2987 νῦν
1014 2943 1095 3006 προ-

75 3033 237 3114 κείμενον
260 3026 409 3114 πόρισμα
431 3027 583 3095 διδάσκει
605 3025 703 3113 ἡμᾶς,
727 3024 779 3094 ὅτι
801 3027 875 3114 περὶ
899 3029 937 3093 ἓν
955 3039 1095 3112 σημεῖον

75 3133 179 3213 τόπος
202 3138 251 3213 είς
273 3135 429 3218 τέτρασιν
453 3131 574 3219 ὀρθαῖς
597 3142 671 3213 ἴσας
693 3138 818 3219 γωνίας
841 3133 1041 3220 διανέμεται.

152 3307 177 3355 1.
202 3299 257 3371 δή]
284 3318 316 3368 q,
340 3298 377 3368 μή
396 3299 446 3355 Vf.
523 3301 556 3353 In
579 3300 665 3355 schol.
690 3308 724 3356 61
749 3301 861 3372 saepius
882 3302 957 3359 inv
978 3301 1098 3362 lacunae

79 3399 156 3464 sunt,
177 3413 252 3466 quas
269 3413 286 3449 e
305 3414 325 3464 q
343 3395 481 3466 supplent
554 3403 596 3452 25.
615 3399 710 3472 τρίτῳ]
730 3382 782 3469 τρί
789 3398 825 3469 V,
842 3396 938 3474 τρόπῳ
951 3419 987 3471 (χ,
997 3400 1109 3475 ἀὐτῇ

80 3468 197 3524 Proolus
216 3484 245 3536 p.
265 3471 327 3532 304,
346 3472 371 3520 6.

129 3563 282 3611 Eucliden,
301 3563 352 3604 odd.
366 3565 474 3620 Heiberg
487 3573 512 3611 et
526 3572 621 3627 lenge.
644 3577 676 3619 V,
935 3568 979 3620 m
1092 3566 1116 3593 ³¹¹
