2362 3796
106 146 175 210 610
253 146 410 198 scflom
428 147 468 198 m
486 145 760 198 ELEMENTORUM
776 146 926 205 LIBRUM
939 150 997 205 XI.

108 291 168 372 τής
190 287 368 372 εἰρημένης
389 291 515 372 γωνίας
537 287 720 374 περιέχεται
748 287 877 355 ἐκτῶν
902 287 1055 373 βάσεων
1075 295 1135 360 τῶν

105 393 291 480 εἰρημένων
310 391 496 480 τριγώνων,
519 393 668 460 τουτέστι
686 396 748 460 τοῦ
766 394 919 469 501112·
944 394 991 464 τὸ
1006 399 1137 473 ΞΟΠΡ

108 498 175 584 ἀρα
206 499 453 585 τετράπλευρον
484 497 606 578 κύκλος
634 498 841 587 περιγράψει.
889 501 953 569 καλ
986 501 1034 571 τὰ
1058 500 1134 572 αάτά

108 604 145 673 δὲ
169 603 289 672 λοιπὸν
312 602 616 684 κατασκευάσαντες
644 617 714 684 τοῖς
737 605 791 673 ἐπὶ
813 608 873 690 τής
897 606 937 673 ἐκ
962 607 1132 695 τριγώνου

70 709 236 797 σβάσεως
259 716 383 797 γωνίας
404 708 442 778 τὸ
468 711 724 796 ἐπιτεταγμένον
747 708 947 795 ποιήσομεν.

174 821 227 885 36.
262 814 359 884 Ἀλλά
380 819 418 883 αλ
432 829 523 903 τρεῖς
542 819 579 883 αἱ
595 842 625 903 p.
640 820 694 899 64,
708 819 743 900 6]
763 818 799 884 ἐν
812 817 858 907 τῷ
874 815 919 883 ιε’
932 819 1132 907 θεωρήματι

107 927 169 991 τοῦ
192 924 328 1009 πρώτου
350 928 486 1009 βιβλίου
509 924 633 1008 δείξας,
663 922 731 1007 ὅτι,
759 917 804 990 ἀν
832 919 896 990 δύο
921 924 1072 994 εὐθεῖαι
1094 927 1134 994 τέ

106 1049 238 1116 μνωσιν
253 1025 409 1115 ἀλλήλας,
428 1029 560 1097 οἱκατὰ
573 1028 730 1116 κορυφήν
743 1033 864 1113 γωνίαι
879 1035 954 1096 ἶσαι
975 1028 1133 1119 ἀλλήλαις

107 1139 185 1221 εἰσί,
209 1134 379 1221 συνήγαγε
401 1135 581 1224 πόρισμαῙ)
604 1138 773 1204 τοιοῦτον·
807 1133 980 1222 φανερόν,
1006 1135 1075 1225 ὅτι,
1098 1135 1133 1206 ἀν

55 1260 88 1309 10
108 1238 357 1327 ὁσαιδηποτοῦν
380 1239 513 1310 εὐθεῖαι
535 1244 702 1327 τέμνωσιν
724 1238 883 1326 ἀλλήλας,
905 1239 972 1322 τὰς
992 1243 1133 1332 πρὸςτή

106 1350 191 1435 τομῇ
214 1353 340 1433 γωνίας
361 1348 517 1433 τέτρασιν
540 1345 662 1434 ὀρθαῖς
685 1354 759 1426 λσας
781 1344 1003 1433 ποιήσουσιν.

174 1456 226 1521 37.
254 1454 478 1539 Παράλληλος
491 1450 557 1538 ἀρα
571 1477 603 1540 p.
616 1456 669 1541 64,
685 1456 740 1536 16]
756 1449 864 1519 διὰτὸ
880 1449 1136 1545 ἀντιστρόφιον

105 1560 166 1627 τοί
190 1558 226 1644 β’
249 1563 310 1627 τοῦ
334 1559 367 1636 ς’
390 1564 534 1645 βιβλίου.

174 1668 226 1733 38.
251 1662 352 1732 Ὥστε
370 1665 426 1733 καλ
444 1666 544 1751 λοιπή
562 1691 593 1752 p.
606 1668 658 1752 64,
676 1666 731 1749 15]
751 1660 864 1749 ἐπειδὴ
879 1660 900 1750 ἡ
915 1667 988 1740 ΞΛ
1007 1674 1055 1758 τῇ
1069 1673 1139 1748 ΞΜ

57 1789 89 1839 15
111 1779 166 1857 ἴση
191 1773 263 1839 ἐστί
267 1791 274 1805 ·
306 1770 447 1858 κέντρον
470 1768 534 1856 γὰρ
557 1769 596 1838 τὸ
619 1772 730 1847 Ξτοῦ
753 1770 879 1838 κύκλον
902 1784 1034 1842 κεῖται·
1073 1782 1136 1846 ἔστι

108 1875 146 1944 δέ
168 1873 190 1962 ή
212 1879 275 1952 ΟΞ
295 1880 335 1964 τῇ
358 1880 426 1953 ΞΠ
448 1884 515 1962 ἴση,
538 1877 594 1943 καὶ
618 1875 716 1962 λοιπή
740 1875 806 1965 ἀρα
828 1873 846 1943 ν’
870 1881 939 1942 ΟΛ
965 1886 1081 1972 λοιπή
1103 1893 1137 1971 τῇ

108 1990 146 2050 Π
149 1990 194 2050 Μ
213 1985 304 2051 ἐστιν
328 1992 393 2068 ἴση.
882 2029 884 2033 -

176 2093 227 2157 39.
263 2086 335 2155 Ἐπὶ
357 2092 416 2173 τής
438 2093 501 2165 ΡΞ
520 2087 558 2157 τὸ
582 2088 644 2175 μὲν
668 2096 698 2155 Ρ
717 2100 856 2174 σημεῖον
879 2090 1065 2179 μετέωρον
1092 2101 1139 2165 δεῖ

108 2208 212 2281 νοεῖν,
237 2193 275 2262 τὸ
300 2193 338 2261 δέ
360 2196 390 2268 Ξ
411 2197 449 2261 έν
470 2199 516 2281 τῷ
540 2197 601 2262 τοῦ
623 2192 750 2261 κύκλον
774 2194 927 2284 ἐπιπέδῳ.

56 2321 91 2372 20
176 2304 229 2366 40.
266 2303 311 2365 Εἰ
335 2297 401 2385 γάρ
429 2301 520 2367 ἐστιν
547 2298 568 2386 ή
597 2308 662 2367 ΑΒ
689 2304 748 2386 τῆς
774 2302 841 2376 ΛΞ
866 2299 1038 2393 ἐλάττων,
1078 2309 1139 2378 δύο

109 2409 147 2472 πί
162 2412 238 2490 ΑΒ,
258 2410 330 2490 ΒΓ,
352 2407 502 2472 τουτέστι
524 2412 603 2490 ΛΕ,
623 2412 695 2491 ΕΖ,
720 2405 875 2484 έλάττους
898 2409 1043 2479 ἔσονται
1070 2428 1138 2485 τῶν

108 2513 190 2595 ΜΞ,
205 2513 280 2595 ΞΛ,
298 2511 447 2578 τουτέστι
461 2514 519 2597 τῆς
532 2517 626 2577 ΜΝ·
650 2508 723 2578 ἀλλ’
745 2510 765 2598 ή
780 2518 864 2578 ΜΝ
879 2519 934 2597 ἴση
949 2511 1138 2590 ὑπόκειται

61 2716 66 2720 ’
182 2708 208 2776 1)
235 2706 268 2759 In
291 2724 309 2774 q
333 2706 408 2760 enim
432 2705 469 2760 ad
487 2705 512 2774 I,
533 2711 566 2761 15
591 2724 676 2761 manu
697 2712 710 2760 1
735 2708 834 2776 postea
858 2707 923 2763 add.
943 2713 1137 2771 corollarium

108 2779 195 2845 illud,
224 2777 299 2846 quod
322 2777 378 2831 uol.
397 2777 410 2830 I
432 2795 459 2846 p.
480 2783 514 2831 42
537 2779 595 2832 not.
616 2777 676 2832 crit.
697 2793 731 2831 ex
748 2779 774 2833 V
792 2795 849 2846 mg.
869 2778 1031 2838 adtulimus
1058 2789 1138 2856 (post

109 2845 230 2917 ἀλλήλας
250 2848 312 2902 add.
328 2844 400 2901 κατά
415 2868 442 2901 τι
456 2854 580 2916 σημεῖον.
618 2849 652 2918 τῇ
672 2848 753 2920 τομή]
773 2853 812 2920 τῷ
826 2850 941 2922 σημείῳ.
982 2852 1137 2929 τέσσαρσι]

109 2917 246 2990 τέτρασιν.
283 2915 443 2990 ποιήσοντι]
462 2920 614 2988 ποιοῦσιν).

109 3040 322 3048 —.--...—..

182 3102 224 3152 36.
245 3097 343 3166 q(P²).
424 3097 569 3165 37.q1P².
661 3095 836 3164 38.q(1P²).
928 3102 972 3150 39.
994 3099 1040 3168 ql.

110 3174 153 3222 40.
173 3167 276 3237 q(P²);
296 3168 333 3221 ad
351 3187 377 3238 p.
393 3173 454 3237 348,
475 3173 516 3223 10.

181 3345 287 3434 Δλητής]
306 3351 365 3428 τοζς
383 3344 418 3399 V.
495 3348 520 3398 5.
539 3341 701 3413 ποιήσωμεν
720 3343 753 3397 V.
828 3346 868 3396 13.
888 3342 938 3395 τοῦ
958 3342 989 3413 β’
1010 3351 1068 3404 τοῦ
1090 3352 1133 3423 ς’]

102 3415 267 3488 Ρ1,τονς
300 3435 349 3472 του
371 3414 397 3485 β’
419 3432 446 3484 q.
533 3420 574 3468 17.
594 3414 675 3484 ΠΜ]
697 3417 763 3469 OM
777 3432 803 3482 q.
890 3416 931 3466 18·
951 3416 1016 3487 τηε]
1039 3424 1096 3477 τοῦ
1116 3422 1135 3476 1.

64 3434 110 3574 ι
140 3493 180 3569 Ρ]
205 3491 295 3565 Θηλ.
370 3494 415 3545 19.
433 3485 644 3558 νοεῖνλνοὴλ.
