2332 3818
306 176 489 229 εεεεαοιε
508 174 745 228 εοΗοπιοευιι
763 175 809 229 1v.
1006 170 1069 237 737

44 320 109 391 καὶ
138 316 209 386 ἐπεὶ
237 313 256 385 δ
285 316 338 396 δὶς
359 315 397 383 ἐκ
419 320 487 384 τών
510 318 569 400 αδ,
588 318 631 400 δβ
660 313 741 400 μετὰ
763 318 826 381 τοῦ
848 316 1071 400 συγκειμένου

48 427 89 494 ἐκ
113 427 182 492 τών
206 421 272 491 ἀπὸ
294 427 363 490 τών
386 426 445 507 αδ,
464 426 506 507 δβ
531 430 603 500 ίσος
625 418 697 488 ἐστὶ
719 424 765 510 τῷ
789 419 856 488 ἀπὸ
879 424 941 488 τοῦ
964 426 1023 506 αβ,
1052 447 1071 488 ο

52 530 123 618 ἀρα
146 534 362 615 συγκείμενος
383 526 421 596 ἐκ
442 532 512 597 τών
535 525 601 595 ἀπὸ
619 531 688 595 τών
707 529 762 612 αδ,
777 531 820 611 δβ
839 532 958 612 μείζων
978 525 1070 593 ἐστὶν

56 635 195 723 ἡμίσεος
213 639 274 702 τοῦ
293 633 359 702 ἀπὸ
377 645 438 703 τοῦ
458 639 501 716 αβ
519 637 565 722 τῷ
584 633 636 713 δὶς
654 629 720 699 ἀπὸ
740 635 802 700 τοῦ
821 635 871 718 δγ.
907 637 966 698 καί
978 628 1070 699 ἐστιν

56 740 75 811 δ
100 738 166 809 ἀπὸ
189 750 252 809 τοῦ
276 745 318 826 αβ
346 743 407 807 τοῦ
435 741 499 806 ἀπὸ
527 741 588 805 τοῦ
610 764 654 822 αγ
680 735 930 823 τετραπλάσιος·
963 735 981 805 ὁ
1006 736 1071 824 ἀρα
1107 760 1125 808 σ

58 851 276 933 συγκείμενος
303 842 340 912 ἐκ
362 849 431 912 τών
453 841 519 912 ἀπὸ
544 847 613 911 τών
636 848 694 927 αδ,
715 848 757 929 δβ
786 849 906 931 μείζων
929 842 999 911 ἐστὶ
1023 847 1071 911 δι-

53 957 201 1020 πλασίου
218 953 279 1018 τοῦ
298 947 363 1016 ἀπὸ
381 955 443 1016 τοῦ
462 976 505 1034 αγ
522 952 568 1040 τῷ
589 948 641 1028 δὶς
654 946 721 1016 ἀπὸ
736 953 798 1016 τοῦ
814 955 864 1035 δγ.
897 948 1072 1029 διπλάσιος

32 1057 120 1144 ἀρα
143 1055 214 1124 ἐστὶ
236 1058 305 1123 τών
328 1053 393 1122 ἀπὸ
417 1058 486 1122 τών
509 1082 563 1140 αγ,
577 1059 629 1140 γδ.

124 1160 186 1230 ἐὰν
217 1160 284 1250 ἀρα
316 1159 430 1247 ἄρτιος
462 1159 609 1247 ἀρνθμδς
641 1165 799 1248 διαιρεθῇ
828 1165 920 1247 δίχα,
953 1166 1001 1229 ἔτι
1034 1161 1071 1229 δὲ

54 1271 214 1357 διαιρεθῇ
233 1266 290 1334 καὶ
304 1270 352 1344 είς
365 1261 506 1345 ἀνίσους
524 1263 704 1352 ἀριθμούς,
724 1269 759 1333 οί
774 1263 840 1333 ἀπὸ
860 1270 928 1334 τών
942 1264 1071 1334 ἀνίσων
1091 1287 1124 1335 10

53 1376 216 1463 ἀρνθμών
238 1369 441 1459 τετράγωνοι
466 1370 640 1439 διπλάσιοί
660 1374 725 1437 είσι
748 1374 809 1438 τοῦ
833 1368 898 1438 ἀπὸ
917 1376 978 1439 τοῦ
996 1371 1071 1459 ἡμί-
1152 1458 1157 1466 1

54 1501 132 1558 σεος
144 1478 355 1566 τετραγώνου
373 1476 454 1563 μετὰ
472 1481 534 1545 τοῦ
548 1473 615 1544 ἀπὸ
633 1479 695 1543 τοῦ
711 1476 833 1561 μεταξὺ
846 1478 1071 1565 τετραγώνου·

54 1584 138 1673 ὅπερ
162 1587 230 1652 ἔδει
254 1586 368 1663 δείξαι.
442 1602 448 1610 ·

547 1722 581 1789 ι’.

120 1843 199 1914 Ἐδιν
223 1844 337 1931 ἀρτιος
364 1843 509 1933 ἀριθμὸς
533 1850 689 1933 διαιρεθῇ
719 1850 810 1932 δίχα,
837 1853 1008 1936 προστεθῇ
1033 1850 1073 1916 δέ
1092 1871 1124 1920 15

54 1979 106 2032 τις
132 1948 223 2043 αὐτῷ
257 1954 367 2041 ἕτερος
399 1951 559 2039 ἀριθμός,
593 1950 611 2021 ὁ
640 1949 704 2020 ἀπὸ
734 1955 795 2020 τοῦ
823 1952 905 2021 ὅλου
933 1953 997 2021 σὺν
1025 1959 1070 2046 τῷ

55 2056 286 2148 προσκειμένῳ
318 2057 375 2125 καί
407 2055 425 2125 ὁ
459 2056 523 2126 ἀπὸ
557 2061 619 2125 τοῦ
650 2059 893 2145 προσκειμένου
927 2063 963 2126 οί
993 2080 1071 2128 συν-

58 2162 242 2251 αμφότεροι
260 2161 464 2248 τετράγωνοι
484 2162 659 2232 διπλώσιοί
673 2168 738 2231 εἰσι
755 2168 817 2231 τοῦ
834 2160 901 2231 ἀπὸ
918 2169 979 2232 τοῦ
997 2163 1071 2252 ἡμί-

56 2290 134 2349 σεος
156 2267 369 2356 τετραγώνου
396 2269 451 2335 καὶ
476 2273 538 2337 τοῦ
563 2267 626 2336 ἀπὸ
651 2274 712 2337 τοῦ
737 2271 955 2357 συγκειμένου
979 2277 1013 2338 ἔκ
1036 2299 1071 2340 τε

54 2378 117 2444 τοῦ
143 2370 279 2460 ἡμίσεος
302 2374 357 2441 καί
379 2385 440 2442 τοῦ
464 2377 708 2461 προσκειμένου
726 2374 771 2456 ώς
789 2374 849 2464 ἀφ’
866 2374 943 2457 ἑνὸς
961 2404 1070 2465 τετρα-
1089 2400 1124 2450 20

53 2479 180 2568 γώνου.

132 2588 217 2652 ἔσται
240 2584 306 2674 γὰρ
329 2584 443 2674 ἀρτιος
461 2585 606 2675 ἀριθμὸς
625 2585 643 2654 ὁ
662 2592 705 2672 αβ
727 2587 783 2654 καὶ
802 2588 978 2676 διῇρῇσθοι
998 2596 1073 2679 δίχα

55 2695 105 2771 είς
119 2689 198 2770 τοὺς
212 2718 265 2777 αγ,
274 2697 328 2778 γβ,
343 2692 398 2758 καὶ
412 2698 626 2779 προσκείσθω
641 2690 730 2784 αὐτῷ
744 2692 855 2779 ἕτερός
868 2720 918 2774 τις
928 2693 1073 2783 ἀριθμὸς

54 2795 74 2867 δ
99 2799 152 2882 βδ.
197 2798 299 2883 λέγω,
330 2794 382 2865 ὅτι
405 2801 440 2865 οἱ
466 2795 531 2865 ἀπὸ
555 2801 623 2864 τών
647 2801 705 2883 αδ,
726 2802 768 2883 δβ
795 2798 998 2885 τετράγιουοι
1023 2806 1071 2868 δι-

52 2901 192 2972 πλάσιοί
215 2907 279 2970 είσι
300 2906 369 2970 τών
393 2901 459 2970 ἀπὸ
483 2906 553 2970 τών
576 2929 628 2988 αγ,
643 2907 686 2988 γδ
707 2906 937 2989 τετραγώνων.
1089 2928 1122 2977 25

123 3009 193 3076 ἐπεὶ
217 3007 282 3096 γὰρ
306 3005 454 3096 ἀριθμὸς
477 3006 495 3076 ὁ
521 3012 564 3074 αδ
587 3008 741 3096 διῇρηται
769 3013 816 3089 είς
839 3009 919 3088 τοὺς
942 3014 995 3095 αβ,
1014 3014 1069 3096 βδ,

54 3116 93 3183 οί
112 3110 179 3200 ἀρα
201 3110 267 3181 ἀπὸ
292 3123 358 3181 τών
382 3118 436 3198 αδ,
457 3118 500 3199 δβ
526 3114 725 3199 τετράγωυοι
750 3122 817 3183 ίσοι
842 3114 929 3182 είσὶν
947 3119 992 3205 τῷ
1013 3117 1066 3195 δὶς

54 3221 92 3289 έκ
114 3223 183 3287 τών
206 3223 265 3305 αδ,
286 3222 328 3304 δβ
356 3221 499 3310 ἐπιπέδῳ
528 3218 609 3306 μετὰ
633 3225 695 3288 τοῦ
719 3218 784 3288 ἀπὸ
809 3225 870 3288 τοῦ
894 3227 937 3307 αβ
958 3247 1068 3306 τετρα-

52 3322 181 3412 γώνου.
227 3322 245 3392 ὁ
275 3324 312 3393 δὲ
340 3322 405 3392 ἀπὸ
429 3328 491 3392 τοῦ
514 3331 558 3409 αβ
585 3323 792 3410 τετράγωνος
816 3333 886 3404 ίσος
910 3326 978 3392 ἐστὶ
1000 3326 1067 3393 τέσ-

130 3505 171 3554 11.
190 3497 329 3570 ἡμισείας.
403 3505 444 3555 18.
465 3496 522 3554 ἀπὸ
542 3501 607 3572 τοῦ]
627 3496 694 3556 ἀπό.
1020 3508 1108 3614 Δ

109 3597 258 3648 Eucliden,
275 3599 324 3641 edd.
338 3599 441 3648 Heiberg
454 3602 479 3639 οι
490 3599 581 3649 Μεοςο.
603 3602 632 3641 V.
875 3599 909 3649 47
