2362 3796
108 134 152 199 82
265 134 422 190 §onom
440 135 478 186 IN
496 133 770 186 EIAEMENTORUM
787 132 962 186 LIBRUML
1067 193 1079 213 ‘

108 273 347 364 πρωτουργούς
366 279 485 354 αἰτίας·
508 273 563 340 καὶ
578 271 642 360 γάρ
661 271 746 359 πρὸς
764 271 885 340 ἑαυτὸν
905 271 1124 358 ἐπέστραπται

109 383 233 469 μένων,
257 379 302 460 ὥς
324 401 430 467 φησιν
448 380 606 464 Πλάτων,
630 381 667 447 ἐν
690 383 735 470 τῷ
755 379 878 447 ἑαυτοῦ
896 375 978 450 κατὰ
997 383 1123 465 τρόπον

108 487 198 574 ἤθει,
221 489 277 555 καὶ
296 488 348 554 ἐπὶ
366 485 476 556 πάντα
496 484 649 573 πρόεισιν
671 497 743 565 ταίς
766 487 1019 572 δημιουργικαϊς
1042 507 1125 573 προ-

107 597 225 673 νοίαις.

71 723 88 772 σ
173 699 229 769 καί
255 704 402 768 τοσαῦτα
432 699 492 786 μὲν
520 697 564 767 ἀν
591 726 641 777 τις
668 699 759 784 λέγοι
781 698 936 784 καὶπερὶ
958 702 1017 784 τῆς
1039 700 1126 784 πρὸς

108 804 148 874 τὰ
173 807 346 874 ὄντατῶν
370 808 471 873 είδοόν
495 803 704 892 ὁμοιότητος·
741 801 802 871 τὸν
826 802 863 871 δὲ
887 801 968 891 ὅρον
991 808 1050 890 τῆς
1073 801 1128 870 εὐ·

56 946 59 955 ¹
107 918 204 992 θείας
231 915 353 979 τοῦτον
382 907 597 979 ἀποδέδωκεν
624 908 685 978 τὸν
706 910 833 998 τρόπον
860 910 916 977 καὶ
944 913 1045 995 δηλοῖ
1065 910 1122 977 διὰ

108 1017 240 1086 τούτων
262 1014 301 1084 τὸ
325 1015 433 1102 μόνην
455 1014 517 1101 τὴν
537 1015 676 1084 εὐθεῖαν
695 1023 772 1099 ίσον
790 1017 938 1102 κατέχειν
958 1015 1124 1103 διάστημα

110 1127 155 1214 τῷ
181 1119 302 1208 μεταξύ
324 1126 394 1190 τῶν
418 1119 467 1189 ἐπ’
495 1120 598 1207 αὐτῆς
621 1127 780 1208 σημείων·
818 1119 901 1189 ὅσον
923 1120 987 1208 γὰρ
1010 1118 1123 1208 ἀπέχει

56 1249 91 1299 10
109 1229 257 1314 θάτερον
282 1225 348 1294 ἀπὸ
376 1226 523 1315 θατέρου
552 1241 706 1314 σημεῖον,
738 1230 902 1295 τοσοῦτον
931 1232 997 1313 ἔχει
1021 1224 1122 1312 καὶὴ

69 1320 72 1324 ’
110 1333 233 1421 μεταξὺ
255 1331 385 1400 τούτων
409 1329 527 1400 εὐθεῖα
548 1331 587 1400 τὸ
606 1332 781 1420 διάστημα,
806 1331 886 1421 ὅπερ
906 1329 1047 1401 οὐτ”έπὶ
1064 1335 1123 1417 τῆς

110 1442 311 1527 περιφεροῦς
329 1435 402 1506 οὐτ’
426 1439 478 1506 ἐπὶ
497 1437 600 1524 ἀλλης
621 1443 775 1526 γραμμῆς
794 1445 958 1526 σημαίνει.
994 1437 1048 1506 διὸ
1068 1440 1123 1506 καὶ

109 1550 192 1614 κατὰ
216 1543 336 1629 κοινὴν
360 1548 497 1612 έννοιαν
520 1546 599 1623 τοὺς
621 1543 683 1630 μὲν
702 1542 751 1612 ἐπ’
773 1543 911 1625 εὐθείας
929 1548 1126 1632 βαδίζοντας

110 1652 172 1739 τὴν
195 1649 384 1737 ἀναγκαίαν
407 1649 517 1738 μόνην
539 1659 712 1718 ποιεῖσθαι
734 1656 874 1737 πορείαν
897 1656 1017 1737 φασίν,
1045 1651 1126 1729 τούς

58 1779 91 1830 15
111 1757 148 1826 δὲ
167 1756 211 1845 μὴ
232 1755 282 1825 ἐπ’
300 1755 436 1836 εὐθείας
454 1753 574 1826 οὐκέτι.
604 1754 622 1824 ὁ
646 1758 686 1824 δέ
706 1782 744 1843 γε
762 1755 908 1826 Πλάτων
932 1754 1125 1845 ἀφορίζεται

110 1862 171 1952 τὴν
196 1863 334 1933 εὐθεῖαν
364 1861 535 1951 γραμμήν,
569 1853 611 1948 ἧς
637 1861 677 1930 τδι
707 1863 790 1949 μέσα
817 1876 888 1942 τοῖς
915 1860 1031 1950 ἀκροις
1059 1863 1127 1930 ἐπι-

111 1981 264 2058 προσθεί.
309 1970 365 2038 καὶ
388 1967 453 2055 γὰρ
476 1973 576 2037 τοῦτο
600 1967 640 2036 τά
665 1968 726 2055 μέν
754 1965 804 2036 ἐπ’
830 1967 965 2049 εὐθείας
986 1975 1124 2055 κείμενα

109 2075 250 2162 πάσχειν
274 2074 471 2161 ἀναγκαῖον,
494 2072 534 2141 τά
556 2072 586 2141 δ’
604 2074 657 2142 ἐπὶ
676 2075 790 2162 ἑτέρας
812 2077 953 2142 οίασούν
971 2080 1126 2162 γραμμῆς

112 2179 223 2249 οὐκέτι
246 2179 447 2265 ἀναγκαῖον,
477 2176 561 2247 ὅθεν
584 2180 721 2249 καὶτὸν
744 2178 841 2267 ἥλιον
866 2183 1028 2248 ἐκλείπειν
1050 2180 1126 2250 τότε

58 2309 93 2359 νο
112 2293 232 2372 φασίν,
261 2283 315 2353 ὅτε
344 2286 397 2352 ἐπὶ
420 2295 497 2371 μιᾶς
524 2281 659 2364 εὐθείας
685 2287 820 2372 γένηται
845 2283 945 2367 αὐτός
966 2312 1002 2354 τε
1024 2285 1124 2374 καὶὴ

113 2390 234 2478 σελήνη
262 2390 317 2459 καὶ
345 2388 382 2458 τὸ
410 2388 569 2477 ἡμέτερον
598 2389 697 2478 όμμα.
744 2401 823 2470 ίσως
852 2391 882 2459 δ’
910 2388 953 2460 ἀν
980 2395 1125 2474 ἔνδειξιν

113 2499 212 2583 φέροι
238 2495 276 2565 τὸ
306 2495 416 2576 πόθος
443 2500 541 2565 τοῦτο
568 2501 627 2583 τῆς
654 2496 790 2577 εὐθείας
815 2502 876 2565 τοῦ
904 2499 959 2565 καλ
988 2499 1025 2567 ἕν
1056 2514 1126 2580 τοῖς

113 2595 191 2671 οὐσι
214 2602 296 2671 κατὰ
320 2600 378 2682 τὰς
400 2604 571 2689 προόδους
592 2601 652 2684 τάς
675 2602 739 2673 ἀπὸ
759 2608 828 2673 τῶν
847 2609 965 2673 αἰτιῶν
983 2604 1023 2673 τά
1041 2606 1126 2692 μέσα

113 2708 297 2798 διαιρετικά
322 2714 479 2796 γίνεσθαι
498 2713 555 2795 τῆς
573 2714 641 2779 τῶν
661 2709 774 2798 ἀκρων
792 2709 1015 2790 ὑποστάσεως.
1052 2708 1070 2779 ὁ
1091 2709 1123 2778 δ’

59 2838 93 2887 2⁶
113 2808 158 2884 αὐ
189 2814 387 2904 Ἀρχιμήδης
412 2814 474 2901 τὴν
502 2812 641 2884 εὐθεῖαν
667 2815 823 2904 γραμμὴν
852 2819 1027 2904 ἐλαχίστην
1057 2821 1126 2886 τῶν

112 2923 152 2990 τὰ
173 2920 259 2991 αὐτα
278 2924 403 3011 πέρατα
422 2923 587 3009 ἐχουσῶν·
606 2923 661 2990 καὶ
676 2921 743 3010 μὴν
756 2919 818 2990 καὶ
837 2927 872 2990 οί
889 2922 986 2991 ἀλλοι
1004 2921 1127 3003 πάντες

114 3027 246 3116 ὁρισμολ
267 3033 314 3108 είς
332 3027 390 3108 τὰς
409 3025 512 3107 αὐτάς
531 3030 664 3108 ἐννοίας
684 3031 911 3115 ἐμπίπτουσιν.
948 3033 1126 3117 διαιρεῖται

114 3133 152 3200 δὲ
174 3132 195 3219 ἡ
218 3134 352 3221 γραμμὴ
378 3133 549 3220 διαφόρως
572 3134 633 3220 μέν
655 3132 737 3202 κατὰ
760 3141 905 3222 Γεμῐυον
929 3136 984 3203 καλ
1002 3133 1127 3215 ἀλλους

112 3241 207 3318 τινὰς
229 3243 297 3307 τῶν
323 3241 379 3307 καὶ
406 3243 464 3319 τὰς
491 3243 606 3325 μικτὰς
634 3239 876 3326 λαμβανόντων
902 3244 1056 3328 γραμμὰς
1079 3245 1128 3320 είς

113 3358 326 3366 ——...——..

186 3401 227 3452 11.
251 3391 328 3468 οὐτ’]
352 3393 427 3452 οὐδ’.
510 3405 552 3453 14.
576 3402 725 3471 ποεισοαι,
745 3417 814 3456 corr.
834 3419 870 3456 m.
891 3407 916 3454 ο.
998 3407 1040 3456 16.
1065 3395 1127 3455 ἐπι-

18 3510 20 3513 .
111 3467 260 3537 προσθείη.
