2362 3796
344 171 526 221 APPENDIX
545 151 782 236 εοΗοοτοωοΜ
795 172 818 223 1.
1027 165 1093 232 693

75 313 115 380 τὸ
143 310 183 379 θ’
200 295 272 378 ’τοῦ
301 310 335 375 α’
362 313 431 377 τῶν
454 313 642 377 Θεοδοσίου
671 312 873 396 σφαιρικῶν·
910 305 969 376 ἐὰν
1003 297 1024 394 ᾖ
1057 309 1094 374 έν

77 422 205 507 σφαίρᾳ
227 414 364 500 κύκλος,
393 412 459 482 άπὸ
489 416 529 483 δέ
553 440 645 494 τινος
672 419 741 483 τῶν
767 414 883 482 πόλων
911 410 1017 481 αὐτοῦ
1041 409 1091 479 ἐπ’

77 521 181 591 αὐτὸν
212 524 356 601 κάθετος
388 518 496 609 ἄχθη,
529 521 582 588 ἐπὶ
615 518 652 589 τὸ
685 523 826 604 κέντρον
858 532 1005 588 πεσεῖται
1033 521 1094 586 τοῦ

77 631 211 697 κύκλου.
256 626 317 696 ἐὰν
340 626 382 714 δὴ
407 626 473 696 άπὸ
496 636 558 694 τοῦ
581 634 621 694 Ν
644 626 697 695 ἐπὶ
720 630 758 695 τὸ
785 640 941 714 σημείου,
968 621 1047 692 καθ’
1075 619 1094 691 ὃ

79 735 261 822 συμβάλλει
283 731 304 820 ἡ
327 732 393 803 άπὸ
416 738 478 803 τοῦ
498 741 525 800 Ζ
548 733 703 819 κάθετος,
727 735 876 801 τουτέστι
895 730 933 800 τὸ
952 731 1093 816 κέντρον
1130 755 1147 805 5

80 844 141 907 τοῦ
163 840 238 924 περὶ
261 839 299 909 τὸ
323 847 495 908 ΑΒΓΔΕ
520 838 738 925 πεντάγωνον
761 838 911 926 κύκλου,
931 835 1022 925 ἄχθη
1045 864 1094 916 τις

79 945 212 1032 εὐθεῖα,
241 944 353 1031 ὀρθάν
380 952 509 1033 γωνίαν
538 945 670 1032 ποιησει
698 944 778 1034 μετδι
803 949 861 1024 τίς
885 943 952 1012 άπὸ
978 950 1005 1009 Ζ
1031 946 1094 1011 τοῦ

77 1052 186 1121 πόλου
217 1057 278 1121 τοῦ
311 1053 386 1138 περὶ
422 1051 459 1121 τὸ
493 1055 685 1139 ε’κκείμενον
717 1050 935 1137 πεντάγωνον
967 1049 1094 1117 κύκλου

78 1269 140 1333 τοῦ
168 1264 216 1332 ια’
240 1268 308 1332 τάν
336 1268 518 1350 στοιχείων.
563 1263 624 1332 ἐὰν
653 1263 695 1350 δὴ
726 1263 790 1332 άπὸ
814 1267 876 1331 τοῦ
900 1269 929 1329 Θ
953 1267 1094 1348 σημείου
1112 1284 1148 1335 10

78 1371 292 1460 παράλληλον
325 1369 428 1458 ταύτη
460 1375 500 1458 τῇ
533 1367 599 1438 άπὸ
631 1374 692 1438 τοῦ
720 1378 760 1438 Ν
787 1367 930 1457 άχθείση
964 1367 1094 1457 εὐθείᾳ,

79 1484 294 1565 συμβαλεῖται
312 1488 352 1567 τῇ
372 1475 437 1546 άπδ
452 1480 515 1545 τοῦ
529 1485 556 1544 Ζ
570 1479 715 1569 καθέτῳ·
738 1474 837 1562 ἡγὰρ
853 1472 937 1561 αὐτὴ
951 1472 1094 1554 κάθετος

78 1597 224 1653 πεσεῖται
250 1585 307 1653 καί
336 1584 388 1652 ἐπὶ
416 1581 454 1652 τὸ
482 1585 624 1669 κέντρον
650 1588 712 1650 τοῦ
740 1583 816 1670 περὶ
843 1581 881 1650 τὸ
905 1585 1101 1648 ΗΘΚΛΜ

78 1691 296 1777 πεντάγωνον
315 1689 454 1757 κύκλου·
478 1690 515 1755 έν
537 1694 664 1778 σφαίρᾳ
686 1688 751 1774 γάρ
775 1687 987 1773 παράλληλοί
1007 1690 1094 1753 είσιν

78 1799 114 1864 οί
138 1795 266 1863 κύκλοι.
313 1794 370 1862 καὶ
398 1793 468 1862 ἐπεὶ
496 1797 543 1871 είς
571 1792 634 1861 δύο
663 1792 800 1872 εὐθείας
827 1795 890 1878 τήν
912 1818 947 1860 τε
971 1789 1035 1859 άπὸ
1059 1798 1098 1858 Ν
1113 1814 1147 1865 15

77 1902 133 1969 καί
156 1899 218 1987 την
242 1899 307 1968 άπὸ
327 1908 356 1968 Θ
374 1896 494 1968 εὐθεῖα
518 1901 673 1967 ἐνέπεσεν
692 1899 713 1985 ἡ
734 1894 799 1965 άπὸ
820 1908 880 1965 τοῦ
895 1905 923 1965 Ζ
941 1897 1094 1981 κάθετος,

78 2006 156 2094 μεθ’
184 2007 339 2093 ἑκατέρας
367 2003 479 2073 αὐτων
507 2002 617 2093 ὀρθὴν
644 2003 776 2090 ποιησει
808 2008 951 2089 γωνίαν,
983 2004 1039 2070 καί
1071 2002 1092 2089 ἡ

78 2112 171 2192 ἐκτὸς
188 2117 228 2200 τῇ
249 2110 343 2190 ἐντὸς
360 2113 417 2179 καὶ
436 2109 640 2178 ἀπεναντίον
659 2118 726 2196 ἴση,
750 2111 922 2178 τουτέστιν
941 2107 961 2195 ἡ
980 2106 1046 2176 ὐπὸ
1065 2116 1094 2176 Θ

78 2218 159 2304 μετὰ
182 2222 239 2303 τῆς
263 2215 329 2286 άπὸ
355 2225 382 2284 Ζ
409 2218 558 2284 καθέτου
584 2220 625 2304 τῇ
648 2213 713 2284 άπὸ
736 2223 772 2284 Ν
799 2213 879 2303 μετά
905 2225 965 2300 τῆς
993 2213 1094 2301 αὐτῆς

77 2324 224 2390 καθέτου
243 2332 298 2408 ἴση
319 2327 419 2389 ἔσται.
455 2322 556 2390 πάλιν
580 2321 640 2390 ἐὰν
664 2320 729 2391 άπὸ
752 2327 815 2390 τού
833 2330 878 2391 Μ
896 2322 949 2391 ἐπὶ
971 2319 1009 2389 τὸ
1034 2340 1091 2405 ση-
1111 2346 1146 2396 20

79 2445 185 2518 μεῖον,
210 2429 289 2496 καθ’
312 2424 330 2496 ὃ
355 2427 536 2515 συμβάλλει
559 2425 580 2514 ἡ
603 2426 668 2498 άπὸ
693 2436 722 2496 Θ
743 2434 783 2517 τῇ
806 2426 872 2496 άπὸ
898 2436 925 2496 Ζ
947 2427 1090 2519 καθέτῳ,

78 2534 168 2625 ἀχθῇ
192 2533 321 2621 εὐθεῖα,
345 2530 457 2622 ὀρθὴν
480 2533 610 2621 ποιησει
634 2534 713 2622 μετὰ
737 2537 795 2621 τῆς
813 2533 915 2621 αὐτῆς
932 2537 1091 2618 καθέτου,

78 2644 133 2711 καὶ
166 2641 222 2711 διά
253 2640 291 2711 τὸ
326 2641 373 2709 ιδ’
406 2645 466 2708 τοῦ
500 2639 534 2707 α’
565 2643 636 2709 τῶν
669 2647 843 2727 στοιχείων
876 2637 925 2709 ἐπ’
956 2639 1092 2718 εὐθείας

78 2755 212 2817 ἔσονται
234 2745 255 2833 ἡ
277 2744 343 2816 άπὸ
368 2754 397 2814 Θ
422 2752 462 2834 τῇ
487 2743 553 2814 άπὸ
577 2753 627 2816 Μ.
673 2752 732 2833 μία
762 2745 829 2834 άρα
858 2744 975 2814 εὐθεῖα
999 2750 1090 2813 ἔσται

78 2853 99 2941 ἡ
123 2862 204 2923 ΘΜ.
245 2851 302 2920 διὰ
327 2852 365 2921 δὲ
386 2852 424 2920 τὸ
450 2852 483 2920 α’
508 2856 569 2920 τοῦ
593 2851 640 2918 ια’
664 2863 734 2920 τῶν
758 2858 932 2938 στοιχείων
956 2850 1091 2930 εὐθείας
1109 2875 1144 2926 25

78 2964 231 3047 γραμμῆς
262 2959 362 3046 μέρος
389 2959 450 3045 μέν
476 2982 509 3023 τι
535 2954 598 3024 οὐκ
626 2963 717 3025 ἔστιν
745 2959 782 3025 έν
808 2960 853 3048 τῷ
882 2956 1090 3048 ὑποκειμένῳ

78 3068 239 3156 ἐπιπέδῳ,
282 3066 381 3152 μέρος
419 3065 459 3132 δέ
492 3089 524 3130 τι
561 3064 598 3131 έν
636 3064 880 3154 μετεωροτέρῳ·
928 3064 1091 3131 δέδεικται

79 3171 157 3260 άρα,
181 3169 234 3240 ὅτι
255 3171 311 3239 καὶ
336 3173 373 3239 έν
392 3170 443 3238 ἑνὶ
463 3170 605 3256 ἐπιπέδῳ
625 3169 692 3237 ἐστὶ
712 3166 750 3237 τὸ
765 3174 958 3236 ΗΘΚΛΜ
975 3168 1091 3236 πεντά-

76 3303 200 3366 γωνον.

150 3517 175 3567 7.
195 3505 322 3580 ποιήσει]
341 3484 380 3564 -ει
401 3524 416 3564 ο
436 3523 509 3564 corr.
527 3504 563 3565 V.
639 3512 688 3564 m.
703 3506 783 3563 Ἒοει
800 3499 844 3572 δὴ
860 3501 923 3556 οδ.
939 3494 1057 3552 καλῆ-
