2362 3796
126 129 191 193 142
278 129 434 182 SOHOLIA
452 131 491 182 IN
509 130 785 183 ELEMENTORUM
801 129 942 181 LIBRUM
954 130 977 183 1.

125 373 196 444 εἶτα
218 380 421 463 προστίθησι
444 373 482 444 τὸ
506 375 551 462 μή
571 376 623 443 ἐπὶ
642 374 682 442 τά
702 374 788 444 αὐτὰ
805 376 900 462 μέρη,
924 371 1144 461 ἀποφατικῶς

126 483 242 560 διδοὺς
272 479 354 569 ἡμῖν
388 482 533 567 ἐννοεῖν,
567 480 617 550 ὅτι
651 479 704 568 ἐφ’
731 479 874 565 ἑκάτερα
906 481 1050 567 ληπτέον
1081 479 1143 561 τάς

124 591 242 675 ίφεξής
255 592 295 677 τῇ
313 588 419 655 θέσει·
444 579 542 656 ιιύιαι
561 586 626 675 γάρ
646 586 851 674 δυνήσονται
868 587 926 655 καὶ
943 584 1003 665 τὰς
1022 588 1144 674 ἐφεξῆς

91 700 250 781 σγωνίας
278 695 340 763 δύο
369 692 490 779 ὀρθαῖς
517 702 591 774 ίσας
617 706 728 762 ποιεῖν
754 694 809 760 καὶ
839 690 889 761 ἐπ’
920 689 1057 774 εὐθείας
1085 692 1142 762 ιἰλ-

123 798 240 887 λήλιιις
259 805 465 869 δείκνυσθαι.
503 805 534 868 εί
550 802 616 886 γάρ
634 801 686 869 ίτιὶ
704 799 744 867 τὰ
764 797 849 867 αὐτὰ
863 800 950 888 μέρη
960 804 1143 885 πείσονται,

123 904 160 973 τὸ
176 904 228 973 ἐπ’
246 904 380 985 εὐθείας
395 906 456 974 οὐκ
470 910 619 992 ἔχουσιν,
635 909 666 972 εί
682 906 738 972 καὶ
757 903 821 973 δύο
839 907 1001 973 ποιοῦσιν
1018 902 1143 992 ὀρθαῖς

125 1018 207 1091 ίσας.
253 1016 400 1080 τοσαῦτα
423 1012 498 1097 περὶ
522 1015 580 1096 τῆς
603 1010 806 1098 προτάσεως·
844 1012 881 1078 ἐν
910 1010 947 1077 δὲ
974 1014 1014 1099 τῇ
1042 1037 1141 1079 κατα-

124 1121 225 1205 σκευή
259 1121 375 1204 χρῆται
408 1117 459 1184 ἑνὶ
492 1116 646 1204 αίτήματι
677 1120 723 1208 τῷ
764 1118 908 1208 δευτέρῳ
945 1121 990 1208 τῷ
1027 1121 1142 1185 πᾶσαν

72 1246 105 1294 10
124 1221 262 1290 εὐθεῖαν
275 1225 528 1310 πεπερασμένην
541 1221 591 1292 ἐπ’
604 1222 739 1304 εὐθείας
754 1223 927 1310 ἐκβάλλειν
941 1224 1140 1313 αίτουρίνφ,

123 1327 280 1412 καθάπερ
298 1331 336 1395 ἐν
353 1333 392 1415 τῇ
413 1327 580 1411 ἀποδείξει
602 1335 664 1399 τοῦ
683 1329 747 1419 πρὸ
768 1329 896 1399 τούτου
910 1328 1137 1417 θεωρήματος,

123 1434 180 1500 καὶ
213 1434 312 1501 δυσὶν
345 1431 508 1522 ἀξιώμασι
538 1441 584 1527 τῷ
613 1436 646 1522 β’
671 1435 731 1506 ἐάν
759 1446 848 1516 ίσοες
873 1446 930 1504 ίσα
957 1438 1140 1524 προστεθῇ,

124 1541 164 1606 τδι
183 1539 244 1608 ὀλα
263 1542 353 1609 ἐστὶν
369 1551 436 1628 ίσα,
454 1543 509 1609 καί
525 1547 570 1634 τῷ
585 1544 620 1630 γ’
634 1540 694 1611 ἐάν
708 1541 772 1611 ἀπὸ
788 1548 872 1611 ίσων
887 1550 942 1609 ίσα
957 1538 1142 1629 ἀφαιρεθῇ,

124 1643 164 1712 τά
189 1646 290 1714 λοιπά
314 1651 403 1716 ἐστιν
428 1656 498 1734 ίσα,
528 1646 612 1735 πρὸς
635 1647 672 1716 δὲ
695 1647 757 1734 τήν
781 1652 842 1716 τοῦ
865 1645 1039 1715 ἀδυνάτου
1062 1665 1144 1716 συν·

74 1773 107 1822 15
126 1751 263 1838 αγωγήν
286 1765 332 1845 τῷ
356 1753 409 1841 θ’,
432 1753 484 1823 ὀιι
506 1752 544 1823 τό
569 1752 651 1823 ὅλον
673 1759 735 1822 τού
758 1757 881 1841 μέρους
903 1752 1015 1840 μεῖζόν
1035 1753 1140 1821 ἐστιν·

123 1848 168 1943 ἦν
181 1859 218 1926 δὲ
231 1860 287 1926 καὶ
302 1868 392 1928 ίσον·
417 1858 499 1948 ὅπερ
512 1857 693 1928 ἀδύνατον.
727 1863 780 1927 δεῖ
796 1865 914 1928 τοίνυν
928 1856 983 1946 ἐφ’
1000 1856 1141 1946 ἑκάτερα

122 1967 181 2049 τής
207 1963 345 2044 εὐθείας
368 1963 502 2032 νεῖσθαι
533 1967 616 2052 μέρη
645 1968 703 2044 τὰς
730 1964 892 2045 ποιούσας
920 1961 1005 2052 πρός
1032 1961 1142 2051 αὐτὴν

123 2065 257 2149 εὐθείας
276 2071 375 2137 δυσὶν
395 2069 517 2156 ὀρθαῖς
535 2079 612 2151 ίσοις
627 2076 753 2156 γωνίας
770 2068 831 2157 ἀφ’
849 2069 924 2152 ἑνός
942 2070 1142 2157 ὡρμημένας

124 2172 265 2260 σημείου
280 2174 448 2262 δηλονότι,
473 2179 661 2264 φερομένας
679 2177 717 2245 δὲ
734 2176 797 2263 τήν
816 2176 879 2263 μέν
899 2177 952 2246 ἐπὶ
967 2175 1060 2262 τάδε,
1079 2174 1142 2262 τήν

75 2304 109 2352 20
128 2280 165 2347 δὲ
189 2278 239 2347 ἐπ’
266 2282 375 2347 ἐνεῖνα
398 2286 457 2368 τῆς
480 2280 615 2361 εὐθείας
636 2281 677 2350 τά
700 2285 792 2370 μέρη.

190 2389 241 2453 60.
296 2390 402 2453 Τοῦτο
438 2386 476 2455 τὸ
514 2389 675 2475 θεώρημα
710 2393 772 2456 τοῦ
808 2391 873 2474 πρὸ
910 2385 1016 2457 αὐτοῦ
1052 2385 1139 2457 ἀπο·

124 2495 317 2578 δειχθέντος
349 2493 439 2560 ἐστίν
471 2494 725 2582 ἀντιστρόφιον·
777 2497 888 2563 έιιεται
919 2494 984 2582 γάρ
1013 2491 1066 2561 ἀεὶ
1098 2491 1141 2562 τδι

123 2593 342 2684 άντιστρόφια
363 2613 435 2679 τοῖς
456 2602 724 2688 προηγουμένοις
740 2603 966 2688 θεωρήμασιν.
1005 2602 1140 2669 ἐκείνου

121 2709 241 2773 τοίνυν
259 2704 486 2791 συστήσαντος
504 2704 644 2775 εὐθεῖαν
663 2706 711 2775 ἐπ’
731 2704 869 2786 εὐθείας
884 2707 940 2774 καὶ
957 2707 1142 2788 δείξαντος,

69 2832 102 2882 25
123 2808 174 2878 ὅτι
196 2815 254 2891 τάς
277 2814 393 2898 ἐφεξῆς
415 2807 437 2898 ή
461 2812 524 2880 δύο
549 2811 656 2899 ὀρθάς
678 2808 805 2898 ποιεῖή
826 2814 888 2880 δύο
914 2809 1036 2898 ὀρθαῖς
1055 2819 1142 2898 ίσας,

122 2922 222 2986 τοῦτο
255 2915 420 3004 λαμβάνει
452 2916 536 3006 πρὸς
565 2914 703 2987 εὐθεῖάν
731 2944 807 2986 τινα
836 2917 899 2986 δύο
927 2919 1142 3005 γιγνομένας,

124 3026 272 3092 δείκνυσι
302 3025 353 3108 δέ,
390 3020 440 3090 ὀτι
468 3030 527 3110 μία
556 3025 646 3092 ἐστὶν
675 3020 793 3092 εὐθεῖα
819 3022 840 3109 ή
864 3027 970 3091 ταῦτα
992 3028 1142 3092 ποιοῦσα

123 3127 206 3216 πρὸς
228 3134 267 3217 τῇ
292 3131 449 3218 εἰρημένη
469 3127 594 3220 εὐθείᾳ.
640 3128 678 3198 τὸ
702 3135 821 3198 τοίνυν
844 3131 882 3198 ἐν
904 3132 1019 3220 ἐκείνῳ
1045 3134 1141 3199 δεδο-

198 3311 240 3358 60.
259 3304 289 3359 Ρ.

124 3415 337 3422 ——---——--

198 3471 222 3518 5.
242 3459 356 3532 ὀρθαῖς]
376 3482 404 3533 q,
423 3459 514 3533 ὀρθάς
531 3465 581 3519 Vf.
