2362 3796
212 150 369 203 scnom
385 151 425 202 m
442 149 717 203 ELEMENTORUM
735 150 875 202 LanM
888 149 963 202 xm.
1024 147 1090 212 663

72 291 141 364 ὑπὸ
171 296 279 359 ΑΒΓ.
330 287 414 358 ὥστε
446 290 502 356 καὶ
534 286 555 375 ἡ
588 287 655 357 οιτὸ
683 296 785 356 ΒΑΕ
815 293 872 376 τῆς
900 286 966 357 ὑπὸ
991 294 1095 355 ΑΒΓ

73 402 195 484 μείζων
223 398 322 464 ἐστίν.
357 392 453 465 ,ἀλλὰ
486 399 545 482 τῆς
573 393 638 463 ὑπὸ
667 402 770 462 ΒΑΕ
798 400 919 481 μείζων
950 395 1040 462 ἐστὶν
1067 422 1088 480 η

74 501 141 570 ὑπὸ
165 508 282 570 ΒΑΓ·
320 504 432 591 πολλῷ
456 498 565 588 ἄραὴ
594 499 662 569 ὑπὸ
686 506 791 569 ΒΑΓ
816 504 875 587 τῆς
901 497 967 568 ὑπὸ
990 505 1095 568 ΑΒΓ

74 613 206 695 μείζων.
253 604 337 675 ἀλλὰ
361 608 417 674 καὶ
441 614 511 692 ἴση·
544 606 745 695 ἰσόπλευρον
767 606 831 694 γὰρ
855 604 1028 674 ὑπόκειται
1051 606 1089 674 τὸ

75 721 178 781 ΑΒΓ
205 718 380 801 τρίγωνον.
430 709 493 780 οὐκ
521 710 586 799 ἄρα
616 713 697 782 οὐδὲ
724 712 817 794 ἐκτὸς
847 724 993 781 πεσεῖται
1025 716 1088 780 τοῦ
1125 737 1143 786 5

75 826 179 888 ΑΒΓ
197 819 366 908 τριγώνου
388 820 426 888 τὸ
448 819 590 907 κέντρον
612 824 674 888 τοῦ
697 819 832 889 κύκλου.
878 822 1016 907 ἐδείχθη
1041 819 1089 905 δέ,

73 924 127 995 ὅτι
157 923 237 994 οὐδὲ
264 927 317 994 ἐπὶ
349 929 426 1013 μιᾶς
456 928 525 995 των
554 930 717 1014 πλευρῶν.
768 925 864 1005 ἐντὸς
891 923 970 1012 ἄρα·
1008 925 1090 1012 ὅπερ

74 1037 144 1100 ἔδει
168 1034 282 1113 δείξαι.
562 1098 564 1102 Α

142 1141 195 1205 44.
232 1137 404 1226 Δεύτερον
427 1139 549 1225 λῆμμα.

143 1248 225 1310 ἔστω
247 1248 415 1330 τρίγωνον
442 1241 480 1312 τό
505 1249 611 1312 ΑΒΓ
637 1244 692 1312 καὶ
716 1243 858 1323 κάθετος
886 1241 907 1330 ἡ
932 1251 1004 1312 ΑΛ
1035 1244 1088 1313 ἐπὶ
1109 1268 1143 1319 10

73 1348 136 1435 τὴν
155 1355 220 1417 ΒΓ
239 1349 295 1417 καὶ
318 1356 401 1419 ἔστω
425 1349 463 1418 τὸ
486 1347 553 1418 ὑπὸ
576 1354 645 1419 των
664 1358 742 1437 BA,
763 1356 836 1418 AF
853 1358 930 1419 ίοον
951 1353 998 1443 τῷ
1022 1348 1087 1418 ἀπὸ

72 1464 133 1541 τῆς
155 1463 234 1523 AA.
279 1458 380 1543 λέγω,
406 1454 457 1525 ὅτι
481 1454 571 1545 ὀρθή
595 1459 685 1526 ἐστιν
708 1456 730 1544 ἡ
753 1455 820 1526 ὑιιὸ
844 1462 951 1525 ΒΑΓ
972 1461 1089 1543 γωνία.

74 1561 144 1628 ἐπεὶ
171 1559 235 1650 γὰρ
262 1587 300 1630 το
328 1560 393 1630 ὑιτο
422 1565 491 1630 τῶν
514 1569 596 1649 BA,
620 1569 690 1631 AF
717 1562 955 1651 περιεχόμενον
983 1562 1089 1651 ὀρθο-

73 1664 201 1750 γοίνιον
226 1676 301 1735 ίσον
326 1665 395 1735 ἐστὶ
416 1671 463 1756 τῷ
486 1663 550 1735 ἀπὸ
573 1672 632 1754 τῆς
650 1676 722 1736 ΔΑ
743 1668 970 1782 τετραγώνῳ,
974 1669 1083 1737 καὶ
1049 1696 1087 1739 το

494 1795 530 1852 A
673 1757 769 1837 ὃὶς”
748 1785 813 1845 αροι
835 1756 901 1826 ὑπὸ
924 1784 993 1827 των
1007 1766 1087 1845 BA
1108 1799 1142 1848 15

674 1870 744 1932 AF
768 1872 843 1930 ίσον
872 1863 941 1931 ἐστὶ
965 1869 1011 1953 τῷ
1035 1865 1089 1943 δὶς

673 1966 739 2037 ἆιιὸ
769 1972 828 2056 τῆς
859 1977 938 2037 ΔΑ.
988 1970 1087 2037 κοινὰ

673 2074 930 2161 προσκείσθω
893 2101 934 2143 τα
944 2100 1010 2145 ωπο
1020 2103 1089 2144 των

85 2174 115 2228 Γ
518 2168 547 2218 A
603 2173 632 2228 B
672 2189 755 2297 BA,
784 2187 854 2249 AF
882 2181 1090 2269 τετράγωνοι·

72 2301 112 2370 τὰ
147 2301 212 2390 ἄρα
244 2300 308 2370 ἀπὸ
341 2306 409 2370 τῶν
433 2309 516 2390 BA,
539 2310 612 2372 AF
639 2330 719 2392 μετα
750 2309 813 2375 τοῦ
845 2302 939 2385 δὶς
924 2304 989 2374 νοιὸ
1018 2311 1087 2375 τῶν
1105 2329 1141 2379 20

72 2415 151 2494 BA,
174 2413 256 2494 AF,
284 2409 435 2478 τουτέστι
458 2408 495 2478 τὸ
521 2407 586 2480 ἆιιὸ
610 2415 669 2498 τῆς
691 2418 768 2499 ΒΓ,
792 2420 868 2480 ἴσον
892 2412 961 2480 ἐστὶ
983 2417 1029 2504 τῷ
1051 2439 1088 2483 τε

72 2515 126 2593 δὶς
149 2512 214 2582 ἀπὸ
237 2519 296 2601 τῆς
318 2523 389 2583 AA
412 2514 583 2602 μετὰτῶν
606 2514 672 2586 ἆιιὸ
693 2522 765 2587 τῶν
784 2524 862 2604 ΒΑ,
883 2524 957 2588 AF.
1003 2517 1087 2588 ἀλλὰ

72 2619 114 2688 τὰ
138 2620 198 2706 μὲν
222 2618 288 2689 ἀπὸ
313 2624 382 2689 τῶν
405 2630 486 2707 AA,
511 2629 578 2689 AB
602 2630 659 2689 ἴσοι
682 2622 751 2692 ἐστὶ
773 2626 818 2713 τῷ
843 2620 908 2689 ἀπὸ
933 2626 991 2709 τῆς
1009 2631 1086 2712 ΑΒ,

72 2725 113 2794 τὰ
139 2726 176 2793 δὲ
204 2725 269 2795 ἀπὸ
292 2730 362 2794 τῶν
385 2734 472 2813 AA,
496 2731 569 2794 AF
596 2734 652 2794 ίσα
679 2732 725 2819 τῷ
754 2726 819 2795 ἀπὸ
848 2730 907 2812 τῆς
930 2735 1012 2795 ΑΓ·
1048 2729 1087 2797 τὸ

144 2909 187 2957 44.
208 2901 284 2957 PV0·
278 2903 350 2974 ;fig.
370 2921 423 2960 om.
443 2903 619 2972 P(pertinot
637 2903 673 2957 ad
691 2919 770 2973 prop.
789 2901 898 2972 XIIIp.
914 2909 975 2972 292,
995 2908 1086 2975 8-9).

145 3071 169 3116 4.
167 3062 310 3150 4243va
323 3061 425 3131 μείζων
441 3059 516 3117 ἐστίν
534 3063 568 3118 V.
624 3068 648 3118 5.
668 3063 811 3130 τρίγωνον.
832 3055 970 3132 οοιιᾶρα]
986 3079 1040 3118 om.
1050 3062 1085 3120 V.

110 3127 175 3188 οὐδ’
192 3130 272 3194 ἐντὸς
291 3131 400 3200 ocqoeV
455 3138 555 3189 τοῦ-
522 3140 594 3189 -.8
613 3132 718 3258 Aeaea.)
738 3149 792 3186 om.
807 3130 841 3187 V.
902 3138 927 3188 9.
945 3133 1085 3223 λῆμμαβ’

71 3199 145 3272 ὅπερ
163 3204 213 3258 καὶ
231 3203 313 3258 τοῦτο
332 3202 474 3259 λείοιειῖ.
565 3210 608 3259 11.
626 3204 679 3292 τῷ]
717 3200 864 3258 στιτόὶί.
953 3209 994 3259 12.
1012 3203 1085 3259 ίέω

74 3282 169 3330 -.14
189 3271 367 3359 τετραγωνω]
388 3291 442 3328 om.
462 3275 494 3330 V.
559 3281 601 3330 15.
620 3259 689 3362 ἄρα]
708 3289 762 3328 om.
782 3272 815 3327 V.
871 3279 914 3328 16.
933 3275 984 3344 τῶ]
987 3226 1086 3331 AV.

111 3352 152 3401 17.
171 3340 300 3413 κοινήΡ.
357 3351 397 3401 18.
417 3343 648 3432 προσκείσθω]”
629 3364 686 3413 αρν
703 3345 815 3428 (comp.)
830 3329 986 3402 κείσθωῬ
1043 3353 1085 3402 19.

72 3415 249 3504 τετράγωνοι]
269 3431 323 3470 om.
338 3414 371 3471 V.
444 3421 488 3471 22.
507 3411 627 3470 ἅίλά-
642 3421 684 3470 24.
699 3415 749 3500 τῆς
766 3413 837 3503 AF]
856 3402 1018 3477 τούτοιρᾶἒ
1037 3418 1090 3469 ίοοι

71 3483 108 3543 τὰ
126 3485 183 3543 ατιὸ
201 3488 258 3542 τῶν
279 3490 337 3554 BA,
356 3491 420 3541 ΑΓ
441 3483 528 3556 ὀρθαὶ
549 3483 604 3557 γὰρ
624 3483 656 3542 αῖ
672 3505 747 3555 προς
763 3505 799 3539 το
822 3483 906 3538 AV
