2362 3796
84 153 151 218 504
242 152 398 205 SCHOLIA
416 152 455 202 IN
473 151 745 204 ELEMENTORUM
762 150 902 202 LIBRUM
914 149 949 203 X.

83 293 121 362 τὸ
151 291 217 362 ὑπὸ
245 297 313 360 τῶν
342 290 405 360 δύο
435 293 546 378 μέσων
573 294 619 381 τῷ
647 288 712 359 άπὸ
740 294 799 377 τῆς
820 289 924 360 τοῦξ
951 293 1104 376 πλευράς

84 401 261 490 γινομένῳ.
313 397 351 467 τό
381 398 419 466 δέ
445 397 510 467 άπὸ
537 407 596 483 τῆς
623 401 767 484 πλευρᾶς
794 400 856 463 τοῦ
884 401 903 466 ξ
935 394 1103 482 μονάδων

86 507 177 575 ἐστὶν
200 510 232 576 ξ·
270 507 325 572 καὶ
353 502 391 571 τὸ
414 500 480 571 ὑπὸ
503 507 571 570 τῶν
600 501 663 570 δύο
687 503 799 589 μέσων
824 498 889 588 ἄρα
911 501 1103 588 γινόμενον

84 610 246 699 μονάδων
269 611 338 679 ἐστὶ
361 616 389 681 ξ.

51 741 67 789 5
155 720 227 785 194.
266 718 387 797 Δείξας
409 711 522 794 ἁπλῶς
544 716 581 782 έν
604 718 650 805 τῶ
669 715 719 782 κε’
738 714 931 801 θεωρήματι
948 713 987 783 τὸ
1008 736 1105 802 περι-

85 823 247 912 εχόμενον
271 819 336 890 ὑπὸ
361 820 424 889 δύο
447 819 593 889 εὐθειῶν
612 820 754 907 δυνάμει
772 821 880 908 μόνον
899 821 1106 908 συμμέτρων

86 926 300 1014 ὀρθογώνιον
320 923 340 1013 ἢ
361 926 465 1015 ῥητὸν
483 923 504 1013 ἢ
524 928 638 1013 μέσον,
662 937 728 995 νῦν
747 933 964 1014 προστίθεται
980 931 1103 1013 εἰπεῖν,

85 1035 165 1103 πότε
188 1033 291 1122 ῥητὸν
313 1036 368 1102 καὶ
391 1034 471 1102 πότε
493 1034 606 1120 μέσον.

155 1145 228 1210 195.
260 1139 377 1226 Ῥητὸν
400 1139 466 1228 άρα
488 1139 543 1207 ιιαὶ
566 1138 603 1207 τὸ
627 1136 693 1208 ὑπὸ
716 1143 783 1209 τῶν
806 1145 845 1224 Γ,
864 1150 897 1208 Δ
919 1166 951 1228 p.
969 1144 1024 1227 78,
1042 1144 1097 1223 10]

36 1270 69 1319 ιο
89 1249 158 1315 ἐπεὶ
186 1245 249 1333 γὰρ
279 1254 355 1314 ἴσον
384 1245 453 1314 ἐστὶ
480 1248 525 1336 τῶ
549 1243 614 1314 άπὸ
637 1249 697 1331 τῆς
719 1254 763 1330 Β,
791 1244 984 1334 σύμμετρόν
1008 1249 1097 1315 ἐστιν

87 1352 191 1443 αὐτῷ·
216 1349 319 1440 ῥητὸν
343 1351 380 1419 δὲ
398 1349 436 1419 τὸ
457 1347 521 1419 άπὸ
540 1355 598 1437 τῆς
612 1358 652 1437 Β,
674 1352 729 1419 ιιαὶ
747 1353 788 1420 τά
802 1355 972 1440 σύμμετρα
990 1351 1105 1442 τούτῳ

86 1458 218 1538 πάντως
242 1456 336 1544 ῥητά,
359 1455 405 1536 ῶς
428 1454 445 1524 ὁ
471 1457 551 1542 ὅρος
574 1457 699 1543 φησίν(

322 1653 380 1718 Ad
403 1653 541 1718 lemma
563 1677 595 1738 p.
618 1654 683 1720 386
707 1652 805 1742 (app.
828 1653 872 1740 9).

158 1777 230 1842 196.
246 1771 509 1859 Ἀναγεγράφθω
523 1772 587 1860 γὰρ
601 1770 667 1841 ὑπὸ
677 1777 746 1842 τῶν
756 1779 828 1858 ΔΓ,
839 1780 903 1841 ΓΕ
914 1801 945 1862 p.
955 1777 1032 1861 386,
1042 1777 1105 1867 20]

37 1904 69 1952 15
88 1876 154 1947 ὑπὸ
177 1883 244 1948 τῶι·
264 1885 338 1964 ΓΔ,
357 1884 421 1946 ΓΕ
442 1875 505 1947 οὐκ
528 1876 696 1965 ἀριθμῶν,
720 1876 804 1947 ἀλλὰ
827 1884 980 1966 μεγεθῶν
999 1878 1106 1960 τόσας

89 1983 262 2072 σπιθαμὰς
284 1981 304 2069 ἢ
328 1983 443 2071 πήχεις
465 1980 485 2069 ἢ
510 1982 594 2052 ἄλλα
612 1982 687 2052 τινὰ
707 1995 776 2052 τῶν
794 1986 923 2072 μέτρων
942 1985 1106 2073 ἑχόντων,

89 2089 166 2158 ὅσαι
199 2093 236 2157 αί
266 2090 412 2175 μονάδες
443 2094 511 2158 τῶν
542 2096 626 2175 ΓΔ,
653 2095 720 2157 ΓΕ
749 2087 916 2177 άριθμῶν.
974 2097 1005 2158 εί
1035 2091 1105 2179 γὰρ

90 2202 223 2263 ἔσονται
243 2198 278 2262 οί
289 2202 365 2280 ΔΓ,
380 2202 445 2263 ΓΕ
465 2195 607 2282 άριθμοδ
629 2197 684 2262 καὶ
704 2194 745 2263 οὐ
764 2197 900 2282 μεγέθη,
923 2207 993 2277 πῶς
1011 2221 1105 2282 περι-

89 2304 223 2381 έξουσιν
252 2298 466 2385 ὀρθογῶνιον
496 2307 633 2388 χωρίον,
670 2313 740 2380 πῶς
768 2301 805 2369 δὲ
834 2307 925 2369 ἔσται
953 2302 1107 2371 δυνατὸν

36 2430 71 2479 20
90 2408 264 2491 γενέσθαι,
298 2403 342 2484 ῶς
369 2405 518 2492 ἀριθμὸν
546 2405 630 2493 πρὸς
657 2405 823 2494 ἀριθμόν,
855 2407 995 2475 εὐθεῖαν
1017 2407 1108 2496 πρὸς

90 2511 242 2597 εὐθεῖαν,
267 2513 301 2578 ἐκ
324 2516 385 2579 τοῦ
408 2518 611 2600 πορίσματος
633 2517 694 2581 τοῦ
718 2516 755 2582 έν
777 2517 823 2604 τῷ
846 2515 988 2615 ῐὲκτου.

417 2710 474 2774 Ad
496 2732 600 2795 prop.
622 2709 773 2775 XXVIII.

161 2835 233 2899 197.
274 2837 356 2918 Τρία
379 2835 483 2898 ταῦτα
505 2837 700 2918 προτίθεται
720 2836 864 2917 ζητῆσαι,
889 2830 940 2900 ὅτι
959 2829 1108 2917 δυνάμει
1174 2825 1177 2832 ’

91 2938 199 3023 μόνον
233 2938 455 3024 συμμέτρους,
489 2934 540 3004 ὅτι
567 2938 670 3022 μέσον
697 2938 930 3023 περιεχούσας,
962 2937 1018 3003 καὶ
1051 2935 1109 3007 ὅτι

38 3065 72 3114 25
92 3047 200 3128 μέσας.
252 3040 303 3110 ὅτι
331 3041 392 3129 μὲν
426 3033 488 3108 οὖν
521 3043 637 3128 μέσας,
670 3046 820 3110 δείκνυσι
851 3041 1110 3125 κατασκευάζων

91 3148 152 3232 τὴν
177 3157 209 3215 Δ
242 3148 347 3233 μέσην
378 3148 434 3214 καὶ
466 3148 568 3235 ταύτῃ
603 3146 793 3236 σύμμετρον
820 3150 882 3234 τὴν
904 3156 943 3216 Ε.
990 3149 1042 3218 ὅτι
1069 3152 1110 3220 δὲ

165 3329 223 3377 194.
243 3342 264 3376 r.
339 3329 398 3377 195.
419 3339 445 3389 q.
520 3330 578 3379 τεο.
599 3323 644 3379 V1.
721 3318 902 3395 ιοιξΒριη).

63 3418 67 3425 ’
89 3428 302 3440 u—-ss

155 3491 177 3542 2.
201 3485 234 3559 ξ]
253 3504 275 3552 r,
298 3502 352 3542 om.
374 3482 409 3540 V.
485 3488 510 3540 θ.
529 3478 587 3554 ἄρα
606 3481 696 3554 μέσων
714 3501 739 3537 t.
809 3489 854 3538 IQ.
869 3483 924 3554 τεῇ
937 3482 969 3536 τί
989 3502 1016 3551 q.
