2362 3796
221 146 379 200 scflom
396 147 435 198 IN
452 145 728 197 ELEMENTORUM
745 146 884 198 LIBRUM
898 147 958 200 VH.
1032 143 1099 208 365

85 293 230 372 ἔχουσαι.
263 284 323 354 τὸν
343 286 381 353 δὲ
394 284 632 373 περισσάρτιον
650 297 723 364 ταῖς
736 284 839 352 πλέον
852 285 1099 371 γουιμωτέραις,

86 392 130 480 μὴ
155 394 270 478 μέντοι
294 391 347 460 ἐπὶ
369 390 456 459 πολὺ
479 388 542 477 τὴν
564 390 714 478 πρόοδον
743 391 910 477 ἐχούσαις,
938 389 1022 458 ἀλλὰ
1047 388 1096 459 ἐπ’

88 508 162 585 ίσης
188 499 228 567 τό
255 522 290 565 τε
319 494 518 585 ἀρρενωπὸν
551 497 606 563 καὶ
637 495 675 564 τὸ
709 499 801 582 θῆλυ
833 497 1017 579 σωζούσαις
1044 498 1099 564 καὶ

86 603 209 692 μεταξὺ
236 603 354 682 οόσαις
379 607 447 671 τῶν
475 630 511 670 τε
538 605 745 690 ἀρρενωπῶν
771 607 922 672 θεαινῶν
949 604 1005 671 καὶ
1032 614 1100 671 τοῖν

85 710 357 795 τεθηλυσμόνωυ,
375 710 452 775 οἵαν
466 706 551 776 θεὸν
566 709 688 793 ἐτίμων
704 704 879 793 Ἀθηναῖοι
893 706 955 794 τὴν
971 707 1100 794 Ἀνησι-
1138 731 1153 779 5

88 815 214 901 δάραν·
237 813 449 901 θηλνπρεπὲς
467 813 529 900 μὲν
548 812 613 899 γάρ
637 815 674 881 τὸ
700 811 781 881 ὅλου
805 812 946 900 ἀγαλμα,
969 816 1100 900 γένειον

86 921 127 989 δὲ
145 925 389 1009 προσετίθεσαν
407 919 632 1006 αἰνιττόμενοι
651 919 688 987 τό
707 946 743 986 τε
756 922 848 1006 θῆλυ
866 921 973 987 καὶτὸ
989 918 1101 1009 άρρεν.

88 1030 189 1096 πάλιν
208 1027 270 1095 τὸν
288 1024 440 1111 ἀρτιάκις
459 1024 577 1113 άρτιον
595 1039 667 1106 ταῖς
686 1023 743 1093 διά
761 1023 886 1106 παντὸς
904 1024 1102 1114 προιοόσαις

89 1142 203 1218 θεαῖς,
232 1127 307 1201 οἷον
329 1145 401 1212 ταῖς
424 1131 603 1218 ζωογόνοις
626 1130 783 1221 Δήμητρι
805 1132 862 1199 καὶ
879 1128 966 1222 Ῥέα·
1004 1123 1102 1199 αὗται

88 1241 141 1308 ἐπὶ
164 1238 251 1308 πολὺ
272 1243 432 1328 προίασιν
449 1239 512 1305 καὶ
535 1239 589 1306 ἐπὶ
611 1238 728 1308 πάντα.
1123 1260 1155 1308 10

155 1350 332 1431 διαιρεῖται
355 1343 396 1411 τὰ
420 1341 625 1432 ἀριθμητικὰ
649 1353 696 1424 είς
717 1370 752 1412 τε
775 1346 928 1433 πρώτους
949 1345 1006 1412 καὶ
1025 1363 1101 1412 σνν-

88 1452 211 1531 θότους
237 1450 358 1526 καὶτὸ
383 1449 417 1536 β’
442 1454 489 1530 είς
511 1449 590 1530 τοὺς
613 1450 837 1530 ἑπιδεκτικοθς
859 1451 915 1518 καὶ
937 1449 975 1518 τὸ
997 1449 1032 1536 μ’
1058 1454 1104 1530 εἰς

88 1555 169 1636 τοὺς
195 1556 365 1644 στερεοός,
398 1548 440 1624 οὗ
467 1554 504 1624 τὸ
533 1563 723 1626 τελευταῖον
750 1555 912 1646 θεώρημα
940 1557 1033 1642 λήγει
1057 1559 1103 1634 είς

90 1663 218 1729 τέλειον
243 1661 401 1747 ἀριθμόν.

159 1770 188 1835 8.
223 1765 385 1851 Ἀρτιάκις
411 1767 526 1853 ἄρτιος
553 1767 699 1857 ἀριθμός
726 1770 817 1837 ἐστιν
846 1767 864 1836 ὁ
892 1766 959 1837 ὑπὸ
986 1769 1103 1853 ἀρτίου
1124 1789 1156 1837 15

90 1869 243 1958 ἀριθμοῦ
262 1871 485 1959 μετρούμενος
499 1872 582 1941 κατά
601 1872 718 1961 ἄρτιον
737 1871 899 1960 ἀριθμόν·
924 1873 983 1941 ἐὰν
997 1873 1103 1962 τούτῳ

90 1981 136 2070 τῷ
171 1976 238 2070 ὅρῳ
271 1982 477 2066 προσθῶμεν
502 1978 541 2048 τὸ
569 1977 681 2066 μόνως
712 1977 779 2048 ὑπὸ
807 1978 926 2067 ἀρτίου
953 1977 1105 2066 ἀριθμοῦ

91 2094 286 2171 μετρεῖσθαι
313 2083 396 2153 κατὰ
419 2083 536 2174 άρτιον
564 2084 730 2174 ἀρνθμόν,
757 2089 921 2171 ποιοῦμεν
948 2083 1008 2153 τὸν
1036 2088 1105 2152 τῶν

91 2195 342 2277 Πυθαγορείων
364 2188 515 2279 ἀρτιάκις
537 2190 655 2280 άρτιον
677 2190 737 2260 τὸν
761 2189 838 2280 άχρι
861 2190 1009 2277 μονάδος
1028 2193 1105 2276 δίχα

94 2294 345 2422 διαιρούμενον,
368 2289 443 2365 οἷον
463 2295 521 2383 δῇ
544 2294 610 2366 ὑπὸ
629 2295 747 2386 ἀρτίου
766 2290 916 2382 ἀριθμοῦ
939 2309 1105 2384 μετρεῖται
1124 2318 1159 2368 20

92 2398 174 2466 κατά
194 2398 313 2487 όίρτιον
327 2399 449 2487 μόνως,
469 2428 487 2470 ο
474 2402 542 2471 δὲ
556 2410 591 2488 ιβ
609 2401 691 2470 κατὰ
705 2406 805 2470 τοῦτο
820 2399 969 2486 ἀρτιάκις
983 2400 1106 2489 ἄρτιος,

92 2502 181 2572 καθὸ
205 2519 370 2594 μετρεῖται
393 2534 454 2593 μεν
473 2505 565 2576 καῖ’
547 2507 613 2576 υπὸ
633 2506 753 2596 ἀρτίου
771 2505 843 2576 κατ’
860 2507 990 2596 ἀρτιου·
1015 2510 1103 2588 δὶς
1087 2528 1106 2580 ς

93 2610 171 2698 γάρ·
204 2611 289 2679 ἀλλά
308 2610 400 2680 καῖ’
382 2613 448 2682 υπὸ
468 2618 624 2702 περιττοῦ
642 2612 724 2681 κατά
745 2612 874 2741 ἀρτιου·
902 2615 973 2702 τρὶς
991 2607 1105 2703 γάρδ.

93 2714 243 2801 ἀρτιάκις
271 2716 308 2784 δὲ
335 2719 494 2804 περισσὸν
521 2721 609 2806 λέγει
632 2719 691 2788 τὸν
715 2718 780 2788 ὑπὸ
804 2718 923 2807 ἀρτίου
945 2719 1027 2787 κατά
1052 2743 1106 2787 πε-

166 2882 190 2930 ε
209 2875 354 2931 Ρεννιι.
370 2877 436 2948 (ομ
440 2879 478 2946 n.)

166 3022 190 3071 ἰ’
201 3012 434 3102 ἕνιττόμενοιΡ.
515 3022 556 3072 16.
576 3014 755 3087 ἀρτιάκις-
777 3024 818 3074 16.
837 2997 1054 3142 ἀρνθμόνὲουι.
1074 3017 1130 3073 Ρ.

132 3093 173 3142 16.
193 3081 327 3155 άρτιάκης
344 3085 418 3157 λίνω,
437 3089 487 3143 sed
505 3105 574 3143 corr
638 3094 679 3144 16.
698 3088 784 3160 κατά]
803 3108 876 3143 κατα
897 3107 946 3142 τον
993 3093 1005 3142 ῖ
1062 3092 1106 3145 18
1162 3137 1172 3149 .

93 3153 163 3300 τόν]1
177 3174 231 3212 om.
250 3157 291 3211 F?
373 3162 415 3214 19.
439 3160 632 3230 Πυθαγορίων
651 3157 770 3214 PBVat.
856 3154 919 3231 τόν]
938 3157 1019 3226 τοδ,
1038 3156 1107 3213 Vnt.

130 3247 239 3318 λλιβ]
258 3242 435 3332 δεκαδόοΒ,
462 3249 491 3302 et
509 3247 639 3303 similiter
657 3247 779 3335 saepius.
849 3245 946 3319 τοῦτο]
964 3244 1107 3307 τοδτονδ

95 3319 124 3372 σῖ
143 3290 211 3371 οόιι.
232 3333 265 3370 ex
283 3313 332 3370 τόν
351 3289 435 3375 Vat.
485 3314 621 3387 ἀρτιάκης
639 3317 704 3374 Vat.
759 3313 858 3385 ἄρτιον
876 3315 951 3387 vat..
971 3316 1020 3373 sed
1033 3332 1136 3385 eom-‘⁴

131 3392 174 3443 22.
193 3386 283 3458 καθό]
303 3389 357 3456 Bq,
377 3405 431 3443 om
450 3388 567 3444 PFVat.
652 3388 835 3466 μετρῆταιΡ
921 3406 995 3444 κατα
986 3356 1136 3581 ῬῨΊ

130 3473 232 3546 ξῖᾶρ]
251 3473 305 3545 κᾶν
324 3480 342 3533 ξ
360 3477 432 3549 tfiq
505 3482 548 3533 23.
567 3477 690 3549 τρείςΡ
759 3468 832 3548 m
852 3471 1088 3547 όιρτωῖἵεὶε.
